2542 3909
156 198 220 262 372
487 209 546 245 (tm
562 209 665 245 rursm.
683 190 732 243 IV.
752 195 793 243 73.
869 208 874 217 ’

154 355 283 430 peculiari
304 354 443 411 'cuiusuis
462 354 545 426 pretii
552 344 562 385 ¹
584 366 674 407 merce
689 351 791 407 sciente
808 355 886 423 patre
907 347 1053 404 dominoue
1074 364 1123 404 ne-

156 440 294 514 potietur;
324 454 385 493 nem
407 439 430 492 si
458 436 523 509 quid
546 439 608 493 eius
630 439 675 491 rei
702 436 790 508 gratia
811 449 873 489 cum
896 448 928 489 eo
952 440 1123 489 contractum

88 523 147 574 215.
158 524 251 596 tuerit,
266 526 303 579 ite
316 520 568 597 praeterissent,
585 528 615 575 ut
626 519 757 593 quidquid
768 521 796 574 in
808 519 853 575 tiis
863 516 997 573 mercibus
1010 511 1015 594 Ι
1028 510 1042 549 ²
1057 520 1122 588 erit,

96 592 142 630 ι’·
157 610 289 683 quodque
304 609 371 664 inde
387 613 535 679 receptum
551 605 617 676 erit,
629 606 660 660 id
669 608 746 660 inter
758 596 1122 678 (patrem)dominum(ue),

157 698 183 751 si
201 695 271 767 quid
281 696 309 749 ei
318 691 476 761 debebitur,
494 697 520 747 et
538 697 652 746 ceteros
663 690 824 745 creditores
836 705 894 760 pro
910 694 977 743 roto
990 690 1125 759 portione

156 780 365 841 distribuatur3
381 780 492 849 etquis
507 778 565 847 ipsi
579 766 691 852 (patri)
705 765 883 850 domino(ue)
900 774 1125 829 distributionem

156 866 312 937 permittit,
328 864 433 933 siquis
449 876 488 917 ee·
503 859 696 916 creditoribus
711 864 870 929 queretur,
891 860 977 929 quasi
992 859 1085 913 minus
1100 860 1127 913 ei

158 948 294 1005 tributum
308 950 359 1019 sit,
382 963 468 1017 quom
484 947 656 1017 oportuerit,
671 944 750 1000 itone
765 946 793 999 ei
806 945 949 999 actionem
964 942 1121 998 adcommo·

157 1034 217 1103 dot,
239 1046 314 1106 quoe
335 1031 489 1088 tributorio
505 1031 683 1100 appelletur.
721 1023 766 1085 73.
781 1028 945 1083 Praetereo
959 1027 1125 1083 introductu

159 1124 201 1174 est
222 1120 298 1174 octio
319 1118 354 1172 de
371 1116 486 1187 peculio
507 1115 598 1187 deque
615 1129 663 1182 eo,
686 1114 765 1185 quod
777 1116 807 1168 in
822 1128 883 1169 rem
898 1104 1023 1191 (petris)
1039 1112 1124 1167 domi-

158 1193 253 1279 ni(ue)
276 1216 393 1257 uersum
409 1202 479 1271 erit,
501 1205 533 1256 ut
548 1201 681 1271 quemuis
696 1201 758 1254 sine
772 1200 922 1255 uoluntate
938 1190 1061 1268 (patris)
1077 1197 1127 1252 do·

158 1278 289 1363 mini(ue)
305 1288 447 1359 nepotium
461 1290 571 1357 pestum
587 1287 652 1353 erit,
674 1290 770 1339 tomen
785 1286 848 1338 siue
862 1282 931 1354 quid
944 1281 973 1337 in
988 1297 1050 1337 rem
1065 1283 1127 1337 eius

158 1386 275 1428 uersum
288 1369 392 1443 fuerit,
407 1370 438 1425 id
453 1374 539 1425 totum
549 1375 712 1439 proestare
727 1367 841 1438 debeat,
857 1369 920 1422 siue
934 1368 1005 1438 quid
1019 1383 1077 1422 non
1091 1368 1128 1421 sit

158 1459 188 1511 in
204 1470 263 1512 rem
280 1458 342 1511 eius
356 1469 483 1523 uersum,
498 1454 530 1510 td
543 1458 665 1509 eotenus
677 1457 835 1524 proestare
851 1450 960 1523 debent,
983 1456 1127 1524 quotenus

157 1542 303 1612 peculium
325 1541 455 1609 potitur:
484 1532 525 1611 [in
548 1552 610 1593 rem
633 1544 729 1594 eutem
750 1538 856 1593 domini
876 1550 994 1592 uersum
1015 1536 1126 1591 intelte-

157 1626 246 1698 pitur‚
267 1624 405 1696 quidquid
424 1624 590 1679 necessario
612 1625 642 1677 in
663 1637 725 1678 rem
746 1623 809 1677 eius
827 1619 992 1691 inpenderit
1011 1634 1193 1690 seruus‚1eeol
1259 1617 1260 1696 i

159 1710 251 1765 ueluti
265 1710 291 1764 si
305 1713 452 1763 mutuatus
464 1709 620 1778 pecuniam
636 1706 829 1763 creditoribus
844 1708 906 1761 eius
924 1706 1052 1768 soluerit,
1076 1711 1127 1760 out
1259 1709 1260 1734 ¹

161 1793 296 1865 aedificia
317 1795 432 1848 ruentia
451 1791 580 1863 fulserit,
602 1797 653 1847 out
671 1790 805 1863 familiae
822 1789 1001 1862 frumentum
1016 1792 1126 1857 emerit,

161 1880 208 1933 uel
229 1880 313 1933 etiarn
330 1876 456 1949 fundum
478 1882 528 1931 out
549 1876 705 1948 quemlibet
731 1876 818 1931 otium
844 1889 905 1929 rem
929 1878 1128 1930 necessariam

161 1967 308 2018 mercatus
323 1964 378 2017 erit
386 1950 404 2040 :]
427 1965 525 2033 itaque
545 1963 571 2015 si
586 1974 625 2017 en
640 1960 739 2015 decem
753 1965 859 2029 utputo
874 1961 1031 2030 sestertiis,
1052 1972 1127 2031 quoe

161 2062 265 2103 seruus
285 2052 353 2102 tuus
372 2062 390 2101 o
415 2033 486 2101 Titio
508 2052 607 2101 mutuo
627 2047 758 2115 accepit,
781 2044 918 2099 creditori
939 2050 987 2099 tuo
1002 2047 1127 2116 quinque

160 2133 294 2187 sestertio
309 2132 439 2200 soluerit,
455 2131 568 2202 reliquo
584 2144 656 2185 uero
678 2132 803 2201 quinque
824 2128 949 2198 quotibet
963 2129 1044 2184 modo
1060 2144 1128 2183 con·

161 2219 331 2288 sumpserit,
351 2232 408 2287 pro
423 2217 549 2287 quinque
564 2214 676 2286 peridem
697 2213 862 2269 insolidum
880 2213 1019 2268 damnari
1034 2212 1128 2281 debes,

158 2317 214 2372 pro
232 2303 339 2356 ceteris
355 2313 427 2354 uero
443 2302 568 2371 quinque
586 2304 722 2363 eotenus,
745 2304 890 2369 quotenus
904 2300 934 2352 in
944 2300 1063 2367 peculio
1078 2300 1129 2353 sit:

234 2411 254 2478 ¹)
268 2403 351 2479 (jopitis
366 2413 416 2478 (oet
431 2412 454 2478 e)
475 2408 527 2472 W,
542 2414 589 2463 sed
603 2420 630 2461 ut
644 2414 721 2462 etiam
735 2414 770 2475 pti
785 2414 889 2462 litterae
900 2412 960 2475 sere
970 2420 1058 2463 certae
1067 2414 1128 2462 sint.

103 2549 106 2553 Ι
166 2486 269 2535 Vitiosa
282 2499 345 2533 sone
359 2485 507 2548 scripturn,
522 2484 569 2533 sed
583 2484 656 2542 inde,
672 2490 788 2548 utputo,
806 2490 897 2542 ennio,
912 2484 982 2547 qnod
994 2485 1023 2532 in
1036 2484 1128 2535 orode·

161 2562 223 2621 typo
242 2555 311 2619 quod
329 2562 399 2613 erat,
420 2555 466 2617 cui'
485 2563 501 2603 u
520 2562 652 2618 occeptum
666 2562 705 2604 est
723 2555 802 2618 quiet
820 2562 934 2605 notatum
945 2546 976 2619 (ᾗ,
990 2554 1129 2605 obeunteu

162 2628 190 2676 in
209 2640 231 2675 o.
264 2625 351 2675 Bere
370 2626 437 2675 idem
458 2624 538 2675 Gaius
556 2626 598 2675 Itis
616 2625 704 2675 verbis
720 2626 797 2683 dicit,
818 2626 887 2689 quod
904 2624 960 2688 Uip.
980 2626 1012 2674 L.
1029 2638 1049 2675 1.
1070 2628 1093 2687 ξ.
1108 2638 1128 2676 1.

162 2698 194 2748 D.
208 2696 241 2745 de
254 2695 343 2745 tribui.
358 2702 408 2746 oct.
425 2695 471 2763 (14,
483 2694 517 2761 4),
532 2698 626 2746 mercis
640 2698 851 2761 appellationem,
869 2698 931 2745 ticet
943 2698 1082 2761 enpustior
1094 2698 1129 2746 sit

161 2765 291 2833 (pertinet
307 2769 374 2816 enirn
389 2769 501 2832 proprie
515 2768 607 2818 adres
627 2784 692 2832 quoe
707 2771 826 2834 μερικῶς
839 2768 946 2817 minutis
959 2768 1055 2831 pretiis
1069 2782 1128 2816 oen-

161 2839 273 2897 duntur,
291 2839 359 2887 unde
378 2840 455 2888 etiarn
474 2840 545 2889 dicto
564 2837 624 2904 est),
644 2840 672 2888 in
690 2840 741 2889 troc
763 2846 847 2888 tomen
866 2840 969 2888 actione
990 2838 1026 2887 ed
1043 2852 1129 2888 omnes

162 2910 239 2960 etiem
253 2910 361 2961 rnoioris
371 2911 456 2974 pretii
464 2926 508 2960 res
522 2912 592 2960 uelut
600 2925 697 2968 seruos,
711 2917 794 2975 topos,
809 2911 837 2958 in
847 2908 939 2974 quibus
949 2911 1007 2973 quis
1017 2911 1129 2975 nepotis·

162 2987 215 3039 tur,
225 2981 414 3047 porripendorn
430 2996 492 3031 esse.
514 2981 630 3031 &terum
640 2982 730 3030 vitium
739 2983 791 3030 iam
800 2982 827 3030 in
842 2980 977 3044 Theophili
985 2982 1131 3045 exemplari

162 3053 280 3102 extitisse
293 3052 408 3111 uidetur,
428 3053 495 3102 unde
511 3050 576 3102 Izoee
590 3051 669 3101 uerba
684 3054 711 3101 in
725 3051 839 3102 Institut.
854 3053 946 3103 omisit.
1021 3047 1042 3117 ἵ)
1061 3051 1131 3113 Quae

162 3130 313 3187 sequnntur,
328 3139 384 3173 curn
398 3125 426 3173 in
443 3123 468 3173 0.
476 3139 502 3187 p.
512 3134 552 3175 215
557 3138 643 3187 poene
653 3124 720 3172 nitu
729 3124 781 3188 tepi
787 3124 913 3187 potuerit,
926 3120 959 3171 ob
968 3123 1027 3171 edd.
1035 3125 1131 3186 paucis

163 3196 311 3244 necessario
326 3195 425 3244 additis
439 3197 478 3244 uel
487 3196 592 3244 mutetis
606 3209 642 3244 eo:
655 3193 719 3243 Inst.
733 3196 852 3258 suppletu
866 3194 969 3243 omnino
983 3201 1052 3253 sunt,
1066 3196 1131 3245 sotis

163 3271 227 3325 tuto,
242 3272 269 3314 ut
284 3267 386 3315 litterae
402 3266 526 3329 quaedam
541 3281 557 3314 a
572 3264 642 3315 sedo
662 3267 744 3315 lectae
758 3266 919 3328 confirment.
944 3264 1040 3315 Verum
1055 3266 1131 3315 etiam

164 3335 267 3385 brevius
281 3337 406 3400 quaedam
418 3335 509 3385 Guium
519 3337 680 3399 expressisse
690 3337 771 3399 spatii
779 3337 849 3386 rotio
861 3336 944 3385 docet.
963 3335 1056 3401 Itaque
1066 3351 1132 3401 quoe

165 3407 192 3455 in
207 3404 292 3455 Instit.
308 3407 399 3455 addito
414 3420 468 3455 esse
482 3406 611 3463 uidentur,
627 3403 660 3474 []
677 3408 781 3456 inclusi.
807 3406 921 3457 Possunt
930 3414 1014 3457 tomen
1028 3415 1054 3457 et
1067 3408 1131 3457 naec

168 3476 230 3525 Gaii
244 3491 298 3526 esse
313 3484 338 3525 et
352 3476 459 3525 librarii
473 3479 549 3540 euhoe
564 3478 666 3527 omissa.

236 3577 260 3648 ἓ.
276 3585 317 3633 ts.
334 3604 367 3623 =
382 3584 405 3645 ἓ.
420 3594 440 3633 4.
461 3582 483 3632 I.
499 3581 532 3632 t'b.
554 3581 593 3645 Of.
609 3583 686 3633 Paul.
701 3595 722 3647 2,
736 3595 758 3635 9.
