2542 3909
169 209 232 274 288
469 222 530 259 esu
546 223 645 258 merra.
664 204 712 258 III.
733 210 839 259 ll—lh.

171 372 222 442 qui
240 369 325 424 etiam
345 368 555 438 consanpuinei
574 375 718 437 uocantur,
740 381 792 422 nec
814 365 980 438 requiritur,
1003 381 1036 420 an
1059 367 1139 422 etiam

171 461 283 508 matrem
299 451 411 507 eandem
424 449 581 514 habuerint;
598 451 663 505 item
676 458 789 524 patruus
806 449 897 505 fratris
909 446 966 506 lilio
979 459 1006 506 et
1022 451 1141 508 inuicem

171 538 194 592 is
209 535 248 591 illi
264 542 378 610 agnatus
395 542 452 591 est:
468 535 564 592 eodem
580 550 694 590 numero
710 541 776 591 sunt
796 534 893 590 iratres
915 534 1053 608 patrueles
1068 537 1141 592 inter

172 636 216 692 se,
238 618 265 675 id
288 627 331 677 est
353 621 399 693 qui
422 637 454 677 er
477 618 584 675 duehus
606 617 735 675 iratribus
764 620 938 693 progenerati
961 625 1039 691 sunt,
1070 635 1141 694 ques

171 704 296 777 plerique
318 706 397 760 etiam
413 703 593 761 consobrinos
608 709 721 778 uocant3
747 719 799 778 qua
820 705 924 760 ratione
939 703 1044 762 scilieet
1058 705 1141 762 etiam

172 789 205 845 ad
227 789 320 862 plures
343 789 442 863 gradum
465 789 619 863 agnationis
642 791 788 862 peruenire
809 789 970 862 poterimus.
1013 786 1056 847 11.
1080 789 1141 846 Nou

173 883 262 930 tamen
285 873 410 930 omnihus
433 873 512 930 simul
540 875 647 948 agnatis
675 873 719 928 dat
748 873 791 929 len
812 887 859 930 xm
886 871 1036 930 tabularum
1062 873 1141 930 here·

172 959 294 1030 ditatem,
309 959 358 1014 sed
373 959 426 1029 his,
444 958 490 1033 qui
507 967 574 1028 tum,
590 974 651 1014 cum
668 966 772 1013 certum
788 965 831 1014 est
846 955 963 1032 aliquem
977 960 1139 1015 intestatum

172 1044 336 1116 decessisse,
364 1045 489 1117 proximo
521 1042 608 1117 gradu
630 1051 703 1098 suut.
747 1038 792 1099 12.
816 1041 871 1098 Nec
892 1044 920 1098 iu
943 1059 976 1098 ec
998 1045 1057 1099 iure
1079 1059 1141 1100 sue·

171 1130 260 1185 cessio
276 1137 331 1184 est:
354 1129 472 1202 ideoque
486 1129 511 1183 sl
526 1134 641 1200 agnatus
656 1128 795 1199 proximus
810 1127 989 1183 hereditatem
1009 1129 1141 1199 omiserit,

172 1212 217 1269 uel
240 1220 383 1287 antequam
406 1212 518 1284 adierit,
540 1211 701 1282 decesserit,
727 1210 905 1286 sequentihus
928 1212 996 1268 nihil
1018 1214 1083 1269 iuris
1109 1228 1141 1268 en

172 1297 235 1371 lege
249 1299 389 1372 competit.
424 1293 470 1354 1³.
488 1296 551 1352 ldec
566 1305 656 1352 autem
671 1313 726 1353 nen
743 1297 838 1352 mertis
859 1305 981 1371 tempere
997 1299 1058 1372 quis
1068 1315 1140 1372 pre·

173 1387 266 1439 ximus
279 1381 399 1455 (su)erit,
414 1381 589 1455 requirimus,
605 1381 652 1437 sed
665 1397 697 1437 eo
710 1389 844 1455 tempere,
861 1398 915 1454 que
928 1389 1033 1439 certum
1048 1382 1142 1454 luerit,

174 1466 289 1540 aliquem
301 1469 460 1524 intestatum
472 1466 634 1537 decessisse,
647 1468 708 1540 quia
717 1468 739 1521 si
751 1467 812 1538 quis
824 1473 993 1524 testamento
1002 1467 1085 1540 facte
1095 1467 1142 1522 de-

174 1553 297 1621 cesserit,
310 1551 405 1607 melius
416 1552 572 1607 essenisum
582 1558 634 1620 est,
647 1549 695 1607 ’ex
705 1552 748 1620 iis,
761 1543 1026 1630 (quiltunc(sunt)¹,
1039 1553 1141 1624 requiri

173 1637 340 1709 proximum,
363 1653 424 1692 curn
440 1645 550 1709 certum
563 1651 623 1691 esse
646 1637 778 1710 coeperit,
802 1637 936 1692 neminem
958 1653 990 1692 er
1008 1651 1040 1691 eo
1057 1643 1141 1691 testa·

176 1728 268 1776 mente
285 1720 344 1776 lere
359 1721 496 1777 heredem.
526 1716 572 1777 14.
596 1719 674 1788 Quod
696 1720 728 1775 ad
748 1720 860 1776 seminas
882 1728 969 1776 tamen
989 1721 1098 1792 attinet,
1113 1720 1142 1776 in

100 1801 158 1851 129·
177 1805 229 1861 hec
252 1807 310 1861 iure
333 1805 409 1862 aliud
428 1807 456 1860 in
479 1799 484 1881 l
507 1806 626 1878 ipserum
652 1804 847 1861 hereditatibus
870 1804 1008 1879 capiendis
1031 1805 1143 1878 placuit,

176 1889 252 1946 aliud
271 1889 308 1946 ’in
324 1881 499 1946 ceterorum²
521 1889 554 1945 ah
571 1891 611 1944 his
626 1889 778 1963 capiendis:
801 1907 862 1946 nam
886 1889 1044 1947 seminarum
1059 1891 1142 1948 dere·

174 1976 273 2031 ditates
294 1975 406 2049 perinde
426 1976 462 2032 ad
480 1991 531 2030 nos
553 1975 706 2049 agnationis
726 1975 785 2030 iure
806 1976 922 2031 redeunt
937 1983 1019 2050 atque
1039 1992 1143 2032 mascu-

173 2059 277 2131 lerum,
301 2071 415 2116 nostrae
431 2076 499 2116 uere
514 2059 680 2116 hereditates
702 2059 733 2115 ad
755 2059 867 2116 leminas
887 2059 959 2116 ultra
980 2061 1143 2135 consangui-

174 2159 288 2219 neorum
310 2145 423 2219 gradum
445 2161 501 2201 non
525 2145 676 2218 pertinent:
700 2145 792 2218 itaque
815 2161 896 2201 soror
918 2144 996 2200 iratri
1018 2147 1143 2201 sororiue

174 2229 294 2304 legitima
316 2230 395 2285 heres
415 2237 472 2300 est,
495 2231 576 2285 amita
596 2245 663 2285 uere
685 2235 713 2284 et
733 2228 824 2285 fratris
845 2227 899 2284 lilia
919 2228 1042 2303 legitima
1063 2229 1142 2285 heres

175 2330 235 2370 esse
257 2310 330 2388 (nou
348 2321 461 2385 potest·
482 2317 593 2372 sororis
609 2322 705 2372 autem
719 2315 801 2372 nobis
814 2316 878 2371 loce
894 2313 946 2386 est)
962 2315 1042 2370 etiam
1058 2322 1144 2370 mater

175 2407 222 2455 aut
236 2415 372 2470 nouerca,
396 2415 465 2472 quae
486 2414 537 2474 per
555 2402 583 2455 in
601 2416 708 2456 manum
726 2400 935 2456 conuentionem
951 2401 1026 2473 apud
1038 2406 1142 2473 patrem

175 2490 301 2538 nostrum
315 2484 374 2540 iura
389 2482 459 2540 liliae
473 2476 652 2542 ὀοηεεοιιῑα3
667 2493 718 2540 est.
757 2479 800 2543 tt.
821 2483 849 2541 Si
872 2485 912 2557 ei,
933 2485 979 2557 qui
996 2484 1142 2542 delunetus

176 2568 244 2637 erit,
259 2569 296 2623 sit
310 2567 394 2623 irater
414 2577 441 2625 et
460 2568 571 2625 alterius
592 2569 685 2625 fratris
707 2567 788 2638 lilius,
811 2570 882 2626 sicut
902 2585 935 2626 ex
954 2569 1141 2644 superioribus
1156 2578 1216 2632 [sse]

250 2716 270 2785 ¹)
285 2727 340 2770 tune
360 2728 384 2770 et
402 2722 432 2770 iis
456 2720 484 2770 V
485 2717 512 2770 ⁸².
532 2736 560 2770 er
579 2721 609 2770 iis
632 2737 679 2772 om.
701 2721 810 2774 Collatio
829 2730 853 2772 et
867 2721 924 2772 edd.
953 2723 981 2770 in
1000 2721 1142 2785 archetypo

173 2793 273 2854 fuerit:
291 2807 318 2841 ex
337 2793 367 2842 iis
387 2790 449 2858 q(ui)
464 2800 519 2842 tunc
534 2790 611 2859 s(unt)
631 2801 656 2842 et
677 2795 716 2843 ric
735 2809 804 2844 nunc
822 2809 899 2844 sensu
918 2794 1038 2857 eoeipente
1052 2788 1103 2854 (ed.
1118 2790 1143 2857 5)

175 2864 280 2927 scripsi.
336 2859 357 2928 ²)
371 2864 450 2926 honis,
466 2865 536 2929 quod
550 2863 575 2914 0.
590 2871 616 2913 et
628 2865 686 2914 edd.
702 2865 809 2924 addunt,
827 2865 914 2916 Collat.
931 2863 993 2912 cdd.
1008 2863 1142 2926 ignorant,

176 2949 226 2984 non
243 2934 325 2998 facile
339 2936 371 2984 de
390 2937 512 3000 lepitimr's
530 2936 700 3000 ingenuorum
719 2936 905 2986 hereditatibus
923 2935 1035 2992 dicitur,
1055 2934 1143 2999 itaque

171 3021 223 3069 pro
235 3008 388 3071 glossemate
401 3005 544 3055 hahendam
558 3013 604 3057 est.
670 3003 691 3073 ³)
708 3006 798 3057 Callet.
813 3014 898 3056 nancta
914 3006 940 3057 0.

247 3162 1142 3232 §.ll.=Uollat.16‚2.§.11.01151.Leitbpitmehs.

178 3235 268 3286 Cottas.
283 3248 351 3299 1s,s.
371 3238 392 3299 §-
407 3249 439 3289 1r.
458 3239 480 3300 §-
494 3248 514 3289 ε.
534 3238 555 3288 1.
569 3239 624 3305 eod
682 3235 705 3308 §-
722 3240 761 3290 12.
777 3261 811 3281 =
828 3239 918 3291 Cottas.
932 3250 966 3302 ss,
981 3249 1000 3290 s.
1015 3240 1036 3299 ξ.
1051 3249 1083 3288 ss.
1105 3236 1143 3299 Of.

179 3307 352 3370 conracius.
371 3309 508 3371 §trem
532 3309 672 3374 Ulpsqs.
692 3311 749 3373 §.a
769 3308 957 3376 Leod.(e‚s).
1011 3304 1036 3377 §-
1054 3309 1094 3360 13.
1109 3329 1143 3348 τ-

178 3378 268 3429 Cottas.
284 3389 318 3441 ss,
332 3389 352 3429 s.
372 3380 394 3442 9.
409 3391 442 3431 ss.
464 3379 502 3444 Of.
518 3383 541 3444 §-
557 3393 578 3433 s.
597 3380 678 3432 dett.
734 3377 758 3450 §.
774 3382 815 3434 14.
832 3404 866 3423 =
883 3381 972 3432 Cottas.
988 3391 1021 3443 1s,
1037 3389 1057 3429 s.
1073 3381 1094 3442 ς.
1109 3389 1142 3429 ss.

179 3449 218 3512 Cf.
233 3448 304 3512 Epir.
318 3461 340 3512 s,
353 3461 373 3501 s.
394 3453 433 3513 §h
448 3463 469 3504 s.
483 3464 504 3503 s.
530 3452 584 3517 Utp.
595 3464 630 3516 rs,
640 3465 659 3505 s.
681 3452 770 3503 Cottas.
786 3465 821 3516 se,
835 3465 854 3505 s.
874 3454 912 3515 §i-
928 3464 960 3505 se.
976 3461 1009 3504 eu.
1024 3461 1058 3502 se.
1074 3461 1107 3513 ne,
1122 3461 1144 3501 r.

177 3521 201 3580 ξ.
217 3532 236 3569 1.
257 3520 280 3581 ἓ.
296 3530 317 3571 s.
337 3520 430 3572 teor.
445 3521 477 3588 (s,
491 3521 522 3588 2).
585 3519 610 3592 §.
627 3525 668 3574 15.
685 3546 718 3565 =
735 3523 908 3587 Collat.16‚2.
927 3525 996 3586 §.ld
1018 3521 1056 3586 Os.
1072 3519 1142 3586 Epic.

177 3601 234 3651 ns.
254 3591 313 3651 §.a
335 3591 509 3657 Ostienses.
530 3596 552 3657 9.
569 3594 788 3658 ss.§.t.I.eod.
