2542 3909
292 204 351 241 vsu.
365 203 468 240 cvrvsn.
483 190 568 239 resec.
583 201 770 238 consrnrsmo.
786 181 833 235 VI.
849 187 925 236 3-5.
1022 180 1081 246 847

133 335 248 392 forsitan
263 332 419 403 tentauerit,
435 332 553 404 primore
568 332 596 386 in
610 329 672 386 loco
684 329 764 387 debet
776 331 916 387 euidenter
932 328 1087 400 ostendere,

134 435 163 474 sc
178 432 322 491 personam
332 414 432 470 habere
443 415 604 488 legitimam:
620 421 648 469 ct
659 414 711 472 boc
723 415 786 470 dum
799 413 959 485 ostenderit,
980 421 1009 469 ut
1020 414 1087 468 iuris

133 502 281 574 legumque
296 499 381 555 dictat
395 500 551 569 auctoritas,
567 513 654 571 genus
669 499 781 554 actionis
797 499 876 554 edere
893 498 983 569 debet,
994 498 1086 570 inquo

134 600 214 639 maun
229 599 278 639 sua
298 581 458 651 subscribat,
474 576 564 654 ’quo,¹
580 581 644 636 dato
665 597 764 654 genere
783 583 904 650 actionis,
919 574 945 637 ’a
965 576 1088 655 coeptis²

133 667 265 724 triduanis
287 665 401 721 induciis
421 665 528 738 'quarto
551 657 614 720 die³
635 665 798 738 respondeat
819 664 988 722 aduersarius
1010 681 1086 737 suus,

135 759 165 807 ut
187 751 263 824 leges
285 749 466 823 praecipiunt,
488 747 711 822 responsionibus
738 748 819 804 saluis
835 747 954 821 pulsato,
971 764 1038 820 quae
1054 749 1088 804 de

133 836 192 890 iure
214 841 242 889 et
263 833 370 907 legibus
392 831 589 905 suffragantur:
613 831 786 888 salua·etiam
807 833 913 888 actione
928 830 1086 901 calumniae,

135 919 209 993 quia,
224 917 288 978 dum
303 916 490 984 calumniator,
507 917 552 989 qui
573 913 674 988 pulsat,
690 924 816 971 ostensus
836 915 929 987 luerit,
946 914 1031 989 qualis
1052 916 1089 971 sit

46 1018 50 1022 ’
135 1017 222 1076 poena
237 1000 394 1072 calumniae,
406 999 513 1074 legibus
531 997 625 1055 subter
635 1001 744 1055 annexis
757 999 922 1056 ostenditur:
938 1002 976 1056 sic
988 1007 1088 1071 tamen,

135 1093 166 1142 ut
187 1087 247 1159 ipse
269 1084 377 1157 probet,
400 1083 622 1157 quemadmodum
653 1099 700 1138 sua
723 1085 846 1154 interest,
862 1091 891 1138 ct
906 1083 1040 1154 ostendat,
1056 1083 1088 1138 ad

136 1186 165 1225 se
180 1171 317 1238 uniuersa,
332 1184 402 1241 quae
416 1169 527 1240 repetit,
553 1167 701 1241 pertinere.
730 1164 759 1223 8.
774 1167 842 1223 lllud
858 1168 1001 1241 praecipue
1016 1183 1089 1223 sum·

137 1269 179 1309 ma
192 1269 254 1308 cum
269 1252 373 1309 cautela
389 1250 529 1307 obseruari
552 1258 672 1323 oportet,
694 1257 733 1322 ut,
748 1252 771 1307 si
787 1250 957 1306 aduersarius
973 1251 1089 1324 scriptu·

136 1351 193 1391 ram
208 1335 323 1410 aliquam
344 1334 495 1391 donationis
511 1334 672 1405 ostenderit,
688 1342 716 1390 et
737 1335 855 1408 primore
877 1335 903 1389 in
925 1335 986 1391 loco
1008 1333 1088 1391 iidem

137 1418 217 1476 iaciat
240 1420 401 1492 scripturae:
423 1433 502 1491 quam
522 1418 586 1474 dum
601 1417 707 1489 iecerit,
723 1419 751 1473 in
767 1417 859 1473 eadem
874 1411 1090 1480 ’munificantis⁴

136 1502 260 1576 singulae
276 1518 399 1575 quaeque
419 1518 463 1559 res
478 1505 502 1558 si
517 1503 633 1576 scriptae
649 1501 759 1572 luerint,
776 1518 844 1575 quae
861 1500 1007 1570 donantur,
1019 1502 1089 1558 sicut

137 1587 212 1660 leges
223 1585 327 1657 iubent,
340 1585 412 1642 ualet
424 1586 494 1643 iacta
510 1585 644 1643 ’donatios
656 1579 698 1642 et⁵
708 1587 731 1641 si
743 1601 798 1655 eas,
810 1585 873 1640 dum
886 1585 962 1656 uiris,
973 1587 1000 1641 iu
1012 1585 1090 1642 bonis

137 1672 195 1726 suis
210 1669 315 1741 habuit,
337 1679 383 1726 aut
398 1672 456 1727 eius
471 1671 524 1726 iuri
540 1669 585 1725 uel
599 1669 718 1726 dominio
731 1667 931 1742 competebant,
943 1679 991 1725 aut
1004 1673 1028 1726 si
1043 1669 1091 1726 lite

138 1760 289 1810 contestata
305 1751 403 1808 dehac
428 1753 488 1809 luce
507 1755 675 1827 migrauerit.
705 1752 779 1820 Quae
794 1753 919 1808 uniuersa
935 1753 1049 1825 qualiter
1064 1760 1091 1808 et

138 1835 337 1909 quibusmodis
358 1834 509 1912 adstruere,
526 1829 699 1892 'defensore⁶
715 1836 758 1891 uel
773 1835 929 1892 aduersario
944 1835 1092 1892 diuinitatis

139 1919 238 1975 auxilio
254 1919 382 1974 resistere
396 1918 511 1990 debeas,
531 1918 643 1975 iuferius
658 1912 828 1976 'contirrcnt⁷
844 1919 986 1993 adscripta,
1016 1916 1044 1976 4.
1060 1919 1092 1974 Et

139 2019 173 2058 ne
187 2001 259 2058 iorte
275 2001 346 2058 dicat
360 2001 473 2057 aduersa
494 2019 566 2075 pars,
578 2002 668 2074 aliqua
682 2002 734 2058 sibi
746 2003 885 2076 principali
901 2004 1035 2076 rescripto
1047 2013 1092 2058 aut

138 2087 329 2161 praeceptione
344 2084 428 2140 iuissc
443 2102 582 2155 concessa,
595 2086 628 2141 ad
641 2087 721 2142 liuius
732 2080 830 2142 ἠιοάἰ8
841 2089 989 2143 uersutiam
1001 2095 1094 2160 potest

139 2170 262 2245 pulsatus
283 2168 370 2225 modis
392 2168 515 2224 omnibus
532 2169 675 2243 replicare,
690 2171 838 2244 principem
855 2186 886 2226 ea
900 2187 1007 2244 semper
1022 2169 1093 2226 uelle

140 2253 304 2324 concedere,
333 2268 402 2327 quae
423 2251 529 2326 legibus
550 2253 704 2327 rationique
723 2255 903 2310 conueniunt:
926 2256 988 2328 quia
1003 2270 1092 2328 causa,

68 2349 209 2412 [assiquae
232 2337 333 2394 nullam
348 2337 382 2394 dc
401 2335 507 2410 legibus
530 2337 645 2393 sortitur
667 2336 829 2402 firmitatem,
853 2339 880 2393 iu
901 2337 1093 2412 praeiudicium

139 2422 253 2478 alterius
268 2438 284 2476 a
299 2421 419 2494 principe
434 2436 489 2476 uon
503 2428 595 2494 potest
616 2437 723 2477 sumere
746 2419 914 2496 firmitatem
937 2423 1009 2478 sicut
1023 2421 1094 2477 idem

139 2506 252 2562 iuferius
266 2503 424 2560 declaratur.
498 2540 503 2548 -

223 2585 252 2646 5.
275 2586 372 2643 Petilio
395 2587 569 2657 hereditatis,
592 2588 669 2643 cuius
697 2586 841 2644 defunctus
863 2588 937 2645 litem
959 2605 1014 2644 uon
1037 2597 1095 2646 erat

141 2703 353 2714 ——--—

214 2764 233 2831 ¹)
248 2767 265 2817 i.
284 2780 306 2815 e.
326 2772 368 2820 ut,-
388 2765 487 2828 alioqui
505 2764 638 2828 lependum
656 2764 728 2826 soret
748 2764 786 2812 cui
805 2765 859 2813 dato
883 2765 964 2826 generi
985 2766 1094 2814 actionis.

143 2832 163 2900 ⁹)
178 2837 284 2899 acceptis
298 2836 355 2885 edd.
370 2843 432 2898 post
445 2835 548 2883 induciis
562 2835 649 2897 posito
664 2841 791 2884 commate.
866 2830 887 2900 ³)
904 2834 970 2892 Non,
984 2841 1012 2882 nt
1022 2842 1095 2896 puto,

140 2920 175 2953 esc
189 2920 238 2967 quo
250 2920 333 2968 penus
346 2907 457 2955 actionis
470 2906 572 2961 editum,
585 2904 632 2952 sed
646 2919 681 2953 em
690 2918 739 2968 quo
750 2906 782 2952 lis
792 2911 858 2953 mola
867 2911 892 2953 et
901 2919 1017 2968 persona
1032 2907 1095 2969 lepi-

141 2976 202 3023 tima
217 2981 319 3023 ostensa
333 2983 404 3031 erat:
419 2976 479 3024 inde
488 2976 554 3024 enim
563 2975 677 3023 triduum
687 2975 796 3037 petitori
805 2974 851 3022 dat
860 2973 920 3022 Lea:
930 2973 1001 3022 Rom.
1011 2973 1095 3040 Bury.

141 3045 179 3092 tit.
198 3042 246 3091 XI.
262 3045 360 3093 actioni
373 3046 500 3103 edendae,
515 3052 607 3094 utnon
621 3047 659 3094 ita
674 3046 751 3094 edens
765 3045 833 3092 litem
842 3044 953 3106 perdat:
972 3045 1041 3108 quod
1055 3047 1096 3094 a'ua

136 3119 198 3177 post
213 3111 276 3164 Nou.
296 3113 426 3166 Valentin.
441 3127 467 3167 ts
481 3114 549 3180 (Lib.
563 3113 602 3163 II.
617 3116 655 3163 tit.
673 3112 823 3178 XXXIV.)
838 3115 860 3175 ξ.
871 3125 904 3164 14.
920 3128 967 3162 usu
981 3116 1021 3163 vel
1035 3129 1095 3164 con·

140 3185 272 3233 stitutione
286 3184 388 3233 uidetur
402 3187 583 3235 introductum.
612 3183 683 3234 Idem
697 3199 757 3235 aero
772 3185 885 3233 triduum
899 3184 1020 3233 inducias
1033 3200 1095 3248 quc·

141 3270 157 3318 q
175 3253 352 3316 epraestabat
365 3269 424 3313 reo,
438 3262 572 3319 autquarta
586 3255 684 3304 demum
698 3256 740 3304 die
754 3255 928 3318 responderet.
957 3253 1021 3303 Alia
1030 3271 1095 3318 pro-

141 3324 203 3374 bant
217 3323 328 3386 Rudors.
345 3324 469 3376 Zeitscdr.
488 3325 567 3374 XIII.
578 3341 607 3388 p.
621 3335 655 3376 aa.
691 3325 820 3390 Wiedinp.
835 3324 993 3388 Libellproc.
1004 3341 1032 3388 p.
1047 3336 1095 3377 458.

142 3392 164 3459 ⁴)
179 3395 339 3444 munificentia
353 3395 411 3446 edd.
436 3395 496 3444 Vid.
511 3396 553 3443 Du
570 3395 656 3460 Casape
669 3411 690 3444 s.
706 3411 728 3447 u.
744 3396 902 3458 munificare.
969 3392 989 3460 5)
1005 3395 1096 3446 Malim

141 3466 237 3514 donatio
251 3465 292 3514 ita.
344 3462 505 3530 ⁶)deienscre
520 3466 577 3514 edd.
630 3463 651 3530 1)
666 3467 817 3516 continentur
830 3466 888 3515 edd.
944 3462 966 3531 8)
983 3465 1045 3516 Par.
1061 3478 1094 3519 st.

141 3536 195 3585 mali
211 3535 273 3586 Par.
289 3547 322 3586 aa.
341 3535 423 3603 Pupp.
