2542 3909
330 224 391 260 uos.
410 225 442 260 nn
460 224 523 260 nou.
542 225 633 262 neuun
651 225 759 261 concur.
779 207 851 261 XVI.
871 215 895 262 3.
1025 207 1087 272 699

136 354 205 410 ditus
220 353 369 426 diuidetur,
393 349 470 429 ’(r'to)
487 347 530 410 ut¹
553 354 654 429 singuli
669 354 791 429 singulus
805 356 945 428 portiones
966 348 1090 410 'feruut.²

63 433 178 496 [608117.
195 437 223 492 Si
238 437 329 494 nullus
345 447 458 511 agnatus
474 440 519 505 sit,
540 438 631 494 eedem
647 438 690 494 lex
705 438 846 495 duodecim
861 438 1010 495 tubulorum
1025 454 1090 511 gen·

135 521 197 577 tiles
213 521 244 576 ed
259 521 436 578 hereditatem
457 529 546 579 uocet.
591 521 642 589 uui
664 524 719 578 sint
740 532 830 578 autem
853 523 981 597 gentiles,
1003 524 1090 596 primo

136 607 330 662 commentario
346 605 502 662 retulimus:
520 615 547 662 et
563 622 623 662 oum
639 605 694 662 iilic
708 605 936 678 admonuerimus,
957 598 1092 681 ²(totum)³

136 689 303 763 gentilicium
318 690 360 745 ius
374 691 402 746 in
416 689 621 746 desuetudinem
638 689 749 761 abiisse,
769 706 967 763 superuacuum
981 698 1024 745 est
1038 689 1092 763 hoc

136 788 245 845 quoqne
260 771 321 828 ioco
337 773 370 828 de
385 789 416 829 ee
431 789 460 829 re
475 775 608 829 curiosius
624 781 746 832 tractare.

198 855 322 930 tuapttt.
367 856 492 912 Paulus
514 855 606 912 libro
629 859 938 915 sententiarumtv.
960 856 1023 913 sub
1045 859 1072 912 ti

134 939 208 996 tulo
239 939 278 995 de
300 942 550 996 intestatorum
574 932 888 1000 successiorribus.³
925 937 949 996 1.
967 941 1092 997 iutestati

135 1017 188 1099 '(et
201 1017 258 1097 Ιιί)4
273 1023 411 1095 dicuutur,
432 1025 477 1098 qui
494 1033 685 1080 testamentum
704 1019 873 1102 ’Uecerunt
895 1016 988 1100 cum)⁵
1003 1024 1091 1080 iecere

134 1123 190 1164 non
206 1102 354 1180 'possent,⁰
369 1108 414 1164 uel
429 1110 480 1182 ipsi
496 1108 589 1179 linum,
608 1116 639 1164 ut
653 1109 774 1163 intestati
790 1107 961 1179 decederent,
976 1107 1091 1181 abrupe-

134 1183 231 1247 runtz⁷
255 1191 299 1247 uel
321 1192 365 1261 hi,
388 1208 503 1265 quorum
524 1191 658 1247 hereditas
679 1191 890 1264 repudiatum,
912 1185 1090 1246 'heredisue⁸

135 1274 257 1332 condicio
280 1274 424 1346 deiecerit,
451 1269 562 1351 ’(quiue
583 1279 679 1347 capite
700 1279 801 1331 minuti
818 1268 973 1350 (πενίης)
996 1268 1091 1330 ’nisi¹⁰

134 1359 193 1414 iure
208 1358 345 1430 practorio
361 1358 442 1414 ’iacto
459 1367 620 1416 testamento
637 1358 741 1415 obiecta
757 1357 813 1414 doii
828 1351 1016 1432 exceptione¹¹
1033 1357 1089 1414 ’ob-

134 1440 266 1496 tinebitur
276 1441 420 1497 hereditas.
451 1441 479 1500 2.
494 1436 554 1513 ti,¹²
566 1459 682 1516 quorum
695 1449 854 1498 testamenta
864 1439 905 1515 ⁷(o
918 1434 1090 1515 ροείιιηιο)13

208 1589 228 1657 ¹)
245 1591 301 1640 Gai.
321 1592 382 1644 Ver.
399 1599 422 1641 et
437 1593 499 1643 cdd.
514 1595 571 1644 edd.
631 1590 652 1658 ⁷)
670 1594 726 1643 Gai.
747 1594 807 1642 Ver.
824 1593 918 1642 inerunt
931 1591 963 1642 B.
983 1594 1091 1642 iecerunt

139 1661 180 1714 Vi.
200 1661 239 1711 ier*
259 1663 304 1711 Ve.
324 1664 402 1711 serent
415 1665 454 1712 ed.
469 1663 510 1715 Bl.
577 1661 596 1728 ⁸)
615 1662 665 1724 Qui
678 1665 717 1713 tit.
732 1671 771 1712 est
785 1664 861 1712 Paul.
876 1662 903 1712 S.
919 1663 950 1711 R.
964 1675 987 1722 t,
1001 1675 1030 1723 3.,
1044 1665 1091 1712 sed

134 1749 202 1782 nunc
216 1735 313 1782 rrruiore
327 1749 362 1782 ecc
371 1742 450 1796 parte
464 1750 499 1783 ecc
513 1743 601 1785 nostro
616 1736 758 1783 restitutus.
786 1733 831 1782 Ad
846 1736 868 1794 ξ.
880 1746 900 1783 1.
916 1734 950 1796 cs.
961 1749 1005 1796 pr.
1021 1733 1043 1782 I.
1058 1735 1090 1783 de

134 1803 221 1852 bered.
237 1818 259 1867 q.
275 1803 307 1852 ed
321 1803 409 1870 int.(s,
421 1802 451 1868 1).
499 1802 520 1870 ⁴)
535 1804 659 1867 supplevi
668 1820 703 1853 ex
717 1805 810 1854 uicinis
820 1805 922 1852 litteris.
970 1801 992 1868 ⁵)
1009 1802 1090 1852 Omis-

133 1888 202 1932 sum,
216 1875 278 1938 quia
291 1875 415 1936 scriptum
427 1875 531 1936 fuerat:
549 1875 635 1923 fecero.
667 1875 782 1924 Ceterum
795 1875 849 1923 alio
864 1873 937 1923 modo
951 1873 983 1921 de
996 1873 1046 1923 leuc
1059 1889 1089 1922 re

134 1945 250 2007 disputat
271 1943 326 2007 Ulp.
341 1943 373 1995 L.
389 1957 455 2006 npr.
475 1945 506 1992 D.
522 1945 622 1993 deruis
636 1944 680 2010 (33,
697 1944 741 2008 to).
799 1941 821 2007 θ)
836 1951 937 2007 possunt
953 1943 1014 1991 Cdd.
1029 1944 1088 1994 edd.
1148 1987 1155 1998 ,

136 2011 157 2079 l)
173 2014 211 2076 Of.
230 2013 286 2062 Gai.
302 2025 322 2071 n,
338 2024 384 2064 151.
399 2015 431 2063 L.
447 2027 467 2065 1.
483 2016 506 2076 §-
521 2027 554 2065 ιο.
574 2015 606 2062 D.
622 2015 653 2063 de
667 2014 699 2076 B,
714 2015 745 2064 P.
760 2013 786 2063 S.
806 2014 833 2063 Τ.
849 2011 893 2078 (er,
908 2012 953 2078 11).
968 2013 1000 2062 L.
1015 2026 1034 2064 e.
1054 2014 1088 2062 Ι).

134 2085 166 2133 de
181 2084 221 2132 dis
236 2100 259 2146 q.
275 2085 301 2132 in
316 2091 371 2133 test.
387 2085 436 2134 del.
452 2083 495 2149 (ee,
510 2084 541 2148 4).
557 2085 588 2133 L.
604 2095 638 2136 eo.
660 2085 686 2134 0.
701 2086 733 2134 de
747 2091 844 2133 testam.
860 2082 892 2148 (e,
906 2084 951 2147 ee).
1010 2081 1031 2148 8)
1046 2099 1088 2133 en-

135 2154 202 2202 iusue
222 2152 263 2203 Vi.
278 2154 336 2202 edd.
352 2154 420 2203 cuius
434 2155 472 2202 uei
492 2154 536 2204 Ve.
561 2154 627 2203 cuius
648 2169 691 2203 nec
705 2153 737 2203 B.
761 2157 842 2203 eiusne
857 2154 962 2203 Lucium.
978 2156 1024 2216 cpi,
1042 2155 1090 2203 sed

134 2225 220 2282 lieres,
240 2239 291 2272 non
305 2223 435 2274 hereditas
454 2225 601 2275 conditione
620 2225 754 2286 deficitur:
776 2224 833 2274 Gai.
848 2236 869 2283 n,
884 2236 930 2274 144.
958 2223 1089 2287 Scriptum

131 2296 236 2358 fuerat:
253 2294 347 2346 bdisue.
420 2292 441 2358 ⁰)
456 2295 540 2344 Plura
557 2296 672 2357 fortasse
691 2297 766 2345 initio
781 2296 948 2352 exciderunt,
968 2297 1036 2344 velut
1050 2295 1089 2344 nei

134 2379 199 2414 mors
214 2365 359 2414 cretionisue
374 2365 427 2414 finis
442 2365 571 2414 sditionem
586 2367 739 2429 praeuenerit
752 2363 821 2431 (Gai.
837 2378 858 2423 e,
873 2364 935 2430 144);
950 2367 1018 2429 quod
1027 2380 1088 2416 uero

133 2437 313 2498 supplevimus,
327 2438 475 2486 necessario
490 2438 531 2493 iis,
543 2451 607 2500 quae
617 2443 767 2499 sequuntur,
782 2438 936 2500 requiritur.
989 2432 1021 2501 ¹⁰)
1036 2437 1087 2484 sine

136 2505 212 2564 odd„
231 2507 300 2569 quod
312 2507 458 2555 litterarum
471 2508 689 2569 transpositorum
703 2508 791 2556 vitium
805 2509 833 2556 io
852 2508 885 2555 iis
900 2508 1025 2570 frequens
1042 2513 1088 2557 est.

134 2590 191 2624 sane
206 2577 263 2628 edd.
339 2572 372 2642 11)
387 2577 474 2626 iactum
488 2583 655 2625 testamentum
674 2578 767 2626 abiecta
787 2577 835 2626 doli
854 2578 1017 2640 expectatione
1037 2576 1089 2642 (ex-

134 2647 306 2708 spectationem
325 2645 378 2712 Vr.)
400 2647 461 2698 Odd.
483 2648 499 2695 i.
514 2654 531 2696 t.
547 2647 640 2696 obiecta
657 2647 680 2695 d.
700 2649 839 2710 exceptione
854 2647 923 2696 Pitit.
943 2649 976 2710 ej.
991 2647 1030 2696 ed.
1045 2646 1087 2696 Bl.

134 2717 191 2781 (sed
204 2719 227 2766 is
241 2724 323 2766 tamen
337 2716 450 2782 abiectu).
526 2713 559 2782 η)
575 2718 692 2766 obtinebit
704 2717 834 2782 (optinebit
852 2716 905 2782 Vi.)
918 2732 1000 2766 eorum
1017 2717 1088 2775 odd,

134 2787 203 2850 quod
216 2803 250 2836 em
264 2788 410 2837 obtinebitur
423 2789 465 2838 bii
477 2789 577 2850 fectum
586 2790 697 2837 videtur.
722 2787 845 2836 obtinebit.
857 2788 883 2835 li.
899 2788 938 2836 ed.
948 2787 989 2837 Bl.
1016 2786 1089 2847 Quod

133 2857 240 2906 Lacbm.
256 2865 408 2907 commentus
422 2866 473 2908 est:
491 2861 543 2908 siue
562 2860 614 2907 iure
629 2858 750 2921 praetorio
766 2859 780 2905 i.
797 2864 813 2905 t.
828 2872 851 2905 o.
867 2857 889 2906 d.
905 2872 926 2906 e.
943 2858 1089 2907 obtinebitur

132 2934 159 2976 et
173 2927 208 2974 ad
221 2927 253 2976 L.
268 2940 301 2976 11.
317 2930 340 2989 ξ.
355 2939 375 2977 n.
399 2929 431 2978 D.
447 2930 478 2980 de
492 2929 514 2978 d.
525 2945 553 2992 p.
568 2945 588 2980 s.
604 2936 621 2978 t.
636 2927 685 2993 (37,
701 2927 737 2993 11)
756 2941 844 2977 cesum
859 2929 976 2985 priorem
990 2930 1088 2987 retulit,

130 2997 204 3060 ferri
218 3011 267 3047 non
277 3005 377 3059 potes&
391 3016 450 3049 nam
464 3008 492 3049 ut
505 3007 610 3056 taceam,
625 3006 704 3049 totum
719 3013 805 3047 cusum
819 2998 875 3045 sine
885 3005 972 3047 nostro
986 3001 1087 3061 supple·

133 3073 216 3116 orento
231 3068 305 3116 initio
317 3069 391 3131 sacto
406 3071 517 3134 intelligi
530 3085 580 3118 non
590 3083 670 3132 posse
679 3067 719 3131 (id
732 3068 889 3132 quodetiam
899 3068 993 3117 Leiotii
1006 3070 1088 3118 retio-

134 3151 189 3186 nem
209 3138 240 3186 de
259 3136 316 3189 don.
331 3153 402 3202 poss.
421 3139 459 3189 II.
478 3139 500 3188 d.
515 3156 544 3203 p.
559 3151 592 3190 34.
612 3138 733 3203 refellit),
752 3153 799 3186 neo
814 3144 900 3200 potest
914 3138 1001 3186 eedem
1014 3139 1087 3187 lere·

133 3208 216 3266 dites,
237 3224 302 3273 quae
320 3216 396 3259 autea
415 3217 473 3258 erat
491 3211 696 3267 testamentaria,
715 3224 784 3258 nunc
802 3207 881 3272 (quod
898 3206 1004 3256 Lucium.
1024 3207 1087 3273 vult)

132 3280 247 3342 lepitimu
261 3281 379 3344 iutellipt'.
404 3280 492 3337 Casus,
506 3280 537 3328 de
547 3295 596 3344 quo
606 3281 684 3328 sentit
694 3280 811 3336 Paullus,
822 3280 845 3326 is
854 3284 900 3334 est,
910 3292 982 3340 quem
992 3278 1086 3340 Popin.

133 3349 165 3397 L.
181 3361 214 3398 11.
230 3352 272 3398 cit.
288 3352 314 3398 iu
326 3351 379 3412 fine
393 3357 490 3400 mactat
503 3351 588 3400 verbis
603 3348 685 3399 ‘Plane
700 3347 733 3398 si'
749 3356 796 3399 etc.
827 3348 865 3410 Cf.
883 3346 941 3396 Gai.
956 3359 976 3404 n,
991 3358 1037 3397 120.

136 3414 168 3483 ²³)
182 3417 306 3482 Suppleoi
316 3421 374 3482 fere
388 3423 443 3469 sole
456 3422 627 3484 geminatione
641 3422 786 3469 vicinarum
800 3420 919 3482 utrinque
933 3419 1086 3476 litterarum,

132 3505 189 3538 cum
207 3490 331 3552 seriptum
349 3497 414 3537 esset
432 3505 445 3536 3
464 3504 535 3552 pumo
554 3489 681 3554 (etiamn,
696 3491 769 3540 modo
783 3489 979 3553 transpositum,
999 3495 1088 3538 serour'

131 3557 178 3608 B.:
191 3566 362 3622 rumpouuntur
371 3574 423 3621 pro
438 3560 631 3626 pumoipuntur).
