2542 3909
439 233 536 269 ernon.
555 235 608 272 rvr.
627 235 689 270 son.
708 233 795 270 rsrrc.
1033 223 1093 286 7οΊ

144 352 266 405 numeris
284 369 346 406 curn
365 353 427 420 VL,
446 353 520 420 XV.‚
538 355 650 408 XXVII.
671 358 700 408 et
716 355 813 409 xxm„
832 358 935 410 servati
952 356 1020 422 sint,
1042 356 1096 410 hoc

143 419 266 495 maxime
284 419 454 474 adminiculo
472 421 563 476 Maius
580 423 608 475 in
627 423 789 476 ordinandis
807 425 837 476 et
847 425 996 492 iungendis
1008 440 1095 477 mern·

70 493 133 542 [611]
143 486 239 539 branis
256 503 322 540 usus
340 491 395 552 est,
420 504 472 540 neo
495 489 585 542 adbuc
610 490 729 555 exstitit,
756 491 806 558 qui
826 491 965 544 rationem
988 491 1046 544 eius
1068 494 1098 544 et

145 554 271 606 ordinem
289 554 325 607 ab
344 570 377 608 eo
394 555 555 609 institutum
573 557 753 624 improbaret.
785 557 857 610 Nam
876 560 905 611 et
922 558 1037 611 titulum
1050 558 1097 610 ‘de

145 621 335 688 cognitoribus
362 624 391 675 et
416 624 658 691 procuratoribus’
686 623 761 692 quod
783 623 884 677 ultimo
907 625 968 678 loco
994 625 1097 693 posuit,

145 689 212 754 quia
229 687 306 741 nullo
324 689 434 742 numeri
451 691 530 758 signo
549 692 625 744 certo
644 690 705 744 loco
723 691 889 759 assignatur,
908 707 964 744 non
983 693 1097 746 estsine

144 755 263 818 ratione,
283 772 443 823 quanquam
462 773 525 810 eum
544 759 652 810 ceteros
669 773 766 810 omnes
783 758 965 826 praecessisse
984 775 1018 812 ex
1036 759 1098 828 ipsa

145 823 264 874 materia
286 822 419 891 colligere
441 824 515 876 licet.
551 824 708 878 Verisimile
727 824 802 876 enim
825 825 879 889 est,
904 826 956 878 boc
979 840 1049 893 opus
1066 829 1099 878 ut

106 910 107 914 ¹
146 890 254 942 ceteros
275 905 371 943 omnes
392 891 553 958 posterioris
578 892 641 944 aeri
667 891 776 945 codices
802 892 838 944 ad
861 891 987 945 ordinem
1013 892 1098 945 edicti
1128 906 1131 909 ·

145 956 277 1024 perpetui
294 957 478 1023 compositum
491 973 563 1012 esse:
583 974 668 1026 quem
686 958 773 1011 etiam
785 958 823 1010 ali
844 960 964 1012 uatenus
977 959 1098 1026 assequi-

146 1039 215 1088 mur,
235 1023 259 1076 si
276 1023 413 1091 ponimus,
453 1026 496 1078 ost
512 1025 627 1078 titulum
645 1025 680 1078 de
693 975 883 1100 cognitoriims
896 1027 925 1078 et
935 1027 1098 1092 procurato·

145 1089 221 1166 ribus
239 1092 364 1167 secutum
383 1042 497 1167 titulum
515 1093 663 1168 exempto
681 1091 948 1168 vendito-ealparte
960 1092 1098 1172 insertum

144 1156 243 1221 fu1sre,
261 1157 311 1209 ubi
327 1173 356 1209 ru
374 1157 453 1210 libris
471 1158 508 1211 ad
526 1158 650 1211 edictum
668 1159 703 1210 de
721 1173 762 1210 rer
781 1158 971 1212 vmdrcatrone
990 1160 1097 1227 agitnr3

145 1223 220 1290 quod
232 1238 299 1276 sane
332 1223 468 1290 aullulum
480 1223 606 1278 deflectit
616 1226 652 1277 ab
665 1224 761 1277 ordine
775 1225 868 1291 edicti,
880 1227 993 1293 poterat
1001 1232 1099 1280 tamen

145 1305 259 1366 comeo
277 1240 409 1366 delendi&
418 1291 494 1358 quo'd
506 1287 561 1358 'qui
573 1291 706 1356 vindicet,
724 1291 868 1368 dominnm
887 1292 945 1346 esse
958 1294 1097 1361 oporteat,

145 1357 323 1423 domruiaqne
336 1373 458 1410 mamma
470 1358 659 1426 emptionibus
671 1361 861 1425 acquirantur,
873 1361 934 1412 tum
944 1359 1097 1429 Hermoge-

145 1423 222 1486 niani
239 1423 361 1485 ratione,
386 1424 479 1491 quiin
498 1425 628 1492 epitomis
644 1426 714 1477 iuris
732 1427 833 1494 ‘primo
856 1425 891 1478 de
914 1442 1099 1495 personarum

145 1494 220 1544 statu
238 1505 270 1544 ac
309 1493 353 1544 ost
371 1490 405 1544 de
424 1492 523 1546 ceteris
537 1492 663 1545 ordinem
677 1492 762 1545 edicti
775 1493 887 1546 secutus
905 1494 1004 1547 ethis
1022 1511 1098 1562 pro-

145 1559 256 1634 ximos
271 1507 374 1625 alique
397 1558 599 1613 coniunctos
616 1575 652 1627 ap
674 1559 762 1613 licans
780 1560 891 1626 titulos,
914 1561 1008 1637 utres
1026 1561 1098 1629 pati-

144 1626 210 1688 tur’,
230 1624 339 1701 drnerat
357 1624 396 1690 (L.
415 1631 439 1679 2.
464 1631 497 1682 D.
516 1626 551 1680 de
570 1576 736 1679 statuffiom.
757 1629 792 1696 [1,
811 1629 870 1694 5])¹.
906 1627 999 1691 Qurd?
1023 1629 1099 1696 quod

145 1691 325 1769 persimilrter
341 1692 398 1745 iam
416 1693 444 1744 in
464 1692 636 1773 Gregoriano
656 1693 770 1758 codice,
789 1695 863 1747 teste
880 1695 1020 1748 breviario
1034 1695 1098 1749 Ala·

145 1758 878 1904 aacurares‘accesserant{a
891 1762 1098 1904 {retract

145 1892 228 1947 titulo
239 1892 286 1945 ‘de
296 1909 337 1945 ro1
348 1893 545 1948 rmdmatrone’
556 1910 663 1970 rrcrnus
672 1893 907 1970 deprehenditur..
918 1894 979 1957 Qua
988 1896 1097 1948 ratione

146 1961 170 2014 si
188 1959 273 2013 etiam
290 1961 351 2013 tota
362 1961 482 2013 materia
493 1961 528 2014 de
541 1960 712 2028 acqu1rendo
727 1975 821 2012 rerum
833 1959 957 2016 domnsto
970 1960 1098 2015 hocloco

145 2026 326 2103 tractabatur,
341 2026 437 2105 mirari
449 2043 504 2080 non
517 2027 591 2092 licet,
605 2027 792 2104 quod'novem
802 2026 1001 2094 quaterniones
1010 2045 1041 2081 us
1063 2045 1098 2082 ue

146 2093 1098 2238 sitibatrlrarrtrrterrramnlrrrraa·

145 2226 986 2362 tritasratisabsterseratrs.
999 2244 1098 2296 qum·

213 2361 246 2414 In
263 2360 348 2414 libros
366 2361 494 2430 syllogen
512 2362 690 2415 distributam
709 2362 803 2428 fuisse,
823 2361 930 2414 nullum
948 2363 1098 2432 vestigium

145 2427 249 2481 indicio
271 2429 326 2488 est;
350 2428 462 2482 videtur
482 2429 581 2497 igitur,
608 2431 642 2481 ut
664 2427 783 2482 Collatio
806 2432 836 2483 et
857 2428 1098 2497 Hermogenianus

147 2494 250 2561 Codex,
268 2495 365 2547 titulos
381 2496 491 2549 tantum
509 2495 648 2561 habuisse,
667 2497 716 2563 qui
728 2498 812 2549 etiam
825 2512 906 2574 perp
945 2496 1006 2550 inas
1018 2512 1097 2566 repe·

146 2565 256 2626 tantur,
275 2562 316 2614 ita
332 2561 411 2614 utin
428 2577 510 2616 versa
527 2579 639 2630 quaque
662 2564 757 2616 media
779 2564 855 2631 prior
872 2562 949 2615 trtni
965 2580 1044 2631 pars,
1068 2565 1098 2617 in

146 2630 224 2682 recta
240 2629 351 2696 reliqua
369 2645 488 2697 superne
506 2631 610 2709 scripta
628 2630 672 2694 sit,
691 2631 769 2683 nullo
781 2633 877 2684 tamen
889 2645 1006 2683 numero
1018 2647 1098 2699 prae

146 2694 209 2753 fixo.
230 2695 290 2749 Nec
302 2711 481 2749 numerorum
494 2696 579 2765 sign1s
591 2699 640 2750 sed
652 2699 763 2750 tantum
775 2712 848 2750 novo
857 2712 948 2763 versu,
957 2697 1097 2752 interdum
1136 2749 1144 2762 ,

147 2762 233 2816 etiam
255 2763 345 2830 spatio
368 2764 478 2817 tantum
500 2763 612 2830 relicta,
637 2764 764 2832 singulae
788 2764 923 2833 species
949 2764 1098 2819 distinctae

147 2831 222 2892 sunt3
246 2830 284 2882 sic
303 2832 377 2883 enim
396 2833 439 2897 (ut
456 2831 615 2898 Byzantinis
633 2829 762 2910 θέματα)
780 2832 892 2900 singula
914 2834 1047 2901 excerpta
1064 2850 1098 2887 ex

146 2896 218 2950 lctis
237 2897 353 2962 perinde
371 2898 400 2950 in
412 2898 465 2950 hoc
478 2913 562 2966 opere
575 2899 701 2966 atquem
714 2897 814 2954 Collat.
829 2905 860 2952 14
873 2897 920 2950 fin.
934 2900 964 2952 et
975 2898 1004 2952 L.
1018 2899 1097 2952 Rom.

145 3003 356 3012 ——.-.—...-.

220 3068 242 3136 ¹)'
254 3072 355 3121 Possunt
369 3088 426 3122 sanc
441 3076 499 3124 hacc
514 3075 585 3123 verbu
602 3076 672 3123 etiarn
687 3077 719 3123 ita
734 3075 841 3137 intelligi,
860 3083 886 3124 ut
900 3076 930 3124 ad
944 3077 1024 3125 titulos
1040 3078 1098 3126 iuris

146 3142 325 3190 extraordinarii
345 3151 400 3205 post
417 3146 538 3194 absolutas
558 3160 640 3194 ornnes
659 3145 771 3194 materias
790 3146 862 3193 edicti
881 3148 990 3209 perpetui
1009 3149 1032 3196 in
1052 3149 1098 3197 fine

146 3213 239 3262 additos
254 3214 393 3262 reserantur.
422 3214 523 3264 Omnino
538 3223 615 3264 lernen
631 3216 738 3264 cadentis
754 3216 953 3277 iurisprudentiae
968 3219 1038 3266 etiam
1052 3219 1097 3268 hoc

146 3283 259 3332 indicium
274 3290 318 3346 est,
333 3284 396 3346 quod
410 3287 496 3334 tradita
511 3287 570 3335 iuris
584 3293 711 3348 systemate
726 3287 823 3334 misceri
837 3293 861 3334 et
874 3302 917 3349 pro
928 3287 1002 3336 lubitu
1012 3291 1098 3338 mutari

146 3360 230 3416 coepta
245 3361 311 3402 sunt:
326 3369 458 3418 quanquam
473 3357 535 3404 idem
550 3358 682 3406 modestius
697 3365 720 3406 et
734 3372 787 3406 curn
797 3358 888 3406 ratione
899 3358 945 3405 iam
960 3359 1097 3420 superiores

147 3423 193 3473 lCti
208 3426 328 3474 lectitasse
344 3425 559 3488 deprehenduntur,
575 3429 636 3476 velut
652 3429 745 3476 Paullus
760 3428 784 3476 in
799 3428 936 3476 Sententiis.
966 3427 1000 3476 cl.
1016 3429 1096 3477 lleim·

71 3556 74 3559 Δ
145 3495 213 3544 hacb.
230 3497 253 3545 in
264 3496 357 3558 Repert.
370 3496 435 3558 Lips.
447 3508 506 3546 1843.
522 3497 559 3544 lll.
576 3513 598 3560 p.
610 3509 656 3548 144.
709 3495 730 3562 ¹)
746 3499 856 3547 Fortasse
870 3498 963 3546 titulum
978 3499 1007 3547 dc
1023 3499 1097 3548 dona-

145 3567 249 3617 tionibus
264 3567 389 3616 Vaticanae
404 3567 506 3628 syllogae
521 3574 603 3615 auctor
617 3569 685 3616 titulo
700 3568 728 3618 de
743 3570 826 3631 legatis
841 3570 994 3632 applicuerat.

831 3669 885 3718 45*
