2542 3909
169 210 233 278 300
465 223 526 260 cnr
544 222 646 258 1ssrrr.
665 203 712 262 ΠΙ.
731 208 841 259 stt-64.

169 370 313 429 heredatos
329 383 384 424 nou
407 368 554 440 pertinent.
584 363 635 424 59.
658 366 725 422 ltem
741 367 810 422 ciuis
824 365 936 423 Romani
949 365 1046 425 dbcrte'
1058 365 1138 426 bere·

169 456 238 512 ditas
250 453 363 509 adduce
379 452 509 527 pluresue
521 459 653 525 patronos
664 452 813 524 aequaliter
826 454 957 526 pertinet,
971 453 1035 510 licet
1046 452 1140 529 dispar

168 541 196 595 in
219 554 252 594 eo
276 554 357 594 seruo
381 537 528 594 dominium
552 534 711 605 bebuerlnt3
734 535 805 592 bona
820 554 889 593 uero
905 536 1063 594 Latinorum
1083 557 1137 614 pro

169 639 200 679 ea
227 631 304 696 perte
324 623 479 697 pertinent,
509 638 559 696 pro
575 637 627 694 qua
651 630 728 695 parte
750 623 867 695 quisque
889 638 987 678 eorum
1007 623 1135 681 domnus

168 707 261 765 luerit.
286 703 356 764 bi).
380 707 445 763 ltem
466 709 494 762 in
515 706 665 762 hereditate
681 706 748 761 cinis
763 706 875 764 Romani
896 707 987 764 liberti
1005 717 1137 784 patronus

168 793 282 848 elterius
297 795 406 867 patroni
423 791 507 847 lilium
523 790 658 863 excludit,
681 797 709 846 et
730 788 802 847 iilius
824 794 933 864 patroni
953 792 1066 849 alterius
1087 810 1136 868 pa·

101 893 158 942 143,
169 879 241 934 troni
257 883 384 952 nepotem
403 877 525 950 repellit:
548 875 619 932 boue
641 885 731 932 autem
754 871 919 953 baltinorum
941 885 970 933 et
991 879 1137 952 adipsum
1265 932 1266 939 ,

167 950 1266 1038 ωωωωὼωωωωωψωωωωωῖ

168 1049 257 1122 ipsum
274 1049 497 1104 manumissorem
512 1049 694 1122 pertinerent,
710 1047 800 1104 'simul
817 1041 978 1121 pertinent.l
1007 1043 1053 1106 tl.
1068 1050 1134 1105 ltem

102 1143 105 1153 '
168 1135 192 1188 si
208 1135 287 1190 unius
309 1135 417 1208 patroni
440 1141 497 1189 tres
518 1133 591 1190 lorte
607 1131 686 1188 liberi
699 1135 764 1188 sunt
779 1140 807 1188 et
822 1131 934 1188 alterius
948 1147 1034 1204 unus,
1057 1134 1135 1190 bere-

168 1217 237 1274 ditas
253 1219 321 1274 ciuis
336 1219 447 1274 Romani
463 1216 552 1274 liberti
568 1220 595 1273 in
609 1219 697 1291 capita
711 1217 854 1288 diuiditur,
869 1216 951 1272 idest
965 1227 1023 1273 tres
1038 1218 1135 1275 iratres

170 1311 225 1358 tres
241 1304 382 1376 portiones
403 1302 496 1358 lerunt
511 1309 539 1358 et
554 1319 625 1358 unus
644 1311 786 1379 quartam3
809 1302 882 1358 bona
896 1317 963 1358 uero
976 1302 1136 1360 Latinorum

167 1403 217 1461 pro
233 1404 263 1443 ea
278 1394 356 1460 parte
372 1386 404 1442 ad
419 1402 592 1442 successores
610 1389 757 1461 pertinent,
770 1403 821 1462 pro
836 1403 890 1459 qus
904 1396 983 1461 perte
997 1388 1029 1444 ad
1045 1390 1136 1462 ipsum

167 1475 391 1528 manumissorem
408 1473 587 1545 pertinerent.
617 1468 667 1529 62.
690 1471 756 1527 ltem
776 1474 800 1527 si
821 1471 890 1527 alter
909 1488 943 1528 ex
957 1474 991 1528 iis
1012 1475 1135 1546 patronis
1265 1442 1267 1547 (

165 1573 243 1612 suam
262 1564 366 1629 portem
389 1557 416 1612 ln
438 1555 590 1612 hereditate
610 1558 678 1613 ciuis
698 1556 810 1612 Romani
832 1557 922 1612 liberti
942 1567 1067 1630 spernat,
1088 1558 1135 1614 uel
1265 1552 1267 1657 J

167 1650 229 1697 ante
245 1643 376 1695 morietur
394 1658 474 1715 quam
485 1651 589 1712 cernat,
605 1650 665 1697 tcta
676 1641 818 1698 hereditas·
828 1641 861 1696 ad
873 1641 988 1697 alterum
1000 1644 1134 1716 pertiuet3
1265 1662 1266 1705 t

166 1725 238 1781 bona
253 1733 343 1780 autem
359 1725 446 1782 Latini
464 1743 513 1799 pro
536 1733 611 1800 parte
627 1719 813 1800 'deficientis²
827 1727 936 1800 patroni
951 1727 1051 1784 caduca
1064 1725 1136 1784 fiunt
1265 1712 1267 1859 p

74 1882 77 1884 μ
167 1810 243 1866 etad
260 1808 552 1885 populumpertinent.
973 1857 976 1864 .
1265 1868 1266 1901 ,

230 1891 279 1955 63.
303 1895 402 1952 Postea
418 1894 494 1971 Lupo
519 1905 547 1952 et
562 1897 651 1971 Largo
667 1896 825 1953 consulibus
839 1905 952 1952 senatus
967 1899 1083 1968 censuit,
1103 1907 1136 1954 ut
1265 1916 1266 1959 t

167 1979 403 2037 bonabatinorum
414 1981 531 2055 primum
544 1982 577 2038 ad
589 1998 650 2039 eum
662 1983 842 2057 pertinerent,
854 1984 901 2055 qui
914 1998 962 2038 ens
973 1981 1134 2048 liberasset;
1265 1974 1266 2001 ¹

165 2064 264 2121 deinde
280 2065 313 2122 ad
328 2065 428 2123 llberos
444 2084 539 2124 eorum
554 2085 610 2124 non
626 2069 783 2124 nominatim
799 2067 989 2138 exheredatos,
1006 2069 1045 2124 uti
1060 2069 1135 2141 qnis-
1265 2120 1266 2131 ,

167 2167 220 2225 que
235 2153 375 2226 proximus
392 2162 478 2226 esset3
501 2163 567 2209 tunc
581 2155 693 2226 antiquo
708 2155 768 2208 iure
782 2152 815 2208 ad
830 2152 944 2208 heredes
960 2169 1065 2228 eorum,
1087 2153 1134 2226 qui

165 2236 341 2310 liberassent,
369 2240 547 2311 pertinerent.
591 2233 641 2294 64.
666 2236 725 2304 Quo
741 2245 853 2292 senatus
875 2237 1010 2294 consulto
1025 2237 1135 2310 quidam
1265 2202 1266 2285 l

167 2313 256 2399 ’(ἡί)3
276 2330 366 2378 actum
381 2338 442 2376 esse
462 2330 576 2395 putant,
599 2330 630 2376 ut
650 2321 775 2377 inbonis
790 2319 947 2377 Latinorum
964 2323 1060 2378 eodem
1075 2324 1135 2377 iure

167 2415 282 2476 utamur,
305 2422 360 2479 quo
376 2405 479 2461 utimur
501 2407 528 2460 in
544 2405 698 2462 hereditate
713 2405 814 2461 ciuium
830 2406 1012 2462 Romanorum
1032 2406 1134 2462 liberti·

165 2507 278 2544 norum:
294 2482 407 2561 ’idque4
423 2491 535 2546 maxime
550 2489 656 2564 Pegaso
672 2489 788 2564 placuit3
804 2506 874 2563 quae
888 2493 1023 2547 sententie
1039 2500 1134 2564 aperte

166 2573 231 2629 lelsa
247 2581 303 2628 est:
327 2589 387 2628 nam
403 2576 470 2629 ciuis
486 2573 597 2631 Romani
618 2575 709 2631 liberti
725 2574 861 2630 hereditas
877 2591 1025 2649 numquam
1040 2576 1073 2630 ad
1088 2591 1133 2630 eu·

98 2655 155 2708 143.
168 2666 275 2713 treneos
304 2659 412 2731 patroni
436 2659 548 2716 heredes
573 2653 576 2739 (
601 2662 735 2736 pertinet:
765 2657 836 2714 hone
863 2667 952 2714 autem
975 2659 1134 2716 Latinorum

166 2736 266 2798 etiam⁵
283 2759 315 2798 en
337 2743 390 2798 boc
412 2745 472 2818 ipso
489 2754 599 2802 senatus
621 2745 748 2801 consulto
771 2760 827 2800 rron
850 2742 1020 2800 obstantibus
1040 2742 1133 2799 liberis

240 2859 260 2926 ²)
278 2861 454 2926 Transmonte,-
479 2867 505 2914 in
528 2865 553 2914 0.
574 2872 599 2913 et
617 2864 675 2913 edd.
695 2869 755 2910 onte
773 2877 818 2924 pro
840 2876 887 2926 qna
909 2866 978 2923 perte
1002 2861 1133 2925 lepumur.

165 2931 322 2984 Mommsenio
337 2943 444 2986 auctore
459 2933 496 3004 [et
510 2936 540 2984 ad
559 2936 638 2998 ipsum
652 2930 791 3000 petronem]
806 2933 846 2983 ed.
861 2931 936 2982 Stud.
965 2947 1016 2997 qua
1030 2933 1134 2983 ratione

164 3019 243 3054 verus
256 3020 346 3056 sensus
360 3023 455 3056 rursus
469 3007 601 3057 euerritur.
677 3000 764 3069 ²)uc
784 3003 876 3055 Gdsclr.
896 3007 929 3068 ej.
950 3003 1089 3052 decedentis
1106 3004 1133 3054 0.

167 3072 187 3142 8)
205 3075 297 3127 desen.
316 3086 388 3128 recle
406 3080 510 3128 addidit
529 3076 574 3140 (em
593 3075 678 3142 quid).
752 3073 775 3142 ⁴)
789 3077 836 3125 Bac
856 3075 948 3126 (ibach.
968 3078 1001 3138 cj.
1021 3076 1133 3140 idemque

167 3148 192 3197 0.
208 3149 247 3197 ed.
263 3148 311 3214 Bp.
382 3147 403 3215 ὅ)
419 3151 442 3199 b.
455 3165 475 3198 c.
487 3165 537 3198 uon
550 3155 649 3197 tentum
663 3150 770 3213 antiquo
780 3151 839 3198 iure
848 3149 896 3198 sed
908 3149 993 3197 eliam.

236 3251 261 3324 ᾗ.
277 3259 318 3308 59.
337 3257 375 3320 Of.
387 3256 418 3308 L.
428 3269 449 3306 4.
470 3258 493 3318 ξ.
509 3267 541 3307 13.
564 3255 589 3304 0.
605 3257 638 3305 de
653 3255 709 3306 bon.
725 3256 767 3308 lib.
783 3256 815 3320 (o,
829 3256 861 3321 4).
880 3255 913 3304 L.
928 3267 963 3306 34.
982 3255 1014 3303 Ι),
1028 3255 1060 3304 de
1075 3253 1132 3304 bon.

164 3325 207 3376 tib.
223 3327 268 3390 (33,
280 3328 311 3392 n).
367 3324 392 3396 ξ.
409 3329 451 3379 60.
473 3328 511 3390 Of.
532 3327 587 3392 Uip.
602 3339 636 3392 sa,
652 3339 672 3377 3.
688 3341 708 3380 o.
729 3327 805 3377 Paul.
821 3339 842 3389 3,
857 3339 877 3378 a.
897 3329 920 3389 ξ.
937 3340 957 3377 1.
977 3326 1009 3377 L.
1021 3339 1043 3376 4.
1063 3327 1086 3388 ξ.
1098 3336 1132 3375 13.

166 3397 192 3446 0.
208 3399 250 3447 cit.
266 3400 289 3460 ξ.
305 3410 325 3449 tt.
346 3397 415 3448 rue
429 3414 499 3449 succ.
516 3398 559 3448 tib.
581 3398 617 3466 (3,
638 3398 669 3465 t).
737 3395 762 3468 ξ.
783 3402 825 3451 61.
843 3399 882 3462 Cf.
902 3397 957 3461 Ulp.
978 3410 1016 3459 nt,
1030 3410 1051 3446 4.
1072 3398 1095 3458 ξ.
1110 3407 1133 3446 3.

165 3467 187 3516 Ι.
204 3468 235 3516 L.
250 3480 272 3518 4.
292 3471 315 3531 ἓ.
331 3481 365 3521 19.
388 3470 412 3519 0.
433 3472 476 3519 cit.
568 3467 594 3538 ξ
610 3473 652 3522 62.
674 3471 712 3534 Cf.
729 3471 805 3520 Paul.
820 3482 841 3531 3,
856 3481 877 3522 3,
892 3472 915 3531 ξ.
931 3480 950 3517 n.
967 3497 1001 3506 —
1015 3483 1097 3530 supra
1111 3479 1133 3528 2,

165 3549 211 3589 188.
228 3551 274 3590 150.
341 3536 365 3608 ξ.
383 3543 423 3592 63.
446 3541 484 3604 Cf.
500 3543 523 3603 §-
538 3553 559 3592 4.
579 3542 601 3591 I.
617 3543 650 3592 de
663 3558 733 3592 succ.
750 3541 792 3590 lib.
808 3540 840 3604 (3,
855 3539 886 3601 a).
907 3536 997 3607 largo]
1012 3554 1033 3587 a.
1047 3550 1075 3589 43
1089 3535 1133 3604 (ἲ).

164 3603 190 3675 ξ.
207 3611 249 3660 64.
271 3611 309 3673 Cf.
325 3613 365 3674 §§.
379 3623 414 3665 43.
430 3624 463 3666 58.
479 3641 513 3649 -
528 3613 560 3663 L.
576 3625 609 3664 40.
631 3615 663 3663 l).
678 3614 710 3662 de
725 3612 782 3661 bon.
797 3612 845 3661 tib..
857 3611 901 3678 (33,
917 3610 949 3676 3).
