2542 3909
388 195 527 234 avnost.
545 195 690 233 rasmcsvs.
709 193 866 230 eumenus.
1039 175 1101 240 865

148 342 201 380 τιτ.
214 316 307 395 φησιν
316 311 500 397 αδιοριστονς,
510 339 610 380 παντα
621 318 678 378 δον
694 324 1026 396 μινναποοτοίτνοίτονο,
1035 335 1099 392 qao

147 402 294 481 potiusnon
319 399 371 460 καί
401 401 522 479 πράξεις
549 399 680 500 ὀφείλειν
698 426 776 465 nram
788 411 871 464 etiam
883 414 973 464 const
989 403 1037 462 25.
1051 407 1103 462 itu·

148 478 679 590 ποιησαι,ἆλλᾶδηλονότιὲἆνῦπερ·
698 495 743 549 ius
776 495 817 549 tit
862 493 1024 548 indistincte
1054 493 1105 561 ait

147 567 239 668 βαίνη
254 563 322 626 τὸ
301 565 465 645 ωρισμίνον
479 567 612 630 ποσὸν
584 593 617 630 το
629 569 679 628 eo·
699 575 848 649 quemlibet
859 577 1025 632 donatorem
1038 581 1104 631 acta

148 648 216 716 θέν.
239 647 302 710 ἐπεὶ
316 672 366 708 παι
357 648 413 709 ἐκ
428 652 533 712 τούτου
553 652 680 731 canapo
699 660 804 716 debere
819 661 974 730 conficere,
995 661 1106 714 scilicet

150 756 213 808 ται,
241 732 287 792 ὅτι
307 742 390 792 πᾶσα
417 730 512 815 δωρεαὶ
538 734 681 816 γενομένη
700 747 733 814 si,
750 742 933 815 quantitatum
946 747 997 811 est
1015 743 1105 815 tepiti-

149 816 247 878 δεεται
257 839 307 878 και
298 815 492 897 πραξεως,
475 841 548 899 οπερ
558 819 680 881 ατοπον
700 845 774 884 marn
802 829 989 898 quantitatem
1018 839 1105 890 eecce·

148 898 307 980 ἆνοίγνωθι
327 900 383 981 γὰρ
402 901 456 980 τὴν
476 903 534 965 te'.
561 927 611 965 ναι
603 902 677 972 λς
700 911 758 965 dat.
797 908 930 982 Alioquin
953 924 992 965 coc
1008 923 1040 965 eo
1062 923 1106 964 se·

150 985 285 1059 διάταξιν
299 993 354 1045 τοῦ
367 985 513 1067 παρόντος
528 1011 580 1050 τιτ.
604 986 683 1065 πλὴν
701 1000 855 1067 queretur,
884 1007 991 1050 ornnem
1018 993 1106 1048 dono·

150 1067 257 1146 ἰστέον,
279 1066 324 1129 ότι
340 1069 525 1148 Δομνῑνος
511 1094 527 1132 ο
549 1077 681 1149 πολυμα-
701 1081 1106 1134 tionernetiamnctorumcon-

150 1153 222 1231 θής,
246 1150 353 1232 ὁέμὸς
375 1154 552 1229 διδάσκαλος
568 1154 682 1234 δέχεται
697 1161 824 1233 sectione
856 1162 999 1233 indipere,
1032 1161 1108 1233 quod

151 1235 183 1297 τὸ
198 1235 289 1338 ρἠτὸν
304 1246 356 1315 τῆς
370 1237 563 1318 προκειμένης
578 1237 681 1300 διανοί-
701 1245 857 1301 absurdum
873 1251 925 1301 est
947 1243 1022 1317 Lepe
1034 1247 1106 1300 enim

151 1324 222 1394 ξεως
237 1316 441 1399 ἆδιαστίπτας,
456 1320 655 1401 ναίφησιν,’
638 1345 682 1383 οτι
701 1335 791 1386 const.
818 1327 866 1384 34.
894 1335 922 1383 et
945 1325 994 1384 36.
1023 1327 1107 1383 liuius
1145 1347 1153 1362 ·

151 1401 210 1464 κᾶν
225 1402 406 1482 συμβόλαιον
424 1409 556 1514 προβῇ,
561 1404 620 1467 κᾶν
641 1405 681 1485 μὴ
700 1413 741 1469 tit.
816 1409 906 1469 Plane
960 1412 1106 1468 sciendum

150 1483 311 1567 ὑπερβῇο
294 1510 314 1564 η
343 1487 495 1583 δωρεὰ
467 1512 499 1550 το
521 1488 682 1596 εἰρημένον
702 1503 751 1565 cst,
774 1495 944 1551 Domninum
965 1495 1106 1551 eruditum

150 1577 212 1644 τοῖς
228 1571 328 1647 νόμοις
342 1564 446 1651 ποσὸν,
464 1575 546 1653 χρεία
560 1574 681 1646 πάντας
697 1584 920 1652 praeceptorem
946 1594 1037 1635 meum
1064 1582 1105 1635 in·

150 1654 202 1716 nui
228 1652 406 1758 πράξεως’
389 1657 609 1735 νπνμνημοίτων
635 1656 683 1718 ἐπὶ
701 1665 833 1720 distincte
869 1669 978 1720 textum
1022 1663 1106 1720 tinius

64 1777 68 1785 ·
152 1738 616 1857 τῆςπρόςσνμμεντὶςγενομένης
623 1742 682 1801 δον-
702 1749 912 1803 constitutionis
927 1750 1061 1817 occipere
1080 1754 1107 1802 et

152 1822 245 1901 ρεοῖς,1
268 1821 318 1882 nat
338 1820 444 1881 3ct“
403 1846 479 1901 αντη
502 1821 615 1884 ἐστὶν
597 1849 617 1903 η
634 1822 682 1884 ἐπὶ
701 1831 814 1901 dicere,
843 1831 909 1885 ticet
935 1833 1106 1885 instrumen-

151 1916 212 1966 τοῖν
219 1903 401 2010 εἰρημένων
425 1906 593 1988 προσώπων
618 1908 681 1967 δια·
702 1920 759 1970 tum
771 1913 884 1985 sactum
900 1916 950 1983 sit,
976 1919 1003 1968 et
1018 1913 1107 1969 dona·

151 2011 231 2095 φορα
241 1985 319 2094 πρὸς
339 1987 407 2061 τοὺς
427 1987 595 2063 ἐξωτικοὺς·
620 1989 683 2052 ἐπεὶ
702 2001 738 2053 tio
754 1997 864 2053 modum
878 1997 987 2069 tepibus
1002 1997 1107 2053 dictum

151 2074 222 2134 ποια
232 2065 271 2150 ην
281 2074 373 2152 χρεία
385 2094 440 2151 την
450 2073 585 2149 διαταξιν
596 2084 683 2136 τοῦτο
701 2097 757 2136 non
786 2084 963 2154 excesserit,
994 2084 1106 2138 omnino

151 2161 340 2235 νομοθετεῑν;
377 2156 429 2218 καί
460 2151 555 2236 οἶμαι,
592 2155 682 2230 αὐτὸς
703 2171 796 2220 tamen
809 2171 941 2220 actorum
953 2162 1107 2234 confectio

150 2246 263 2320 μᾶλλον
277 2246 375 2313 καλῶς
391 2239 520 2315 ἕδόξασε.
536 2275 577 2287 -
592 2246 680 2301 Theo·
699 2262 735 2302 ne
751 2262 824 2318 opus
839 2261 901 2303 esse
917 2250 1029 2303 etiam
1017 2264 1046 2302 tn
1059 2249 1106 2304 do·
1186 2311 1189 2319 Α

151 2330 213 2386 dori
228 2328 319 2386 Schol.
334 2330 366 2385 od
381 2327 410 2385 L.
428 2328 477 2387 27.
493 2329 522 2385 C.
538 2329 571 2384 dc
587 2328 679 2388 donst.
700 2333 816 2386 natione
838 2335 866 2386 in
890 2337 1028 2403 coenatos
1049 2333 1105 2388 col-

153 2410 193 2487 (8,
206 2406 282 2485 54).²
298 2411 440 2471 Basil.47.
453 2412 482 2473 1.
497 2429 521 2469 c.
534 2412 583 2470 60.
596 2411 679 2472 NV.
699 2416 761 2469 tota
778 2420 805 2468 et
827 2414 881 2470 noc
903 2417 1042 2471 interesse
1064 2419 1107 2471 in·
1203 2453 1206 2458 -

102 2521 106 2527 ·
152 2513 179 2568 p.
196 2495 267 2554 585.
283 2496 387 2557 Hcimb.
702 2503 747 2552 ter
779 2498 873 2553 dictas
907 2513 1050 2568 personas
1078 2506 1106 2553 et

150 2588 323 2639 extraneos:
345 2583 471 2654 alioquin
486 2580 555 2651 quid
567 2592 687 2635 necesse
701 2587 778 2650 erat,
804 2583 1030 2638 constitutionem
1051 2582 1107 2639 noc

5 2732 6 2735 Ἴ
151 2669 287 2722 sancire?
317 2665 355 2721 Ei
365 2671 437 2737 puto
452 2678 515 2721 eum
530 2665 639 2719 rectius
653 2663 793 2719 docuisse

79 2765 140 2817 [τοι]
193 2747 221 2808 6.
255 2748 361 2820 plenam
383 2755 544 2819 potestatem
571 2737 678 2820 agendi]
742 2745 831 2805 Hunc
852 2751 946 2806 iocum
969 2756 1106 2820 tanquam

154 2833 247 2889 Τοῦτο
272 2824 422 2932 xaptov‘
400 2851 442 2901 ως
467 2825 534 2907 περὶ
559 2847 679 2906 γενιπον
699 2831 734 2886 cie
755 2834 888 2903 peneraii
907 2840 1106 2903 procuratore

151 2908 619 3016 προνονρατωροςὸηρωςΠατρί
617 2929 680 2981 νιος
700 2911 879 2988 (toquentem)
902 2916 1028 2986 inclytus
1050 2914 1106 2970 Pu·

151 2993 285 3074 ἐνόησεν,
296 2991 456 3098 αναμαμών
465 2994 515 3058 καί
524 2990 680 3074 apposni
699 3000 802 3053 tricius
844 3000 936 3069 cepit,
980 2999 1107 3055 laudans

150 3101 209 3156 ην
219 3077 313 3152 ουτως
324 3079 397 3141 uoti
412 3079 582 3160 aenoandron.
606 3075 680 3158 ’Dpoi
700 3082 782 3138 etiam
801 3080 1035 3154 Demosthenem,
1058 3086 1108 3155 qui

150 3159 184 3222 δὲ
199 3183 234 3222 ον
225 3157 357 3240 ’νομίζω
377 3167 462 3226 τοῦτο
481 3164 681 3243 ἐμφαίνεσθαι
698 3169 738 3222 ita
757 3165 787 3221 id
806 3167 924 3236 ceperit.
956 3165 1017 3237 Epo
1037 3180 1105 3222 uero

224 3457 306 3524 ¹)Ea
326 3460 425 3513 Heimb.
447 3464 479 3526 τό.
501 3455 599 3513 ἔπειτα
621 3455 654 3512 ot
678 3476 707 3511 π.
726 3472 749 3510 o
768 3450 905 3523 γενομένη
929 3447 1022 3520 ἃωρτα
1046 3458 1105 3508 cdd.

152 3525 223 3597 ²)=
238 3530 269 3583 L.
284 3541 304 3583 ο
328 3531 372 3582 H
390 3531 563 3582 Owdedonat
579 3530 612 3597 (s,
626 3529 662 3597 1ο)
681 3529 842 3581 Constantini
856 3543 879 3576 a.
894 3536 941 3578 ³³3.
957 3525 1027 3578 data.

202 3629 523 3662 mmuwmmm
547 3631 570 3661 v.
859 3621 892 3671 56
