2542 3909
181 202 241 268 162
392 221 489 258 reson.
509 221 561 258 svn.
581 220 748 260 33331333.
770 207 917 258 159-167.

180 353 292 409 amieiue
318 358 399 424 atque
421 352 570 425 municipes
598 366 646 406 eos
669 348 854 406 tautummodo
882 351 1036 420 nominent,
1065 365 1141 422 quos

180 451 265 506 33333
286 434 433 508 conplexus
461 451 536 502 sum;
566 434 713 492 uicinitatis
740 442 830 490 autem
856 434 915 489 lure
942 449 1021 488 neme
1044 434 1141 506 potior
1153 438 1225 492 [3331

180 513 385 577 existimetur.'¹

241 597 302 660 tte.
331 593 438 673 ²lmpp.
460 606 552 658 nostri
571 600 648 658 tielio
669 600 793 658 biodoto.
837 597 965 656 ‘Tutores
987 598 1139 655 secundnm

179 687 263 759 patris
279 684 446 744 uoluntatem
462 684 572 741 decreto
587 685 732 758 praetoris,
754 683 894 740 clarissimi
910 684 971 753 uiri,
994 685 1070 756 quod
1079 699 1139 738 non

181 770 239 824 1333
249 777 410 824 testamento
427 767 471 824 uel
483 768 614 826 codicillis
625 767 681 823 dati
696 766 813 837 1333331,
828 764 1002 824 eoniirmatos
1014 768 1138 839 potiores

180 853 318 910 nominare
338 867 419 925 posse
442 867 497 908 333
519 850 697 908 arbitramur:
720 866 782 908 nam
803 850 931 907 iudicium
952 852 1051 924 patris,
1073 850 1156 907 licet·

179 937 239 992 iure
255 931 371 1006 deficiat,
391 935 553 992 seruandum
565 932 630 992 est.'

241 1013 306 1076 160.
337 1019 413 1076 item.
445 1017 569 1076 Libertus
591 1009 694 1074 ’sieut³
717 1033 849 1074 excusare
870 1033 902 1074 se
922 1033 939 1073 a
959 1015 1070 1088 tutelis,
1097 1018 1138 1073 ita

179 1095 289 1158 ’etinm⁴
303 1103 436 1175 potiorem
451 1103 590 1158 nominare
605 1109 706 1174 potest.

242 1180 297 1244 161.
319 1185 394 1242 ltem.
423 1184 460 1242 Ex
483 1201 514 1240 en
535 1185 591 1255 113,
615 1201 647 1241 er
669 1201 723 1257 qua
738 1185 798 1258 quis
820 1186 954 1258 potiorem
976 1185 1137 1256 nominauit,

73 1260 308 1364 91·1>·[,,]13133333
325 1267 448 1326 omnibus
463 1261 638 1346 sessiolnibns
649 1267 781 1324 aduersus
794 1283 866 1339 eum,
881 1284 962 1340 quem
975 1268 1138 1340 nominauit,

73 1341 131 1382 ⁹²³¹
183 1353 257 1410 31133
279 1350 370 1424 debet,
392 1367 480 1426 usque
501 1351 564 1408 dnn
587 1367 693 1410 causam
716 1349 799 1408 finiat.
842 1361 962 1408 ceterum
983 1353 1006 1407 si
1020 1351 1136 1424 aliquam

180 1438 330 1492 sessionem
357 1437 532 1492 intermiserit
560 1437 599 1507 13,
629 1436 676 1508 qui
703 1437 838 1508 potiorem
865 1436 1031 1506 nominauit,
1059 1452 1136 1509 prae·

180 1521 329 1592 scriptione
351 1519 512 1576 excluditur.
556 1518 634 1591 plane
657 1517 703 1575 ilia
716 1519 813 1589 333313,
835 1518 953 1592 quaeda
970 1518 1136 1592 313333313-

180 1601 284 1672 bratur,
299 1603 324 1658 ei
339 1615 394 1660 non
409 1601 611 1674 conputabitur.

243 1680 306 1746 162.
329 1685 404 1741 item.
433 1684 460 1740 Si
475 1686 509 1759 is,
526 1685 571 1758 qui
586 1686 721 1758 potiorem
736 1687 893 1751 nominauit,
908 1686 1013 1742 litteras
1027 1687 1136 1759 petierit

181 1768 214 1826 31
234 1770 424 1842 magistratus,
447 1777 478 1824 ut
499 1768 654 1841 conpellant
668 1773 735 1826 ’3331
757 1765 875 1840 3331331
897 1786 978 1843 quem
1000 1771 1135 1843 potiorem

180 1854 344 1922 nominauit,
366 1845 570 1928 '(pcstquum)⁶
592 1852 701 1909 libellos
722 1852 811 1924 dedit,
833 1845 943 1910 ’altera⁷
966 1855 1009 1910 die
1031 1853 1135 1910 litteras

180 1937 301 2010 accipere
317 1936 412 2008 debet,
433 1953 466 1994 33
480 1935 683 2010 magistratibus
704 1936 817 1994 reddere
832 1952 882 2010 per
896 1936 1135 1993 dinumerationem

180 2021 304 2076 nicenum
319 2018 420 2076 millum
435 2013 589 2094 passuum⁸

242 2097 307 2162 166.
328 2102 396 2160 item
417 2097 498 2160 illud⁹
521 2119 615 2160 curare
637 2101 732 2176 debet,
754 2110 786 2160 ut
807 2104 877 2160 13133
898 2103 973 2174 diem,
991 2103 1134 2176 decimum,

181 2202 261 2260 quam
276 2185 380 2243 litteras
395 2185 511 2243 reddidit
526 2184 738 2260 magistratibus,
753 2181 927 2261 rescriptas¹⁰
942 2184 1084 2261 deposeat:
1106 2194 1134 2244 31

181 2270 227 2326 ubi
241 2286 287 2327 333
309 2272 451 2343 acceperit,
475 2286 524 2343 per
546 2270 785 2328 dinumerationem
807 2264 1134 2328 ’31331133313113333311

180 2352 296 2424 debebit,
313 2360 342 2410 et
356 2354 379 2409 si
393 2355 541 2410 sessionem
557 2355 692 2410 inuenerit
706 2370 756 2426 pro
773 2352 908 2425 tribunali,
931 2353 1045 2411 reddere
1058 2370 1133 2428 prae-

181 2439 243 2508 1331,
261 2445 292 2493 31
307 2435 437 2493 33133131
451 2451 500 2494 333
516 2453 606 2509 manu,
622 2437 696 2510 quod
712 2429 826 2494 uolet.¹²

182 2569 392 2581 ..m

253 2636 273 2705 1)
293 2639 383 2704 Itaque
402 2646 499 2690 utnon
516 2642 647 2704 municeps
669 2642 819 2705 municipem
835 2642 964 2705 potiorem
981 2642 1131 2700 nominaret,

180 2709 230 2760 bac
244 2711 362 2761 33311333
375 2725 426 2760 333
440 2711 572 2761 sublatum.
604 2710 643 2774 Cf.
657 2713 681 2773 6.
696 2723 743 2763 133.
802 2708 824 2775 ¹)
837 2731 872 2754 ιι
886 2713 910 2772 5.
926 2721 974 2763 113.
994 2711 1033 2775 Cf.
1047 2713 1071 2774 ς.
1084 2723 1130 2762 att.

181 2776 203 2846 ⁸)
218 2782 235 2831 1.
250 2795 272 2830 3.
287 2787 419 2844 quotenus.
435 2782 475 2842 ἐξ.
491 2793 537 2834 113.
553 2793 600 2832 311.
658 2779 680 2846 ⁴)
694 2796 739 2830 nec
757 2780 816 2831 Vnt.
831 2782 889 2831 edd.
906 2780 1061 2832 Necessario
1075 2796 1133 2832 eor·

179 2852 242 2902 3331
260 2850 329 2915 (item
347 2866 416 2900 nuno
434 2851 547 2901 Montano.
562 2851 585 2899 n'
605 2850 633 2899 V
633 2847 678 2916 1,),
693 2853 850 2915 praesertim
868 2866 925 2901 cum
943 2859 1021 2902 antea
1038 2852 1131 2902 dietum

179 2923 242 2972 3113
256 2920 336 2972 tutelis
350 2937 401 2971 non
416 2936 429 2969 3
444 2922 515 2970 131313
535 2921 664 2972 liberorum
682 2923 783 2985 patroni.
857 2919 878 2985 ⁶)
897 2921 930 2971 In
948 2923 990 2972 133
1006 2923 1131 2987 sequendo

180 2998 301 3057 actorem,
316 2993 361 3056 qui
375 2994 430 3054 1333
440 2992 545 3055 frustra
558 3007 671 3042 eunoun
680 2993 875 3042 denuntiatione
884 2991 1064 3059 uocauerotffi.
1075 2991 1130 3058 tet),

180 3063 282 3120 addito,
297 3068 325 3111 31
339 3070 416 3125 3313,
435 3064 461 3111 ot
472 3063 545 3125 sequi
561 3076 590 3111 33
603 3064 667 3112 33113
684 3064 756 3112 intra
774 3063 898 3112 deotmunt
916 3063 982 3112 diem
996 3064 1131 3126 profertur

180 3140 254 3191 33331,
269 3134 421 3196 apparitore
436 3147 491 3182 cunr
505 3133 589 3182 literis
603 3134 753 3196 rescriptis,
767 3134 812 3198 qui
822 3133 891 3198 supa
904 3147 959 3182 eum
969 3133 1131 3197 prohiberet,-

180 3205 221 3253 313
236 3205 327 3260 minua,
341 3201 390 3252 133
404 3204 486 3265 131333
496 3205 618 3265 praetori
632 3203 675 3252 die
688 3203 786 3253 decimo
800 3201 967 3254 rescribendo
981 3201 1016 3269 (6.
1031 3203 1089 3270 133).

182 3270 203 3338 1)
217 3272 262 3321 Ere
275 3273 370 3322 1131133.
386 3275 418 3336 ej.
432 3274 556 3336 33331331.
581 3272 619 3322 De
634 3272 728 3322 11131113
741 3273 792 3322 uid.
807 3274 832 3335 1.
846 3285 894 3326 ted.
946 3270 966 3337 1)
980 3273 1026 3323 Ex
1039 3274 1129 3325 Helico.

180 3343 278 3477 33.
290 3342 435 3462 333
451 3343 613 3479 utus
628 3339 651 3463 t
667 3342 855 3463 333
866 3342 1130 3482 cantens·

188 3482 317 3547 Wiedinp.
332 3481 488 3547 Libeltproc.
500 3500 529 3547 3.
544 3494 590 3534 oue.
644 3479 677 3548 ¹¹)
692 3482 784 3533 Melina
796 3429 908 3542 31313θί1133,
922 3429 991 3548 31161
1003 3451 1131 3549 acceptura

181 3558 220 3601 331
237 3553 341 3602 similius.
417 3550 450 3618 ¹¹)
467 3553 547 3611 Puta,
566 3555 593 3602 13
613 3555 655 3602 ius
672 3568 723 3606 non
737 3555 836 3606 neuim
855 3556 965 3604 alterum
982 3556 1019 3605 ud
1031 3571 1131 3607 3333331
