2542 3909
176 228 218 285 96
521 234 545 269 c.
563 231 657 268 annus
677 230 785 267 ennnva.

174 359 323 417 antestari'.
338 390 381 401 -
395 359 523 415 Priscian.
540 358 569 429 8,
593 358 642 415 16.
658 375 686 431 p.
703 356 763 415 892
781 356 823 413 ed.
840 356 951 413 Putsoh.
971 374 999 429 p.
1016 355 1077 413 382
1094 356 1143 414 ed.

174 445 265 501 Hertz.

236 524 263 586 7.
284 526 432 599 ‘Municeps
446 526 513 599 est’‚
535 536 566 583 ut
581 527 619 581 ait
633 524 726 581 Aelius
742 524 851 595 Gallus,
872 523 930 597 ‘qui
946 526 974 579 in
990 526 1144 597 municipio

175 611 243 667 liber
257 620 337 667 natus
353 618 405 667 est.
434 610 500 666 ltem
516 612 563 683 qui
578 627 611 666 ex
625 608 679 665 alio
695 624 795 683 genere
810 608 950 664 hominum
965 624 1064 664 munus
1077 607 1144 665 lun·

175 704 235 751 ctus
250 703 302 753 est.
331 694 396 750 ltem
412 696 458 767 qui
473 696 501 749 in
516 693 662 766 municipio
678 709 710 748 θιι
725 694 859 748 seruitute
874 708 904 747 se
918 691 1069 749 liberauita
1080 708 1144 749 mu·

175 781 272 853 nicipe.
306 778 373 834 item
391 779 540 850 municipes
561 784 646 846 erant,
670 777 716 849 qui
737 792 769 830 ex
785 775 843 831 aliis
857 774 1011 832 ciuitatibus
1027 776 1144 833 Romam

175 863 327 932 uenissent,
343 861 439 935 quibus
454 878 510 917 non
525 860 623 916 licebat
639 862 826 933 magistratum
842 875 952 932 capere,
969 859 1017 915 sed
1035 868 1143 915 tautum

174 948 295 1002 muneris
310 944 435 1019 partem'.
453 974 492 985 -
508 943 582 1001 Fest.
597 962 623 999 v.
640 942 778 1016 Municeps
793 961 819 1016 p.
836 942 904 999 142.

168 1047 170 1051 ·
238 1028 266 1088 8.
289 1028 450 1085 ‘Necessarii
465 1032 553 1099 sunt’‚
568 1037 599 1083 nt
614 1027 706 1082 Gallus
721 1027 814 1083 Aelius
831 1029 878 1098 ait,
894 1022 953 1100 ‘qui
968 1034 1014 1082 aut
1029 1029 1144 1095 cognati

175 1123 221 1170 aut
235 1113 330 1169 affines
346 1121 420 1182 sunt,
434 1114 462 1168 in
477 1129 547 1185 quos
562 1112 714 1167 necessaria
730 1110 818 1167 officia
832 1110 1011 1167 conseruntur
1029 1118 1144 1183 praeter

175 1198 307 1257 ceteros'.
322 1225 361 1236 -
378 1195 450 1250 Fest.
467 1213 492 1248 v.
507 1195 656 1250 Necessarii
672 1212 700 1267 p.
719 1194 789 1250 162.

238 1279 268 1338 9.
289 1278 404 1335 ‘Nexum
424 1277 489 1348 est',
512 1280 548 1334 ait
564 1277 655 1333 Gallus
671 1277 780 1350 Aelius,
805 1266 1002 1351 lquodcunque
1022 1294 1074 1351 per
1094 1294 1142 1333 aes

176 1372 204 1420 et
225 1364 320 1420 libram
342 1364 462 1437 geritur,
489 1361 571 1435 idque
592 1362 665 1418 necti
687 1361 799 1433 dicitur,
821 1378 876 1434 quo
899 1363 926 1416 in
949 1377 1050 1435 genere
1073 1371 1142 1419 suut

175 1450 256 1505 haec:
271 1447 427 1503 testamenti
443 1445 541 1517 factio,
558 1447 620 1501 nexi
636 1444 724 1517 datio,
740 1448 801 1501 neri
817 1445 949 1505 liberatio.
970 1474 1005 1485 -
1022 1445 1098 1502 rest.
1115 1464 1140 1501 r.

175 1533 278 1588 Nexum
292 1548 320 1604 p.
339 1528 409 1586 165.

239 1613 287 1672 10.
313 1612 457 1686 Periugam
486 1612 577 1668 Gallus
599 1613 691 1669 Aelius
713 1614 766 1684 ait,
793 1612 838 1685 qui
866 1612 935 1669 liber
962 1621 1008 1669 aut
1029 1625 1193 1682 εθιιιιιε,[θι]

176 1699 273 1755 ’hostis
287 1704 335 1753 aut
349 1691 407 1753 sui¹
421 1697 563 1752 uoluntate
578 1696 611 1752 ad
626 1697 720 1754 hostes
742 1698 890 1753 transierit.
921 1695 971 1763 Qut
986 1696 1057 1752 idern
1073 1696 1141 1752 dioi-

177 1792 223 1838 tur
237 1781 393 1854 transfuga:
410 1797 562 1854 quanquam
573 1790 648 1852 sunt,
665 1782 709 1853 qui
722 1780 840 1852 credant,
856 1779 998 1854 perfugam
1011 1795 1141 1837 essenon

177 1872 240 1935 tam,
265 1866 311 1937 qui
334 1864 400 1919 alios
423 1865 525 1937 fugiat,
549 1881 628 1937 qnam
652 1866 699 1938 qui
722 1864 756 1920 ob
778 1879 854 1936 spem
876 1863 1082 1919 commodorum
1105 1864 1140 1921 ad

177 1950 329 2023 quempiam
343 1947 490 2022 perfugiat.
505 1979 545 1988 -
562 1947 635 2004 Fest.
651 1966 672 2003 v.
690 1946 834 2019 Perlugam
850 1964 877 2020 p.
894 1946 966 2007 214.

241 2030 280 2089 IL
379 2040 406 2087 at
421 2033 535 2088 alterum
552 2029 598 2104 (sc.
615 2039 754 2105 petrarum
770 2026 867 2105 genus)
885 2047 966 2087 manu
981 2030 1091 2093 iactum.
1109 2043 1143 2089 ut

177 2117 258 2173 docet
277 2116 368 2173 Aelius
389 2116 495 2172 Gallus:
515 2115 603 2189 ‘petra
624 2124 681 2186 est,
702 2117 749 2188 qui
769 2115 845 2171 locus
861 2114 956 2171 deutra
977 2132 1007 2171 ac
1027 2116 1142 2171 sinistra

176 2202 307 2259 fornicem
328 2201 453 2275 expletur
473 2216 560 2273 usque
579 2200 613 2255 ad
632 2198 820 2255 libramentum
836 2200 932 2254 summi
948 2198 1081 2255 lomicis’.
1100 2228 1140 2241 -

177 2285 249 2341 rest.
266 2303 290 2346 v.
303 2284 445 2341 Petrarum
464 2302 492 2357 p.
509 2283 581 2341 206.
903 2284 906 2291 '

239 2366 284 2428 12.
305 2368 457 2423 ‘Possessio
473 2367 538 2437 θεῖ’,
554 2374 585 2421 ιιι
599 2364 693 2421 definit
708 2365 799 2422 Gallus
815 2366 921 2438 Aelius,
937 2367 1014 2423 ‘usus
1031 2364 1142 2440 quidam

178 2454 237 2526 agri
251 2459 299 2507 aut
312 2449 435 2520 aedificii,
450 2466 506 2504 non
517 2452 576 2522 ipse
591 2449 691 2504 fundus
706 2458 754 2506 aut
768 2466 841 2525 ager.
872 2466 928 2507 non
943 2451 1013 2506 eninr
1030 2466 1144 2523 posses·

177 2538 218 2591 sio
239 2542 282 2590 est
301 2538 331 2590 in
351 2534 449 2604 rebus,
471 2549 539 2605 quae
555 2535 778 2607 longipontum,
794 2550 849 2591 nec
863 2536 909 2607 qui
925 2534 991 2589 dicit
1004 2550 1035 2589 se
1049 2535 1142 2607 possi·

177 2620 256 2689 dere,
273 2620 298 2673 is
314 2634 390 2673 suam
404 2632 462 2672 rem
477 2624 569 2689 potest
583 2617 681 2673 dicere.
706 2620 796 2691 itaque
807 2620 835 2673 iu
844 2618 973 2691 legitimis
985 2618 1141 2675 actionibus

178 2718 258 2758 nemo
274 2718 306 2756 er
321 2703 380 2757 iure
396 2699 537 2767 Quiritium
553 2704 754 2775 possessiouem
771 2694 846 2758 suam
862 2718 961 2759 uocare
977 2702 1073 2773 audet,
1089 2702 1141 2757 sed

178 2786 211 2842 ad
225 2784 399 2841 interdictum
415 2786 503 2855 uenit,
519 2793 550 2840 ut
564 2794 675 2859 praetor
689 2794 780 2841 utatur
796 2786 836 2843 his
858 2784 962 2841 uerbis:
986 2802 1041 2844 vm
1056 2800 1141 2844 nvnc

177 2883 363 2927 nossmnms
379 2885 443 2925 nvn
456 2885 598 2941 rvsnvn,
620 2866 702 2945 olto)
724 2867 787 2942 ola)
803 2866 954 2944 clamve),
977 2885 1062 2935 oron
1077 2884 1141 2927 nnc

177 2970 211 3012 vr
225 2968 286 3009 uno
302 2968 385 3010 onam
398 2969 459 3011 nno
470 2969 626 3012 nancnnto
639 2970 742 3011 Annus
753 2970 793 3009 nn
804 2970 926 3012 nurnno
939 2968 1139 3027 rosemanus,

178 3142 249 3192 quem
264 3142 392 3191 nunquam
405 3127 458 3175 nisi
471 3127 561 3176 addito
573 3126 644 3176 Galli
657 3128 805 3190 cognomine
816 3127 923 3175 laudari
931 3126 1020 3179 video:
1033 3134 1058 3176 et
1068 3129 1140 3177 nari·

179 3205 225 3248 ant
241 3197 318 3254 Cdd‚,·
331 3199 465 3248 meliores:
478 3198 571 3258 melius,
587 3198 655 3246 unde
672 3196 709 3245 M.
725 3196 849 3247 Hertzius
863 3212 946 3261 nuper
960 3199 992 3247 de
1007 3197 1043 3247 M.
1060 3198 1140 3247 Liuio

177 3270 265 3318 Druso
279 3275 313 3317 tr.
324 3271 361 3332 pl.
377 3269 513 3331 cogitavi&
531 3269 607 3317 cuius
620 3269 667 3316 oisc
680 3269 816 3331 quicquam
829 3268 865 3317 ad
880 3268 1017 3319 Prisciani
1030 3276 1140 3319 oetatem

173 3341 330 3403 pervenerit.
362 3335 382 3404 ¹)
390 3338 495 3401 Scripsi
499 3355 510 3394 ;
520 3340 608 3401 poscis
617 3346 700 3388 tamen
715 3340 791 3388 etionr
805 3346 920 3389 tentare:
934 3354 1018 3388 seruus
1028 3340 1085 3389 haut
1095 3340 1140 3388 ho·

178 3411 231 3472 stis,
245 3425 296 3470 sua,
310 3417 339 3459 nt
352 3417 488 3472 captusex
498 3408 720 3468 ostentantibus,
736 3411 781 3473 qni
786 3411 946 3473 postliminio
957 3410 992 3459 ad
1001 3424 1044 3459 eos
1054 3410 1140 3459 redie-

177 3482 222 3543 rit,
236 3481 349 3545 perfuga
363 3480 418 3529 dici
431 3486 547 3543 nequeat.
575 3487 615 3528 aut
628 3480 705 3529 hostis
720 3482 756 3529 sui
773 3480 818 3530 Od.
832 3496 874 3530 sua
889 3478 991 3544 (deletis
1001 3480 1140 3543 prioribus

178 3548 293 3615 vocibus)
307 3552 340 3613 ej.
355 3549 459 3598 Miller.
