2542 3909
173 214 214 273 74
516 222 546 256 rs.
563 221 673 257 1111111
692 220 792 259 c1csno.

172 349 253 405 modo
270 348 313 403 uel
329 345 488 403 consulatus
504 348 652 420 uituperari
663 356 765 419 potest,
781 348 805 404 si
817 346 971 419 consulum,
987 364 1057 421 quos
1068 352 1135 404 eno*-

173 448 276 488 merare
291 430 371 502 nolo,
386 440 497 503 peccata
511 430 673 505 collegeris3
691 447 743 504 ego
759 430 831 487 enim
846 431 952 503 fateor,
968 432 996 487 in
1011 432 1062 487 ista
1076 433 1136 504 ipsa

174 522 311 589 potestate
325 514 415 570 inesse
430 514 557 587 quiddam
568 514 641 585 mali,
659 514 706 570 sed
716 514 828 583 bonum,
841 514 915 587 quod
927 523 971 571 est
982 516 1136 587 quaesitum

173 601 201 655 in
216 615 257 670 ea,
272 600 330 654 sine
346 599 400 654 isto
415 596 486 653 malo
502 614 558 655 non
571 597 744 653 haberemus.
776 598 869 654 ‘nimia
890 606 1014 671 potestas
1029 606 1073 655 est
1087 601 1136 655 tri·

172 683 307 739 hunorum
327 681 437 755 plebis!
474 684 534 755 quis
554 682 654 755 negati
674 682 723 739 sed
743 684 785 738 uis
804 682 901 756 populi
920 682 1007 740 multo
1029 685 1138 739 saeuior

172 766 314 839 multoque
334 766 537 830 uehementior,
559 781 644 837 quae,
666 764 762 821 ducem
784 766 858 839 quod
878 764 975 832 habet,
998 766 1138 822 interdum

173 850 260 906 lenior
275 857 326 920 est,
342 866 422 922 quam
437 851 460 905 si
474 849 581 904 nullum
591 848 715 918 haberet;
730 849 784 904 dux
799 850 871 908 enim
885 866 937 906 suo
950 848 1002 921 (se)
1013 849 1137 923 periculo

172 932 302 1008 progredi
322 936 439 1007 cogitat,
462 934 557 1006 populi
577 933 697 1005 impetus
718 933 831 1005 periculi
859 935 992 990 rationem
1015 934 1058 988 sui
1080 948 1139 990 non

172 1017 260 1075 hahet.
291 1016 332 1073 ‘at
350 1016 493 1091 aliquando
508 1016 685 1073 incenditur!
715 1012 765 1073 24.
787 1025 815 1073 et
837 1016 945 1089 quidem
965 1032 1045 1091 saepe
1060 1016 1139 1073 seda·

173 1112 230 1161 tur.
260 1101 334 1174 quod
349 1104 421 1157 enim
436 1108 478 1155 est
493 1110 547 1155 tam
562 1099 736 1173 desperatum
746 1099 902 1173 collegium,
920 1102 948 1155 in
961 1117 1017 1173 quo
1029 1115 1109 1157 nemo
1122 1116 1139 1156 e

173 1186 266 1241 decem
286 1200 350 1240 sana
370 1193 460 1238 mente
480 1183 535 1238 siti
555 1185 622 1256 quin
642 1184 731 1256 ipsum
746 1183 787 1239 Ti.
804 1182 953 1240 Gracchum
975 1200 1031 1240 non
1046 1183 1138 1240 solum

173 1268 335 1341 neglectus,
354 1266 402 1322 sed
424 1267 504 1322 etiam
519 1265 644 1323 sublatus
659 1268 823 1323 intercessor
838 1268 955 1336 euertit3
977 1267 1043 1339 quid
1063 1270 1139 1324 enim

101 1383 104 1388 ,
173 1352 249 1408 illum
264 1349 336 1405 aliud
351 1350 476 1423 perculit,
493 1350 546 1405 nisi
556 1350 631 1421 quod
643 1357 809 1423 potestatem
821 1350 1001 1408 intercedenti
1013 1350 1140 1425 collegae

174 1434 336 1508 abrogauit?
361 1432 409 1489 sed
429 1442 461 1488 tu
480 1435 640 1507 sapientiam
661 1435 792 1491 maiorum
813 1436 841 1491 in
861 1433 909 1490 illo
929 1430 1017 1491 uide:¹
1033 1429 1139 1509 (cum)¹

174 1534 303 1576 concessa
315 1516 404 1591 plebei
419 1524 463 1573 est
476 1534 490 1572 a
505 1517 626 1591 patribus
642 1518 694 1574 ista
709 1525 831 1591 potestas
839 1512 862 1589 ‚²
883 1534 955 1575 arma
969 1517 1138 1591 ceciderunt,

174 1604 304 1659 restincta
323 1600 422 1656 seditio
443 1610 500 1671 est,
521 1603 663 1657 inuentum
684 1608 727 1658 est
750 1610 1009 1675 temperamentum,
1023 1618 1080 1675 quo
1096 1610 1139 1659 te·

174 1688 285 1754 nuiores
306 1700 368 1741 cum
383 1685 550 1758 principibus
565 1687 675 1759 aequari
691 1702 720 1741 se
734 1693 880 1758 putarent,
899 1688 928 1742 in
943 1702 998 1759 quo
1014 1701 1070 1742 uno
1085 1686 1140 1742 luit

175 1771 293 1827 ciuitatis
306 1768 387 1823 salus.
414 1767 453 1823 ‘at
466 1768 521 1825 duo
537 1768 649 1825 Gracchi
663 1768 798 1825 luerunt?
825 1777 853 1825 et
864 1777 974 1844 praeter
984 1785 1032 1826 eos
1045 1786 1139 1842 quam·

175 1856 218 1909 uis
233 1868 376 1909 enumeres
389 1851 490 1908 multos
506 1851 580 1923 licet,
597 1869 659 1909 cum
673 1852 737 1909 deni
750 1861 889 1923 creentur,
905 1848 985 1929 (non)
1001 1852 1093 1909 nullos
1110 1855 1139 1909 in

176 1938 250 1994 omni
264 1937 392 1993 memoria
405 1937 526 2010 reperies
542 1937 712 2010 perniciosos
727 1936 863 2006 tribunos,
884 1935 967 2008 leues,
984 1936 1066 1993 etiam
1080 1952 1138 1993 non

175 2022 278 2091 bonos,
302 2020 417 2075 sortasse
437 2021 544 2093 plures:
570 2019 670 2076 inuidia
690 2020 799 2093 quidem
819 2036 941 2077 summus
961 2020 1029 2075 ordo
1051 2030 1138 2091 caret,

175 2104 268 2180 plebes
289 2104 323 2159 de
342 2120 393 2159 suo
413 2105 472 2159 iure
492 2103 660 2177 periculosas
681 2106 870 2160 contentiones
885 2104 972 2160 nullas
987 2103 1060 2165 iacit.
1090 2101 1138 2163 25.

176 2205 256 2263 quam
271 2187 306 2245 ob
320 2205 378 2245 rem
392 2196 439 2243 aut
450 2186 574 2259 exigendi
585 2202 665 2259 reges
675 2203 732 2242 non
749 2188 860 2243 luerunt
875 2197 921 2244 aut
935 2186 1009 2262 plebi
1024 2204 1064 2260 re,
1080 2203 1138 2244 non

175 2271 260 2329 uerbo
276 2272 361 2328 danda
375 2270 499 2327 libertas:
520 2287 588 2343 quae
610 2278 701 2326 tamen
716 2272 756 2327 sic
769 2271 831 2327 data
846 2281 897 2341 est,
915 2279 945 2326 ut
960 2271 1051 2327 multis
1068 2268 1137 2345 (me-

175 2350 263 2430 ritis)3
291 2353 511 2429 praeclarissimis
538 2354 732 2420 adduceretur,
756 2364 788 2410 ut
808 2356 965 2411 auctoritati
985 2356 1139 2429 principum

175 2440 292 2496 cederet.
321 2438 364 2498 lil.
385 2446 481 2492 nostra
500 2444 591 2493 autem
605 2454 695 2509 causa,
716 2455 795 2513 quae,
810 2446 922 2512 optume
936 2448 965 2495 11
980 2438 1138 2496 dulcissime

175 2523 269 2594 irater,
291 2520 387 2577 incidit
400 2522 428 2575 in
442 2518 611 2576 tribuniciam
626 2529 800 2593 potestatem,
821 2522 889 2579 nihil
911 2521 1005 2579 habuit
1023 2530 1138 2581 conten·

175 2607 258 2662 tionis
276 2621 337 2661 cum
352 2602 508 2672 tribunatu3
528 2619 583 2660 non
603 2606 676 2660 enim
697 2604 790 2680 plebes
811 2606 922 2662 incitata
937 2606 1039 2663 nostris
1054 2605 1138 2662 rebus

175 2688 281 2761 inuidit,
297 2687 346 2743 sed
361 2687 469 2743 uincula
484 2687 573 2743 soluta
587 2697 653 2744 sunt
668 2697 696 2744 et
710 2690 823 2745 seruitia
837 2691 985 2759 concitata,
1008 2688 1137 2746 adiuncto

175 2781 282 2829 terrore
296 2772 376 2827 etiam
391 2771 509 2827 militari.
545 2789 634 2844 neque
655 2772 733 2828 nobis
748 2788 810 2828 cum
824 2773 869 2829 illa
884 2782 942 2829 tum
957 2781 1035 2847 peste
1050 2779 1137 2830 certa-

175 2855 320 2921 mensuit,
342 2854 390 2910 sed
408 2871 470 2913 curn
490 2858 649 2929 grauissimo
665 2857 705 2911 rei
720 2855 842 2929 publicae
861 2864 1001 2931 tempore,
1021 2859 1065 2914 cui
1082 2852 1137 2933 (ni)

175 2940 327 3009 cessissem,
341 2954 398 2995 non
412 2938 569 2996 diutnmum
583 2937 705 2995 beneficii
722 2941 774 2997 mel
788 2941 874 3013 patria
888 2940 1009 2997 fructum
1018 2942 1137 2998 tulisset.

175 3030 256 3096 atque
271 3023 339 3080 haec
357 3039 449 3079 rerum
462 3025 549 3079 exitus
564 3022 704 3079 indicauit:
726 3025 787 3094 quis
803 3025 873 3079 enim
889 3039 945 3081 non
958 3024 1041 3081 modo
1056 3022 1136 3096 liber,

175 3103 248 3181 (sed)
270 3122 367 3164 seruus
389 3106 512 3163 libertate
531 3106 631 3180 dignus
652 3106 719 3178 init,
740 3109 783 3163 cui
803 3116 896 3165 nostra
917 3106 989 3163 salus
1005 3125 1065 3165 cara
1080 3124 1138 3164 non

175 3191 266 3247 esset?
294 3187 343 3250 26.
356 3191 428 3263 quod
444 3193 467 3249 si
478 3192 501 3247 is
517 3206 595 3247 casus
609 3190 708 3247 luisset
722 3206 827 3262 rernm,
844 3208 911 3264 quas
926 3207 976 3266 pro
991 3192 1081 3249 salute
1095 3194 1139 3248 rei

248 3397 269 3464 ¹)
283 3399 393 3449 Addidi.
424 3393 445 3460 ²)
462 3409 576 3445 concessa
590 3397 659 3460 plebe
674 3397 719 3447 ista
736 3398 843 3462 patribus
857 3397 903 3446 ista
917 3405 1024 3462 potestas
1039 3398 1064 3449 A
1078 3413 1138 3448 con-

175 3485 243 3520 cesse
257 3471 326 3535 plebe
340 3470 386 3517 ista
400 3473 507 3530 potestas
522 3465 548 3514 B
561 3481 675 3518 concessa
689 3468 767 3533 plebei
782 3469 827 3517 ista
841 3484 858 3517 a
868 3469 975 3531 patribus
987 3466 1058 3537 [ista]
1068 3477 1139 3534 pote-

174 3549 235 3592 state
249 3542 288 3590 ed.
300 3539 331 3588 V.
371 3534 393 3603 ⁸)
407 3536 515 3586 Addidi.
