2542 3909
140 256 201 320 170
575 267 669 307 eurus.

158 409 237 471 enus)
255 404 349 458 locum
368 406 491 457 mutasse
503 402 646 467 videntur,
665 402 806 457 delectum
820 402 930 455 tantum
943 402 1106 469 graviorum

137 424 214 531 teci,
250 473 343 525 Bonus
385 471 569 526 aterfamilias
591 471 678 524 etiam
701 470 813 523 deserta
838 468 902 523 loca
923 470 971 523 vel
994 469 1108 523 ruinosa

138 542 284 595 fructuosa
305 490 424 593 10111010
448 539 534 607 cupit.
574 538 674 604 Itaque
703 536 868 606 supplendis
894 536 941 603 iis,
969 553 1043 605 quae
1070 538 1106 591 ab

94 612 101 624 ⁴
139 608 357 662 amanuensibus
380 608 482 661 omissa
504 608 571 659 suut
592 621 703 674 quaeve
726 605 841 658 omnino
868 606 918 659 aut
943 608 1022 659 certo
1050 606 1109 675 legi

137 693 194 730 nou
212 678 376 746 potueruut,
393 691 468 728 nunc
486 690 599 742 quoque
611 672 784 742 peculiarem
798 687 913 741 operam
925 672 1038 737 navavi,
1057 673 1109 727 sed

138 761 202 799 00111
220 744 343 798 maxime
360 745 433 809 tum,
451 742 502 795 ubi
519 742 554 795 de
572 741 777 810 supplementis
789 742 818 793 in
832 742 943 794 textum
956 741 1108 795 admitten-

139 813 182 865 dis
200 812 396 880 quaereretur,
420 827 483 864 cum
501 810 558 863 iam
576 815 654 863 certo
672 810 858 862 fundamento
876 808 1052 876 insistamus,
1072 809 1110 862 ad

139 880 253 934 criticae
272 880 341 933 artis
358 879 487 957 regulam
505 878 629 931 strictius
647 878 818 934 revocatam,
852 876 898 929 Ad
915 892 1029 930 sensum
1044 895 1109 946 sup·

138 948 218 1016 pleta
235 948 295 1001 sive
318 946 451 1000 deletreia
469 946 526 999 sive
545 945 649 1000 omissa
668 946 698 997 et
719 948 786 997 tunc
803 944 965 998 huiusmodi
982 944 1062 998 uncis
1081 945 1109 1014 ()

139 1017 240 1084 saepta
256 1030 427 1083 quamquam
440 1014 469 1067 in
486 1013 544 1067 illis
562 1012 648 1091 spatii
665 1028 777 1080 semper
790 1014 819 1065 et
835 1013 884 1066 ubi
899 1012 1006 1066 licebat
1023 1014 1110 1067 etiam

138 1084 325 1162 vestigiorum
348 1083 504 1149 scripturae
527 1082 666 1135 rationem
688 1080 790 1146 habui,
819 1097 855 1135 ne
883 1081 980 1134 tumen
1007 1082 1049 1135 ita
1076 1097 1111 1135 ea

140 1151 317 1219 accip1antur
334 1166 366 1204 ac
390 1151 414 1201 si
431 1149 494 1202 aliis
515 1149 609 1203 verbis
633 1148 761 1216 suppleri
778 1164 835 1202 non
857 1147 979 1216 possint,
1001 1147 1049 1201 vix
1068 1149 1111 1201 est

139 1220 296 1272 utiterum
313 1232 453 1271 moneam.

209 1286 342 1339 Ceterum
355 1287 385 1338 et
396 1301 444 1338 eas
457 1283 560 1338 codicis
572 1285 677 1352 partes,
697 1282 799 1350 quibus
813 1298 848 1336 ex
860 1283 1024 1352 apographo
1037 1298 1112 1339 nova

140 1354 188 1407 lux
206 1369 263 1407 nou
282 1352 402 1417 affulsit,
426 1352 519 1405 denuo
537 1352 668 1405 recensui
685 1351 715 1404 et
735 1350 817 1404 iniis
835 1367 948 1419 quoque
966 1368 1023 1405 non
1041 1369 1111 1421 peu·

141 1437 237 1475 corum
255 1421 382 1474 locorum
400 1420 541 1473 saniorem
558 1418 711 1472 lectionem
728 1418 869 1473 invenisse
888 1418 957 1471 mihi
977 1420 1084 1475 videor.

208 1489 286 1543 Haeo
305 1488 341 1541 de
359 1487 476 1541 oonsilio
494 1489 524 1540 et
541 1487 651 1540 ratione
669 1502 760 1539 novae
778 1486 910 1540 editionis
933 1488 1112 1555 praemonita

140 1556 366 1676 sulficeredratus
382 1554 599 1609 benevolentiae
615 1570 680 1607 eam
698 1570 804 1619 eorum,
824 1555 874 1623 qui
892 1571 926 1610 ea
943 1555 1020 1608 usuri
1038 1556 1112 1623 sunt,

141 1640 271 1678 commen
293 1639 318 1677 0,
363 1647 365 1651 ·

210 1804 305 1858 Pauca
324 1808 407 1869 sunt,
426 1820 498 1883 quae
511 1804 577 1857 huic
590 1804 735 1871 quintae
755 1806 792 1869 et,
810 1805 843 1857 ut
862 1803 924 1873 ipse
942 1820 1037 1872 spero,
1062 1820 1112 1871 po-

143 1874 265 1929 stremae
284 1888 365 1927 meae
385 1872 537 1927 editioni
554 1871 709 1941 praefanda
726 1872 883 1925 videantur.

211 1938 242 1993 Si
261 1940 324 2009 quis
342 1941 416 1994 forte
434 1940 576 2009 opinetur,
595 1956 670 1993 nune
684 1940 771 1993 etiam
784 1939 898 1994 aliunde
911 1941 1114 2009 praeterquam

143 2026 179 2063 ex
202 2007 304 2061 Codice
330 2007 486 2062 Veronensi
510 2007 613 2062 Gaium
635 2007 747 2061 edituro
769 2024 875 2061 novum
902 2008 1058 2061 subsidium
1084 2026 1113 2063 se

143 2076 294 2141 obtulisse,
319 2092 354 2129 ex
382 2076 515 2130 oinioue
543 2075 606 2130 dico
628 2075 658 2128 E.
685 2074 712 2129 O.
735 2075 843 2129 Ferrini
869 2092 961 2145 nuper
988 2077 1113 2146 vulgata.

144 2144 296 2213 Theophili
316 2160 405 2213 persp
427 2145 502 2197 rasin
524 2143 737 2197 Institutionum
756 2142 894 2197 Graecam
917 2160 1002 2213 quem
1021 2146 1114 2200 denuo

144 2210 321 2266 emendatius
340 2212 424 2266 edere
443 2211 540 2281 eoepit
557 2213 592 2280 (a.
613 2212 702 2279 1884),
725 2210 859 2289 primitus
881 2228 939 2265 non
956 2212 1113 2279 Iustiniani,

143 2281 176 2333 ut
202 2279 293 2333 adhuc
321 2279 472 2343 creditum,
501 2279 551 2333 sed
574 2278 639 2333 Gaii
664 2278 876 2332 institutionum
898 2280 1114 2336 translationem

143 2344 218 2401 used
243 2347 322 2400 πόδα
345 2347 445 2411 fuisse,
469 2346 506 2412 is,
531 2363 576 2400 me
595 2346 711 2415 quidem
728 2346 837 2411 iudice,
856 2346 978 2412 fallitur,
1004 2350 1115 2403 etiamsi

142 2415 207 2483 plus
233 2413 422 2492 haeenopinio
445 2432 530 2483 quem
553 2430 583 2468 re
605 2430 749 2534 perpensa
771 2414 872 2478 hebet,
899 2414 1020 2471 haberet
1042 2417 1114 2471 veri·

143 2481 348 2535 similitudims:
366 2482 447 2535 'ouius
459 2491 555 2536 tamen
573 2482 603 2535 iu
625 2482 809 2536 murationes
822 2483 942 2537 reddere
955 2486 985 2539 et
996 2484 1114 2554 longum

142 2566 196 2604 nec
213 2549 297 2602 huius
315 2549 370 2603 loci
388 2551 439 2603 est.

212 2616 269 2670 Sed
286 2616 346 2685 ipse
365 2617 455 2671 codex
472 2618 643 2673 Veronensis
662 2618 695 2669 ut
712 2634 807 2671 rursus
825 2618 968 2689 aliquibus
986 2620 1055 2674 loeis
1073 2620 1115 2675 in·

145 2687 259 2806 {ffiedtgs
277 2685 459 2807 rtrogaonrsrssrisd
467 2686 586 2806 aperigt,
603 2684 747 2806 {indefesso
761 2687 791 2740 et
806 2687 1036 2806 nunquemKsatis
1053 2688 1117 2808 leui

267 2770 341 2805 sui
421 2770 577 2807 uemunr
624 2770 639 2806 e
679 2770 741 2805 mus
808 2770 862 2809 uae
890 2772 919 2807 111
968 2770 1101 2808 rueme

144 2821 152 2873 i
176 2820 233 2873 sius
256 2812 380 2874 editione
408 2821 500 2875 altere
528 2822 619 2889 (1884)
649 2820 700 2873 suh
723 2772 807 2875 iiiut
831 2772 1052 2890 ‘Supplemegta
1078 2822 1116 2876 ad

168 2888 212 2945 od.
227 2888 292 2942 Ver.
304 2888 501 2958 apographum
514 2887 802 2942 Studemundiauum’
814 2889 844 2943 in
856 2889 949 2943 fronte
961 2906 989 2958 p.
1002 2888 1116 2944 XVII-

71 3017 75 3024 .
144 2954 261 3009 XXXIX
294 2957 450 3025 praemissa
488 2957 554 3009 sunt
588 2956 680 3025 (uobis
713 2956 851 3026 insignita
885 2956 1000 3026 ‘Suppl
1036 2957 1114 3028 St').

144 3023 166 3076 E
206 3042 241 3078 ue
265 3025 401 3088 maxime,
424 3024 493 3077 licet
514 3023 572 3076 iarn
595 3024 631 3076 ab
655 3023 717 3077 aliis
743 3024 773 3078 in
794 3023 846 3079 illa
872 3024 963 3078 altera
988 3026 1115 3081 editione

145 3094 191 3161 (no
213 3094 236 3145 is
255 3091 313 3147 τ111.
335 3091 378 3148 ed.
392 3091 430 3159 θ’)
450 3091 590 3157 adhibita,
609 3092 681 3145 mihi
692 3107 814 3161 quoque,
834 3093 866 3145 ut
883 3110 978 3147 rursus
996 3094 1039 3147 1111
1052 3094 1117 3149 Gaii

144 3159 354 3213 commentariis
383 3159 561 3213 recensendis
589 3161 619 3214 et
648 3158 765 3215 edendis
790 3176 869 3214 meas
897 3177 1011 3229 quoque
1034 3179 1115 3217 curas

145 3227 345 3297 inpenderem,
364 3226 395 3278 in
413 3242 499 3279 causa
516 3227 641 3281 fuerunt.

213 3294 291 3359 Quae
310 3294 427 3361 quidem
439 3311 522 3349 curae
535 3296 604 3365 quin
615 3295 700 3418 illane
718 3295 911 3353 infructuosae
924 3314 980 3352 non
998 3298 1114 3365 fuerint,

145 3362 195 3417 sed
213 3362 285 3416 Gaio
302 3377 359 3415 non
377 3363 475 3431 paucis
493 3379 545 3417 nec
567 3363 602 3418 iis
651 3366 734 3418 ntum
751 3364 781 3417 111
799 3365 879 3430 10011,
923 3382 977 3421 uae
997 3366 1115 3436 Supple-

145 3432 243 3484 menta
266 3428 317 3483 illa
343 3429 486 3497 spectant,
513 3432 625 3500 plenius
649 3433 679 3486 et
702 3432 805 3486 rectius
828 3433 888 3486 sive
903 3383 1032 3503 1030010
1055 3434 1115 3488 sive

144 3496 245 3551 intelle
267 3496 340 3549 endo
353 3498 520 3566 profuerint,
534 3500 576 3554 ita
587 3516 645 3553 non
659 3500 768 3564 dubito,
788 3501 821 3553 ut
833 3501 902 3555 ulios
914 3517 1037 3571 quoque,
1056 3502 1116 3570 qui,

147 3566 179 3617 ut
195 3564 239 3616 Tu
261 3564 305 3641 ius
324 3564 377 3627 ait,
397 3582 455 3619 non
473 3566 554 3637 vulgi
572 3584 650 3621 more
670 3583 705 3621 er
723 3566 855 3635 opinione
873 3569 924 3622 sed
943 3586 978 3623 ex
997 3570 1116 3625 veritate

146 3647 190 3684 res
209 3632 370 3699 aestrmant,
388 3633 562 3689 iudicaturos
581 3651 651 3704 esse,
674 3649 799 3704 sperem,
823 3637 945 3691 maxime
964 3638 986 3691 si
1005 3641 1116 3693 contro·
