2542 3909
150 174 211 230 118
505 182 528 215 c.
547 181 643 216 acerve
662 180 763 215 carme.
798 220 803 229 ,

146 311 273 378 sanciret,
296 308 410 363 deorum
432 307 533 362 lormas
555 305 671 379 insculpi
689 306 806 378 annulis,
829 323 951 380 eousque
965 310 1114 381 processit,

147 400 179 447 ut
197 399 235 463 et,
257 408 306 448 cur
325 393 352 447 iu
374 391 426 446 boe
447 390 534 463 digito
549 390 594 445 nel
608 392 636 447 in
652 391 702 447 hac
718 407 796 445 manu
812 398 967 463 gestaretur
983 392 1114 464 annulus,

147 492 203 531 nou
214 483 326 531 taceret.
350 474 490 544 ‘Veteres’,
506 476 604 547 inquit,
617 472 683 529 ‘non
696 483 818 546 ornatus,
835 475 882 530 sed
894 475 1019 548 signandi
1031 479 1172 533 causales]
1234 478 1235 495 ³

148 558 276 614 annulum
298 574 391 616 secum
412 558 644 615 circumferebant.
678 557 752 613 Unde
775 575 826 615 nec
847 558 908 631 plus
932 576 1011 632 quam
1027 576 1114 615 uuum
1234 558 1235 573 ¹

148 643 246 698 habere
261 642 369 714 licebat,
384 657 436 697 nec
450 643 574 715 cuiquam
590 644 641 697 nisi
656 640 751 703 libero,
786 640 872 715 'quod
888 658 935 699 eos
951 643 1027 698 solos
1043 642 1114 699 fides

148 719 288 798 deceret,¹
312 742 381 799 quae
403 726 544 799 signaculo
566 726 732 795 continetur,
754 726 815 781 ideo
836 729 879 781 ius
894 726 1056 782 annulorum
1074 727 1114 783 la-

148 810 213 865 muli
236 826 291 865 non
313 809 455 867 habebant.
493 808 697 882 lmprimebatur
719 817 807 865 autem
829 810 969 883 sculptura
984 813 1115 866 materiae

150 895 252 963 annuli,
274 896 333 951 siue
355 910 388 949 ex
410 895 483 950 lerro
505 894 564 948 sine
586 908 619 947 er
641 908 707 947 auro
731 894 817 960 loret3
840 902 868 949 et
890 894 1057 965 gestabatur,
1082 902 1115 949 ut

148 980 264 1051 quisque
279 978 372 1048 uellet,
389 994 550 1050 quacunque
565 992 653 1046 manu,
671 976 792 1049 quolibet
808 977 904 1050 digito.
932 976 1055 1049 Postea',
1072 982 1116 1033 in-

149 1064 218 1136 quit,
233 1062 311 1118 ‘usus
326 1062 485 1117 luxuriantis
501 1062 596 1116 aetatis
611 1063 764 1134 signaturas
779 1062 905 1133 pretiosis
921 1064 1033 1133 gemmis
1048 1078 1116 1118 coe·

148 1148 189 1220 pit
209 1145 373 1218 insculpere,
396 1153 423 1199 et
444 1146 566 1200 certatim
588 1146 652 1200 baec
673 1148 759 1199 omnis
780 1146 893 1200 imitatio
909 1145 1054 1215 lacessiuit,
1083 1155 1116 1201 ut

149 1229 183 1284 de
198 1236 344 1302 augmento
359 1228 449 1301 pretii,
472 1243 527 1300 quo
542 1226 705 1300 sculpendos
721 1228 824 1300 lapides
839 1238 988 1301 parassent,
1012 1229 1117 1300 gloria·

148 1321 254 1369 rentur.
278 1311 348 1368 Hinc
361 1311 461 1367 lactum
476 1318 529 1382 est,
544 1318 577 1366 ut
587 1328 653 1366 usus
665 1312 826 1367 annulorum
839 1320 961 1368 exemtus
973 1312 1116 1385 dexterae,

149 1411 218 1470 quae
238 1396 352 1451 multum
373 1396 546 1467 negotiorum
566 1396 646 1467 gerit,
668 1396 694 1449 in
716 1395 818 1451 laeuam
840 1396 1018 1469 relegaretur,
1042 1413 1116 1469 quae

150 1481 266 1536 otiosior
286 1486 338 1549 est,
359 1495 394 1534 ne
408 1478 503 1534 crebro
519 1487 595 1533 motu
610 1486 639 1535 et
654 1476 745 1534 cilicio
761 1496 855 1534 marrus
870 1479 981 1535 dextrae
995 1481 1114 1553 pretiosi

148 1564 251 1637 lapides
272 1563 470 1635 frangerentur.
509 1560 615 1617 Electus
638 1562 753 1633 autem',
775 1564 872 1635 inquit,
896 1562 935 1619 ‘in
956 1566 1013 1637 ipsa
1034 1563 1116 1620 laeua

109 1676 112 1681 ·
149 1664 230 1702 manu
248 1646 348 1719 digitus
368 1647 478 1701 minimo
496 1648 635 1718 proximus
652 1648 728 1718 quasi
743 1647 832 1718 aptior
846 1648 954 1723 ceteris,
976 1649 1019 1703 cui
1034 1664 1114 1703 eom-

149 1729 324 1786 mendarctur
339 1729 430 1785 annuli
444 1731 610 1803 pretiositas.
644 1729 708 1785 Nam
722 1730 824 1803 pollex,
845 1732 891 1803 qui
906 1746 1004 1787 nomen
1020 1730 1051 1786 ab
1066 1747 1115 1802 eo,

149 1814 223 1888 quod
244 1813 341 1886 pollet,
360 1816 472 1886 accepit,
493 1830 544 1869 neo
564 1816 590 1869 in
611 1814 720 1869 sinistra
744 1822 842 1885 cessat,
862 1830 913 1869 nec
927 1816 1015 1869 minus
1032 1831 1114 1887 quam

148 1905 207 1953 tota
223 1914 317 1953 manus
333 1912 440 1970 semper
454 1899 483 1953 in
494 1896 584 1953 officio
596 1904 646 1953 est.
670 1896 741 1953 unde
750 1896 820 1969 apud
832 1902 946 1953 Graecos
958 1889 1114 1973 doripeep',

149 1982 247 2054 inquit,
271 1982 408 2051 ‘uocatur‚
431 1983 506 2054 quasi
523 1998 617 2036 manns
633 1980 726 2039 altera.
750 1979 843 2037 Pollici
858 1997 924 2037 uero
941 1983 1046 2038 uicinus
1062 1998 1114 2037 nu·

149 2063 199 2120 dus
215 2074 243 2122 et
257 2066 315 2121 sinc
330 2066 447 2121 tuitione
462 2065 575 2121 alterius
591 2066 708 2137 appositi
723 2063 878 2129 uidebatur;
894 2080 954 2120 nam
968 2065 1059 2138 pollex
1074 2067 1114 2121 ita

148 2149 261 2206 inlerior
275 2157 328 2221 est,
344 2158 375 2205 ut
390 2150 435 2205 uix
449 2150 565 2205 radicem
580 2151 639 2205 eius
655 2148 776 2203 excedat,
799 2147 916 2203 Medium
931 2156 958 2204 et
972 2150 1113 2205 minimum

148 2235 329 2305 uitauerunt’,
344 2234 440 2306 inquit,
456 2231 499 2287 ‘ut
510 2234 629 2305 ineptos,
645 2231 760 2287 alterum
769 2232 962 2304 magnitudine,
978 2232 1113 2289 breuitate

148 2316 274 2388 alterum,
289 2316 434 2373 etelectus
450 2324 502 2386 est,
519 2317 565 2387 qui
578 2314 611 2370 ab
626 2322 744 2387 utroque
759 2315 893 2371 clauditur
908 2325 936 2372 et
951 2319 1039 2372 minus
1050 2315 1113 2372 olii-

149 2403 182 2457 eii
204 2403 275 2474 gerit
297 2409 324 2455 et
345 2399 406 2455 ideo
429 2397 563 2454 seruando
585 2398 685 2454 annulo
708 2400 795 2471 magis
817 2400 1033 2455 accommodatus
1046 2398 1112 2457 est'.

149 2483 219 2540 Haec
240 2490 315 2554 sunt,
337 2498 405 2555 quae
424 2481 505 2537 lectio
526 2480 688 2554 pontificalis
712 2481 801 2537 habet.
818 2512 859 2523 -
879 2482 993 2540 llaerob.
1010 2475 1066 2542 Sat.
1082 2484 1112 2554 7,

150 2567 199 2624 13.
215 2566 242 2638 r.
261 2567 312 2623 11.

212 2664 254 2726 11.
276 2666 416 2721 Praeterea
431 2665 523 2739 Capito
539 2667 632 2723 Ateius
653 2668 782 2741 scriptum
802 2666 922 2739 reliquit,
943 2684 1032 2741 neque
1053 2670 1112 2725 elus

148 2751 289 2824 legendam
312 2749 393 2805 liliam
416 2753 464 2819 (sc.
488 2752 618 2824 virginem
641 2748 800 2821 Vestalem),
830 2752 876 2824 qui
898 2750 1062 2808 domicilium
1085 2753 1112 2808 in

148 2834 225 2890 ltalia
244 2850 299 2890 non
315 2834 437 2905 baberet,
457 2842 485 2891 et
500 2833 678 2891 excusandam
694 2835 762 2905 eius,
785 2835 831 2907 qui
845 2833 946 2890 liberos
960 2843 1017 2891 tres
1032 2835 1104 2892 habe

148 2926 201 2975 rer.
217 2948 260 2958 -
274 2918 341 2975 eeu.
361 2920 386 2984 1,
407 2918 454 2975 12.
472 2919 501 2991 s.
518 2918 548 2977 e.

211 3016 253 3078 12.
278 3012 338 3073 Διά
361 3016 391 3075 τί
409 3012 424 3076 ὁ
441 3014 537 3094 ἱερεὺς
552 3023 605 3073 τοῦ
658 3018 716 3075 Gur
740 3021 848 3093 flamen
875 3020 981 3090 Dialis,
1016 3038 1113 3079 uxore

151 3097 224 3172 Διὸς
235 3093 448 3177 ἀποθανούσης
460 3095 541 3181 αὐτῷ
552 3106 605 3176 τῆς
656 3110 783 3173 mortno,
818 3105 948 3177 flaminio
981 3105 1114 3163 decedit?

148 3182 303 3265 γυναικός,
314 3181 475 3245 ἀπετίθετο
486 3182 542 3261 τὴν
552 3178 603 3261 elp-
656 3190 698 3243 sic
721 3190 794 3242 enim
816 3187 916 3243 Ateius
939 3189 1065 3244 tradidit.

223 3434 243 3499 ¹)
258 3451 317 3499 quos
337 3433 429 3498 (prop
445 3448 494 3495 ecs,
509 3441 538 3483 ot
547 3433 623 3499 pado)
643 3434 707 3483 solos
727 3434 785 3482 fides
800 3434 896 3483 deceret
910 3433 1064 3501 (decerneret
1077 3441 1112 3487 ul.

149 3508 298 3555 discerneret
311 3504 357 3569 ol.)
372 3504 410 3553 ed.
426 3504 483 3554 Ion.
