2542 3909
461 214 497 249 me
513 212 627 249 melers
637 214 724 248 mne
736 214 777 249 111.
1060 207 1100 266 73

132 349 257 415 tempore
271 339 367 396 nescio
382 355 439 412 quo
454 348 534 412 pacto
543 339 545 344 '
554 349 694 397 recreatus
710 341 852 414 multoque
872 342 988 397 taetrior
1001 349 1030 397 et
1044 341 1102 397 loe·

133 426 192 481 dior
210 418 350 499 (reiectus
365 431 417 479 est
454 422 498 481 tit
517 440 586 496 quree
601 426 673 480 enim
688 418 770 480 mela¹
785 441 840 481 non
856 424 959 481 ediditi
981 426 1028 499 qui
1043 427 1101 499 pri·

133 525 217 579 mum,
233 515 272 564 ‚ut
289 507 374 580 impio
392 506 506 580 dignum
521 506 585 578 init,
601 508 722 581 patribus
734 509 981 566 omnemhonorem
992 510 1099 584 eripuit,

134 594 223 649 omnia
235 589 331 647 intima
345 592 459 647 sommis
476 592 551 664 paria
566 591 647 663 lent,
663 592 796 665 turbauit,
810 593 934 660 miscuit;
950 609 1011 649 eum
1025 592 1102 649 adili·

134 677 218 731 sisset
232 675 387 749 principum
401 676 576 746 grauitatem,
589 691 736 749 numquam
751 684 840 733 temen
855 678 1022 749 conquieuit.
1049 672 1102 735 20.

133 775 252 833 nemque
272 762 305 815 ut
318 758 349 817 G.
364 756 524 815 Flaminium
542 766 625 832 atque
645 775 684 831 ea,
708 776 777 833 quae
796 761 848 815 iem
868 761 957 833 prisca
972 760 1102 817 uidentur

133 852 249 917 propter
269 849 446 912 uetustatem,
463 842 628 915 relinquam,
650 843 716 917 quid
735 845 803 899 iuris
824 842 903 899 bonis
924 846 989 901 uiris
1011 844 1102 901 Tiberi

135 926 247 983 Gracchi
271 925 425 983 tribunatus
445 925 576 999 reliquit?
602 928 656 983 etsi
677 928 863 999 quinquennio
884 935 946 983 ante
967 927 1102 983 Decimum

135 1010 247 1067 Brutum
260 1009 326 1065 etP.
338 1009 493 1083 Scipionem
502 1010 641 1080 consules,
653 1026 723 1083 quos
742 1018 770 1065 et
787 1017 904 1081 quantos
918 1012 1004 1081 uiros,
1019 1011 1101 1067 homo

134 1095 256 1151 omnium
275 1090 385 1149 infimum
399 1100 429 1149 et
441 1093 663 1163 sordidissimus,
685 1092 810 1148 tribunus
825 1092 864 1165 pb
878 1092 907 1147 G.
924 1092 1059 1149 Curiatius
1073 1096 1102 1149 in

133 1177 245 1234 uincula
259 1178 392 1245 coniecit,
408 1175 483 1250 quod
496 1176 676 1233 antefactum
692 1191 748 1233 non
763 1184 831 1231 erat.
861 1175 890 1231 C.
906 1192 973 1233 uero
989 1176 1101 1233 Gracchi

135 1261 223 1317 ruinis
242 1267 272 1317 et
290 1260 324 1316 iis
344 1261 418 1332 sicis,
442 1276 508 1333 ques
522 1262 582 1333 ipse
597 1276 627 1317 se
641 1260 789 1333 proiecisse
803 1261 832 1316 in
846 1259 937 1317 iorum
952 1260 1027 1330 dixit,
1042 1262 1102 1335 qui·

135 1343 189 1399 bus
208 1343 423 1415 digladiarentur
443 1343 516 1400 inter
537 1360 568 1399 se
587 1345 673 1417 ciues,
693 1360 786 1399 nonne
801 1359 908 1400 omnem
922 1346 963 1399 rei
977 1344 1102 1417 publicae

139 1433 244 1483 statum
259 1427 441 1499 permutauit?
462 1427 528 1499 quid
538 1429 594 1483 iam
609 1428 644 1484 de
660 1427 824 1497 Saturnino,
838 1426 975 1501 Sulpicio,
990 1429 1101 1501 reliquis

136 1509 245 1569 mmet
264 1526 333 1583 quos
351 1526 388 1567 ne
409 1510 547 1583 depellere
566 1510 674 1584 qtridem
695 1527 710 1567 a
730 1528 761 1566 se
781 1512 840 1567 sine
859 1511 933 1567 terro
953 1513 1044 1585 potuit
1058 1528 1102 1568 res

133 1593 253 1668 publiea.
283 1591 329 1651 st.
353 1610 403 1651 cur
416 1602 508 1651 autem
524 1602 571 1650 aut
586 1602 680 1651 uetera
695 1603 742 1652 eut
757 1593 843 1651 aliena
857 1595 993 1668 proferam
1008 1597 1101 1669 potius

136 1694 218 1750 quam
238 1685 268 1734 et
287 1686 383 1735 nostra
403 1687 432 1734 et
447 1678 584 1735 recentia?
603 1680 681 1751 quis,
703 1671 843 1752 inquam,²
856 1686 911 1735 tam
926 1680 1025 1751 audax,
1046 1688 1101 1736 tam

135 1761 215 1819 nobie
235 1762 361 1819 inimicus
380 1761 488 1832 inisset,
507 1770 538 1817 ut
559 1764 693 1835 cogitaret
713 1776 840 1835 umquam
860 1762 894 1818 de
913 1770 987 1820 stetu
1005 1773 1101 1821 nostro

132 1845 335 1917 inhonorando,
350 1846 404 1901 nisi
419 1860 577 1904 mucronem
587 1846 704 1918 aliquem
716 1844 890 1902 tribunicium
907 1849 1058 1905 exacuisset
1072 1848 1101 1903 in

134 1930 205 1986 nosi
225 1945 308 2001 quem
322 1945 385 1985 cum
400 1930 523 1986 homines
538 1928 663 1985 scelerati
677 1946 709 1987 cc
721 1929 821 2004 perditi
835 1944 892 1985 non
906 1930 988 1986 modo
1004 1931 1059 1987 ulia
1073 1932 1101 1987 in

137 2012 231 2085 domo,
244 2013 296 2070 sed
308 2012 385 2069 nulla
398 2014 429 2069 in
442 2020 525 2086 gente
538 2014 700 2087 reperirent,
716 2020 813 2087 gentes
827 2011 879 2069 sibi
893 2014 1050 2071 intenebris
1062 2016 1103 2071 rei

135 2095 262 2170 pubiime
281 2095 478 2171 perturbandas
496 2104 672 2171 putauerunt.
708 2096 781 2170 quod
801 2096 880 2152 nobis
901 2097 1008 2170 quidem
1023 2115 1102 2172 egre·

134 2183 211 2255 gium
228 2187 259 2237 et
277 2180 313 2237 ad
332 2180 556 2237 inmortalitatem
574 2181 722 2238 memoriae
741 2180 904 2253 gloriosum,
924 2182 1058 2237 nerninem
1073 2184 1102 2237 tn

135 2281 188 2321 nos
201 2264 326 2322 mercede
341 2264 398 2321 ulla
413 2264 552 2321 tribunum
567 2264 692 2338 potuisse
706 2264 837 2337 reperiri,
857 2263 909 2318 nbi
929 2265 973 2319 cui
991 2280 1026 2319 ue
1042 2279 1102 2320 esse

136 2347 246 2421 qmdem
266 2348 396 2406 licuisset
415 2346 535 2405 tribuno·
576 2343 624 2407 22
646 2347 694 2403 sed
717 2346 765 2403 ille
784 2362 852 2420 quas
873 2353 981 2420 strages
1009 2346 1101 2403 edidit

136 2448 183 2489 eas
202 2431 348 2505 uidelicet,
369 2448 437 2505 quas
456 2434 517 2488 sine
535 2433 642 2487 ratione
662 2448 694 2488 ae
713 2432 772 2487 sine
793 2430 848 2487 ulie
867 2448 916 2505 spe
934 2430 1005 2488 boue
1024 2430 1104 2487 iuror

134 2515 218 2573 edere
236 2517 329 2589 potuit
346 2516 460 2588 inpurae
479 2514 576 2571 belnae
595 2514 745 2571 multomm
759 2512 939 2571 inflammatus
954 2513 1101 2573 tutoribus.

133 2614 219 2672 quarn
232 2596 268 2653 ob
279 2614 339 2657 rem
353 2600 383 2655 in
395 2600 449 2655 ista
462 2597 572 2673 quidem
585 2614 616 2654 re
631 2598 808 2655 uehementer
819 2597 921 2655 Sullam
937 2598 1036 2672 probo,
1053 2601 1100 2673 qui

132 2682 251 2743 tribunis
263 2681 351 2757 plebis
364 2698 415 2739 soe
427 2682 490 2755 iege
502 2682 616 2739 iniuriae
627 2681 766 2737 faciendae
778 2688 942 2754 potestatem
957 2683 1099 2753 ademerit,

133 2768 226 2827 amitit
239 2765 348 2823 terendi
360 2765 519 2840 reliquerit,
533 2765 747 2839 Pompeiumque
762 2774 889 2821 nostrum
904 2767 1002 2823 ceteris
1018 2765 1100 2823 rebus

134 2851 264 2910 omnibus
281 2865 391 2925 semper
409 2850 580 2925 amplissimis
601 2850 768 2922 summisque
788 2850 878 2907 cetero
904 2849 1043 2919 laudibus,
1068 2848 1103 2907 de

133 2934 282 2994 tribunicia
302 2941 439 3007 potestate
460 2943 554 3003 taceo;
575 2948 628 2991 nee
646 2934 717 2989 euim
738 2932 939 3007 reprehendere
960 2932 1028 2991 libet
1049 2949 1100 2989 nec

131 3020 248 3078 laudere
260 3034 385 3091 possum.

198 3103 232 3161 X.
255 3097 305 3161 28.
318 3102 360 3160 tt.
376 3102 445 3159 vitta
459 3102 569 3176 quidem
584 3100 737 3158 tribunatus
752 3102 900 3175 praeclare,
915 3100 1023 3170 Quinte,
1039 3114 1102 3171 per·

131 3189 229 3263 spires,
239 3185 290 3245 scd
304 3195 349 3243 est
360 3188 454 3260 iniqua
466 3188 496 3243 in
510 3187 628 3243 omnine
642 3185 790 3242 accusanda
805 3184 1004 3259 praetermissis
1019 3182 1100 3239 bonis

132 3272 271 3329 malorum
292 3273 459 3327 enumeratio
480 3272 666 3342 uitiorumque
687 3268 812 3325 selectio:
834 3286 894 3325 nam
915 3270 970 3324 isto
993 3264 1101 3337 quidem

209 3459 233 3527 ¹)
245 3460 292 3511 Ec:
309 3461 414 3511 Davisii
428 3462 461 3523 qi.
479 3467 525 3524 que
543 3459 608 3510 enim
626 3457 666 3507 ille
680 3457 735 3507 AB
746 3457 787 3509 ed.
797 3456 828 3505 V.
867 3452 889 3522 ²)
903 3452 949 3503 un
965 3450 1102 3503 Goerenzio‘

135 3536 169 3595 qi.
183 3546 298 3597 nmqnam
312 3530 368 3581 AB
379 3532 420 3581 ed.
441 3530 471 3579 V.
