2542 3909
158 221 222 286 326
439 234 617 273 oa111usr1r.
636 217 683 272 Ill.
704 223 845 274 rae-162.

158 381 252 451 detur,
267 378 363 436 inutile
378 377 533 434 mandatum
549 386 602 453 est,
619 381 681 454 quia
694 379 859 454 generaliter
869 377 981 453 placuit,
997 378 1029 436 ab
1046 379 1124 436 here·

159 465 200 522 dis
221 481 336 542 persona
353 463 545 538 obligationem
567 461 686 539 incipere
701 482 756 521 non
770 481 862 539 posse.
900 459 965 523 169,
981 463 1034 520 Sed
1050 472 1127 521 recte·

159 543 287 625 quoquc¹
304 548 459 606 mandatum
474 551 514 620 si,
532 550 597 605 dum
612 541 700 608 adhuc
714 552 822 624 integra
837 565 880 606 res
895 551 942 621 sit,
964 559 1124 607 reuocatum

158 636 257 707 luerit,
277 635 423 691 euanescit.
453 629 522 691 lto.
544 633 611 690 ltem
632 636 655 690 si
671 635 757 692 adhuc
773 636 881 709 integro
902 635 1027 692 mandato
1050 653 1124 692 mors

159 713 338 777 alterutrius²
352 719 527 789 interuenlat,
542 718 569 774 id
581 729 623 775 est
634 720 680 776 uel
696 721 765 792 eius,
781 721 827 793 qui
839 719 981 792 mandarit,
998 720 1043 778 uel
1055 723 1125 793 eius,

159 808 206 878 qui
227 803 381 860 mandatum
401 804 569 879 susceperit,
595 804 714 862 soluitur
735 803 906 875 mandatum3
929 805 977 862 sed
999 805 1125 862 utilitatis

160 898 402 962 causareceptum
424 897 482 959 est,
506 896 537 944 ut
559 889 582 944 si
604 897 715 947 mortuo
732 906 780 961 eo,
804 891 850 962 qui
865 891 931 947 milri
947 890 1126 962 mandauerit,

158 975 304 1048 ignorans,
327 989 389 1029 eum
404 973 569 1045 decessisse,
593 983 739 1031 exsecutus
756 973 834 1030 luero
849 975 1021 1048 mandatum,
1043 992 1126 1050 posse

159 1075 202 1115 me
222 1074 305 1134 agere
320 1057 437 1114 mandati
457 1059 578 1126 actioue;
599 1059 720 1132 alioquin
741 1060 812 1116 iusta
835 1068 864 1116 et
882 1059 1031 1135 probabilis
1047 1061 1127 1135 igno·

99 1164 117 1200 a.
132 1169 150 1201 c
160 1144 247 1200 nantia
258 1143 384 1200 damnum
397 1143 463 1198 milri
474 1136 634 1200 ’adferrent
647 1135 651 1222 1
665 1151 693 1202 et
704 1144 768 1201 huic
778 1143 866 1200 simile
879 1153 932 1216 est,
944 1147 1018 1219 quod
1030 1146 1126 1221 pleris-

160 1245 213 1302 que
228 1227 346 1302 placuit,
368 1229 390 1282 si
406 1225 514 1283 debitor
529 1241 604 1284 meus
620 1230 787 1286 manumisso
804 1228 985 1303 dispensatori
1001 1248 1062 1288 meo
1077 1246 1127 1304 per

158 1313 338 1386 ignorantiam
361 1310 493 1381 soluerit,
515 1310 623 1369 liberari
638 1329 714 1386 eum,
736 1330 797 1370 cum
813 1313 933 1389 alioquin
949 1317 1045 1374 stricta
1059 1312 1126 1372 iuris

159 1398 265 1453 ratione
287 1413 342 1452 non
365 1404 460 1470 posset
481 1394 591 1452 liberari
613 1414 662 1468 eo,
694 1398 766 1471 quod
797 1399 843 1455 alii
871 1399 1018 1474 soluisset,
1046 1416 1126 1474 quam

158 1483 202 1537 cui
229 1481 339 1538 soluere
363 1480 485 1538 deberet.
530 1476 593 1538 161.
617 1481 684 1538 Cum
706 1492 796 1539 autem
819 1485 860 1554 is,
890 1484 934 1541 cui
956 1497 1031 1544 recte
1053 1502 1127 1542 man·

159 1566 295 1636 dauerim,
315 1581 446 1639 egressus
460 1565 544 1622 luerit
560 1565 726 1639 mandatum,
742 1583 795 1641 ego
812 1568 921 1642 quidem
938 1579 1049 1626 eatenus
1065 1586 1127 1626 cum

158 1665 192 1706 eo
207 1649 295 1706 babeo
310 1648 429 1706 mandati
450 1653 600 1722 actionem,
625 1661 760 1724 quatenus
783 1668 841 1708 mea
855 1654 981 1725 interest,
1000 1654 1127 1728 implesse

97 1754 114 1792 t,
127 1764 144 1794 s.
160 1750 221 1790 eum
247 1733 417 1805 mandatum,
438 1728 482 1812 lsi
502 1734 583 1790 modo
606 1735 719 1811 implere
742 1739 880 1811 potuerim
904 1747 931 1794 at
952 1737 1000 1795 illc
1021 1755 1127 1794 mecum

159 1834 241 1892 agere
256 1835 312 1875 uon
327 1826 435 1892 potest:
458 1821 552 1893 itaque
573 1822 596 1876 si
611 1819 794 1877 mandauerim
810 1821 874 1894 tibi,
897 1830 929 1878 ut
943 1822 1021 1880 uerbi
1038 1825 1127 1899 gratia

159 1902 273 1959 fundum
297 1905 362 1960 mibi
385 1906 522 1962 sestertiis
545 1921 563 1963 c
584 1921 707 1975 emeres,
735 1913 766 1962 tu
794 1911 934 1965 sestertiis
957 1924 995 1966 on
1018 1909 1125 1980 emeris,
1141 1919 1196 1974 [riu
1263 1947 1264 2000 ,

92 1993 214 2048 171.non
236 1986 346 2046 babebis
366 2005 471 2046 mecum
496 1982 500 2067 l
524 1990 641 2046 mandati
664 1991 817 2062 actionem,
840 1993 944 2048 etiamsi
965 1995 1035 2049 tanti
1058 1993 1127 2049 uelis

159 2073 224 2130 mibi
246 2073 312 2136 dare
334 2072 464 2146 landum,
487 2075 582 2148 quanti
605 2074 747 2132 emendum
771 2075 819 2132 tibi
838 2077 1021 2152 mendassem3
1046 2078 1128 2152 idque

159 2159 272 2214 maxime
300 2157 400 2214 Sabino
429 2169 457 2216 et
484 2158 576 2215 Cassio
600 2160 715 2233 placuit:
749 2159 847 2234 quodsi
877 2163 988 2218 minoris
1019 2163 1126 2231 emeris,

157 2242 269 2300 habebis
292 2259 397 2300 mecum
412 2244 516 2300 scilicet
530 2245 679 2314 actionem,
705 2246 766 2318 quia
782 2247 829 2318 qui
844 2246 961 2317 mandat,
979 2253 1009 2302 ut
1025 2263 1042 2306 c
1058 2246 1128 2302 mili·

158 2328 209 2384 bus
232 2335 383 2396 emeretur,
406 2328 429 2382 is
446 2329 543 2400 utique
558 2327 685 2384 mandare
699 2328 882 2402 intellegitur,
905 2332 945 2385 uti
960 2331 1082 2401 minoris,
1104 2329 1127 2384 si

158 2420 269 2486 posset,
291 2420 436 2467 emeretur.
481 2405 546 2471 162,
570 2413 599 2467 ln
620 2429 725 2468 summa
748 2413 888 2469 sciendum
904 2413 972 2486 (eat,
995 2419 1128 2488 quotiens

156 2489 340 2572 faciendum)
363 2495 465 2568 aliquid
485 2498 571 2569 gratis
587 2495 718 2569 dederim,
742 2513 797 2570 quo
813 2499 922 2553 nominc
938 2500 961 2553 si
976 2499 1127 2556 mercedem

158 2668 266 2716 tacitam
284 2667 435 2715 contrariae
454 2667 567 2716 actionis
585 2665 768 2732 obligationem
787 2682 843 2716 cnm
862 2660 997 2732 eocpreeacx
1010 2667 1127 2718 directae

160 2736 336 2800 confundens,
355 2737 406 2786 vid.
422 2737 455 2788 L.
469 2748 503 2788 11.
523 2739 546 2799 ἓ.
562 2749 596 2789 11.
616 2737 648 2786 L.
664 2749 697 2789 19.
713 2749 747 2790 aa.
767 2739 790 2800 §-
806 2749 827 2787 1.
847 2737 880 2789 D.
895 2738 980 2788 mand.
996 2735 1045 2804 (rt,
1066 2735 1088 2802 1)
1102 2744 1127 2786 et

164 2806 350 2858 Unterbolzner
368 2805 538 2858 Seboldoerb.
558 2808 579 2858 Ι.
595 2809 686 2873 praef.
702 2825 730 2872 p.
753 2806 862 2858 XVIII.
939 2807 959 2876 ¹)
977 2808 1128 2874 Suspectam

160 2895 246 2930 vocem
265 2887 466 2942 consummatum,
486 2895 552 2944 quae
570 2880 646 2929 atiud
664 2881 796 2946 significat
814 2877 848 2945 (ξ.
869 2892 902 2930 11.
923 2879 944 2929 Ι.
964 2880 989 2930 b.
1009 2887 1026 2932 t.
1046 2880 1078 2930 L.
1093 2890 1127 2930 11.

160 2953 185 3013 ξ.
201 2963 234 3004 11.
254 2951 287 2999 Ι).
302 2949 358 3000 eod.
374 2950 451 3017 1¹1,1)
470 2956 499 3000 ut
514 2953 642 3016 ploaaema
660 2951 684 2999 b.
705 2952 721 2999 t.
741 2952 830 3006 cmiei,·
849 2951 884 3015 cs.
899 2953 959 3012 §ee
978 2951 1001 3000 Ι.
1021 2951 1045 3001 lt.
1065 2958 1082 3000 t.
1104 2957 1170 3010 et,
1263 2993 1264 3004 ,

161 3023 234 3085 infra
253 3024 277 3084 ξ.
296 3033 343 3073 191.
368 3029 433 3071 recte
453 3021 622 3071 mandauerim.
651 3022 710 3071 item
724 3028 786 3084 pest
805 3023 832 3071 in
852 3023 875 3084 §-
895 3033 942 3073 roc.
962 3023 1072 3072 alicuius.
1096 3020 1128 3071 In

161 3100 284 3143 contextae
297 3095 412 3143 aeroaoit
425 3093 465 3143 ed.
481 3092 530 3142 Kr.
545 3105 566 3142 1.
641 3088 662 3157 ²)
676 3091 763 3143 Etiam
782 3092 806 3141 t.
822 3095 839 3142 t.
855 3093 956 3144 alicuius
973 3093 999 3143 0.
1019 3101 1047 3142 ut
1059 3095 1128 3159 plor·

159 3180 229 3214 semo
248 3180 304 3215 cum
319 3163 404 3214 Instit.
423 3165 496 3215 eieci.
520 3161 642 3213 Servavit
660 3164 699 3213 ed.
719 3163 769 3214 Kr.
784 3174 804 3214 1.
880 3159 901 3229 8)
915 3161 984 3230 n(ou)
1001 3165 1086 3214 atteret
1102 3163 1127 3214 0.

233 3319 259 3391 ξ,
276 3324 335 3374 rte.
400 3325 460 3385 §.c
478 3321 647 3375 tdemcnd.
663 3321 766 3389 (1.16).Ι
783 3323 981 3388 ommino.
1001 3323 1024 3386 9.
1040 3335 1074 3375 rc.

161 3390 188 3462 ξ.
205 3395 264 3445 161).
279 3415 313 3436 =
328 3395 351 3455 ξ.
365 3406 387 3444 9.
406 3393 428 3443 Ι.
444 3392 478 3442 ib.
551 3389 576 3461 ᾖ.
593 3394 653 3444 161.
674 3394 713 3456 Cf.
728 3396 751 3456 ἓ.
766 3406 787 3446 9.
806 3394 828 3443 Ι.
844 3393 877 3444 ib.
897 3395 929 3444 L.
945 3407 966 3446 9.
981 3397 1005 3456 §.
1020 3406 1041 3445 1.
1061 3395 1092 3443 L.
1106 3403 1129 3445 1.

162 3466 195 3515 D.
211 3465 295 3513 mand.
312 3463 356 3528 (1⁸1,
372 3463 402 3530 1).
422 3463 492 3527 Epir.
507 3476 528 3526 1,
544 3476 564 3515 9.
580 3465 603 3525 §-
618 3476 653 3516 1ο.
674 3465 749 3514 Paul.
761 3477 782 3523 1,
798 3475 831 3517 rt.
846 3467 869 3527 5.
885 3477 905 3517 9.
971 3462 1072 3534 §.162
1091 3465 1128 3530 Cf.

162 3537 186 3596 ᾖ.
207 3547 240 3586 11.
264 3534 286 3584 Ι.
306 3534 391 3584 111..
411 3548 432 3586 1.
451 3537 475 3597 ξ.
493 3545 516 3584 4.
540 3535 572 3586 Ι),
592 3535 678 3586 mand.
698 3535 748 3603 (ra,
763 3536 794 3602 1).
814 3535 845 3587 L.
860 3547 894 3586 11.
909 3536 941 3585 Ι).
959 3538 992 3587 de
1006 3551 1129 3601 praecor.

162 3604 232 3654 verb.
248 3606 299 3672 (19,
314 3604 345 3669 t).
