2542 3909
176 175 237 240 678
371 191 429 228 nos,
449 193 481 228 ns
498 192 558 228 nou.
579 191 669 227 suoru
687 191 793 227 concur.
813 173 846 227 X.
866 179 890 226 3.
910 179 935 226 4.

176 326 312 397 impensas
329 330 417 378 tamen
439 323 604 378 necessarias
627 322 686 377 inre
708 321 897 395 persequitur,
921 336 988 394 quas
1010 319 1083 376 sorte
1104 320 1134 374 in

176 423 297 482 aegrum,
320 406 364 463 uel
381 407 444 462 alias
467 406 632 464 laborantem
649 405 820 478 impenderit.
864 400 893 461 6.
919 398 987 460 ¹Res
1008 403 1135 476 deposita

176 494 197 547 si
226 489 406 563 subripiatur,
434 489 558 546 dominus
586 483 759 545 'dumtaxat²
786 488 866 545 habet
893 488 959 544 furti
988 490 1133 559 actionem,

177 576 298 649 quamuis
313 575 381 644 eius,
398 573 470 648 apud
485 589 564 647 quem
580 589 624 628 res
640 573 762 646 deposita
777 580 828 643 est,
845 573 962 643 intersit,
979 571 1014 628 ob
1030 572 1134 644 impen-

175 675 219 715 sas
233 661 261 714 in
276 674 333 714 rem
349 657 432 714 iactas
448 673 504 714 rem
521 659 649 714 retinere.
686 657 711 712 is
733 672 810 728 uero,
833 659 875 713 cui
897 673 940 712 res
964 654 1135 712 commodata

178 745 224 815 sit,
240 742 307 799 furti
323 743 438 815 experiri
454 740 571 812 debebit,
587 743 609 797 si
626 740 706 797 modo
722 741 854 797 soluendo
871 735 977 797 inerit.³
1012 735 1038 796 7.
1054 741 1134 796 Actio

176 825 337 882 commodati
359 841 467 899 semper
486 827 517 881 in
531 825 658 898 simplum
674 827 818 896 competit:
842 824 959 897 depositi
981 840 1048 879 uero
1063 839 1134 879 non·

176 925 313 982 nunquam
329 912 357 965 in
372 909 501 983 duplum,
523 910 627 966 scilicet
642 910 665 964 si
680 911 783 979 ruinae,
800 908 843 965 uel
859 908 1009 982 naufragii,
1032 907 1076 963 uei
1091 909 1134 963 in·

175 994 272 1061 cendit,
289 1003 335 1049 aut
350 994 483 1050 tumultus
500 1009 577 1050 causa
594 1009 638 1049 res
653 988 829 1066 deponatur.⁴

238 1077 304 1151 Kap.
328 1076 370 1133 tlt,
416 1077 716 1151 Hermogenianus
744 1076 806 1132 sub
835 1077 941 1133 titulo
968 1077 1006 1132 de
1027 1076 1134 1150 depo·

175 1165 246 1218 sito
268 1161 466 1218 huiusmodi
488 1162 617 1217 inserit
641 1155 967 1216 'constitutionest5
1002 1157 1027 1216 1.
1050 1159 1133 1216 'idern

174 1246 292 1320 Augusti
313 1254 341 1302 et
363 1238 503 1301 Gaesares⁶
526 1238 638 1301 Flauio⁷
661 1244 789 1304 diuortio.
832 1243 914 1316 Eum,
942 1245 989 1317 qui
1011 1245 1134 1318 suscepit

102 1355 105 1361 Δ
174 1330 337 1403 depositum,
355 1329 456 1401 dolum,
473 1345 528 1385 uon
544 1331 623 1385 etiam
638 1344 728 1384 casum
744 1336 893 1403 praestare,
913 1330 981 1386 certi
996 1330 1062 1384 iuris
1077 1335 1131 1384 est.

174 1414 240 1470 Cum
254 1415 345 1486 itaque
360 1428 513 1486 propones,
528 1414 600 1486 ignis
616 1414 643 1467 ui
659 1409 789 1485 quaedam
803 1421 919 1468 cremata
933 1412 967 1468 de
981 1412 1038 1481 bis,
1062 1428 1133 1486 quae

174 1497 223 1552 tibi
238 1496 313 1553 suere
329 1496 522 1566 commendata,
538 1512 589 1553 uec
604 1495 690 1551 ullurn
701 1495 794 1552 dolum
805 1498 832 1550 io
848 1494 1036 1552 subtrahendis
1048 1496 1132 1552 rebus

173 1580 331 1652 adhibitum,
353 1587 446 1637 rector
467 1577 622 1654 prouinciae
645 1580 711 1635 nihil
727 1587 820 1636 contra
835 1581 902 1635 iuris
923 1581 1056 1637 rationem
1071 1578 1132 1636 fieri

172 1665 299 1739 patietur.
344 1662 376 1720 Et
391 1666 519 1737 quoniam
538 1656 632 1720 ’neorii
650 1664 772 1736 quereris
786 1679 886 1733 moras,
909 1663 1028 1720 adbibita
1043 1665 1131 1720 uerie-

173 1757 245 1819 tate‚
266 1748 408 1822 negotium
423 1750 497 1806 inter
511 1763 561 1804 uos
577 1755 667 1804 ortum
689 1748 837 1805 secundum
858 1749 925 1804 iuris
944 1748 1066 1804 ordinem
1081 1763 1132 1804 sua

171 1833 276 1950 ratiope
291 1831 440 1894 decidetur.
477 1831 634 1906 Subscripta
644 1847 714 1890 v111.
728 1831 786 1887 itai.
799 1831 849 1888 iul.
866 1831 983 1902 Serdica,
998 1833 1131 1906 Augustis

171 1931 242 1972 coss.

235 1999 302 2074 Kap.
326 1999 367 2055 tt.
411 1999 493 2056 iidem
515 1999 640 2074 'Atrgusti
657 2009 684 2056 et
698 1992 856 2056 Caesares¹⁰
871 1999 909 2056 ut.
927 2000 1035 2057 Aurelio
1051 2002 1129 2056 Atte·
1141 2010 1207 2059 [⁵82]

171 2078 232 2142 nico
247 2082 410 2144 Andronico.
455 2081 519 2155 Eos,
542 2099 627 2157 penes
650 2100 719 2157 quos
741 2092 845 2140 uestem
867 2092 897 2140 et
918 2087 1023 2158 argenti
1045 2093 1130 2140 mate·

171 2171 237 2224 riam
259 2167 418 2240 deposuisse
439 2161 534 2241 '(te)¹¹
560 2169 702 2241 proponis,
724 2167 795 2240 apud
816 2177 951 2224 rectorem
973 2170 1130 2242 prouinciae

171 2253 300 2309 conuenit
314 2250 491 2324 interrogari:
514 2247 569 2323 ’qui
585 2245 673 2322 eos¹²,
695 2253 752 2308 siue
769 2260 887 2324 teneant,
904 2253 963 2307 siue
978 2251 1042 2308 dolo
1057 2252 1129 2309 iece-

171 2337 240 2408 rint,
269 2336 412 2408 quominus
433 2335 540 2407 possint
562 2337 724 2406 restituere,
751 2335 900 2392 secundum
927 2335 1027 2392 bonam
1048 2335 1128 2392 fidem

86 2439 87 2444 ¹
170 2418 218 2478 tibi
244 2418 400 2476 satisfacere
427 2417 581 2492 compellet.
626 2418 782 2493 Subscripta
804 2434 847 2479 vu.
869 2417 926 2481 Kal.
951 2419 1048 2494 Aprilis
1071 2419 1128 2476 Sir·

169 2503 226 2575 mii,
242 2499 331 2558 Gaess.
347 2495 449 2558 coss.¹³

244 2685 264 2753 ¹)
281 2688 319 2750 Cf.
338 2687 394 2738 Gai.
406 2700 426 2747 s,
438 2701 485 2740 ebt.
539 2685 559 2752 ⁹)
574 2687 786 2755 EocScduitiopii
799 2691 833 2754 ej.
849 2688 895 2755 (ec.
910 2707 946 2740 ex
959 2692 1026 2757 cipio
1041 2690 1128 2758 dumi)

170 2758 250 2808 domui
267 2758 329 2809 odd,
350 2774 378 2808 eo
398 2761 493 2808 nomine
512 2760 551 2808 ed.
566 2758 608 2808 Bi.
674 2757 694 2825 ⁸)
711 2760 748 2822 Os.
763 2761 795 2809 L.
812 2772 837 2812 it
847 2762 893 2823 fin.
913 2763 945 2811 L.
960 2773 993 2814 tt.
1014 2764 1037 2824 ἕ.
1054 2775 1073 2814 1.
1094 2762 1127 2811 D.

169 2830 201 2879 de
213 2830 280 2893 fort.
295 2828 340 2896 (tr,
355 2829 386 2895 e).
406 2831 438 2879 L.
453 2840 488 2882 sa.
511 2830 544 2878 D.
564 2844 616 2879 rer.
636 2838 710 2880 omot.
727 2829 776 2896 (aa,
790 2830 822 2897 s).
886 2828 909 2899 ⁴)
925 2833 963 2896 Cf.
979 2833 1011 2882 L.
1026 2844 1046 2883 ι.
1066 2833 1090 2894 5.
1106 2845 1127 2883 1.

168 2900 201 2949 L.
216 2911 249 2951 18.
272 2900 303 2949 D.
319 2903 405 2964 depos.
421 2899 470 2966 (to,
485 2897 517 2964 t).
582 2897 604 2965 ⁶)
619 2902 788 2950 constitutione
802 2901 833 2951 B.
852 2902 913 2968 (Ve.
934 2904 975 2954 Vi.
990 2903 1055 2953 bueo
1068 2903 1128 2969 om.)
1239 2904 1241 2957 i

169 2971 362 3020 constitutionem
377 2971 434 3020 edd.
465 2969 504 3032 Os.
523 2970 555 3020 de
573 2971 614 3020 dis
632 2971 741 3022 Haenel.
756 2971 844 3022 Herm.
862 2973 888 3024 0.
904 2989 931 3037 p.
948 2987 981 3026 74.
1046 2971 1128 3040 ⁰)Eoe

170 3041 257 3091 Ouiae.
274 3044 306 3104 ej.
323 3042 384 3090 idem
400 3047 512 3102 augustus
528 3056 597 3090 cesar
610 3041 641 3090 B.
662 3041 722 3107 (Ve.
743 3043 784 3091 Vi.
799 3041 858 3108 om.)
873 3043 936 3093 idom
950 3046 1068 3107 Angustus
1082 3043 1127 3109 (et)

169 3112 257 3161 Caesar
270 3112 309 3161 ed.
325 3110 367 3160 Bl.
432 3109 553 3177 ⁷)ilauius
566 3111 597 3160 B.
617 3112 652 3160 Fl.
667 3114 725 3162 edd.
781 3111 804 3179 ⁸)
818 3121 888 3163 nectu
902 3114 933 3163 B.
953 3130 999 3164 nec
1017 3115 1059 3164 Vi.
1080 3115 1125 3164 Ve.

167 3197 212 3230 nec
227 3188 252 3230 tu
266 3181 323 3233 edd.
353 3181 389 3240 Is,
405 3182 450 3245 qui
463 3182 574 3232 libellum
589 3182 673 3240 dedit,
688 3183 720 3232 ed
734 3198 772 3241 ec,
787 3186 831 3247 qui
845 3200 887 3234 res
901 3187 973 3248 apud
985 3188 1069 3249 iprum
1082 3186 1126 3235 de-

165 3259 301 3314 posuerat,
316 3253 419 3316 aliquid
428 3254 524 3315 petisse
538 3252 657 3308 videtum·
671 3255 715 3302 cui
729 3256 851 3316 petitioni
865 3271 921 3304 eum
934 3257 980 3305 ille
993 3256 1125 3316 obiiceret,
1165 3269 1170 3278 ·

167 3321 237 3386 quod
252 3336 341 3370 rerum
359 3323 534 3385 depositorum
554 3327 655 3372 nomine
675 3323 726 3372 eibi
746 3324 894 3383 dederetur,
916 3339 1002 3376 morus
1023 3334 1126 3376 nectere

167 3394 295 3441 cieusest.
357 3389 417 3457 θ)α.
433 3403 555 3444 sss—toi.
619 3389 652 3458 ¹⁰)
667 3392 712 3440 Ex
727 3393 814 3445 Cnido.
829 3398 861 3459 ej.
876 3403 989 3457 augustus
1005 3404 1029 3445 et
1042 3411 1126 3446 cesare

166 3460 206 3593 Ilia.)
252 3457 284 3525 ¹¹)
300 3461 408 3511 Addidi.
463 3458 495 3526 ¹²)
511 3460 574 3526 quod
591 3461 653 3511 Cdd.
669 3463 726 3513 edd.
742 3463 788 3530 (ex
801 3481 824 3529 q.
840 3465 892 3532 eos)
911 3481 972 3530 qnos
987 3469 1019 3530 ej.
1037 3467 1126 3517 Ouiae.

221 3545 245 3577 α.
260 3542 381 3582 294-302.
