2542 3909
153 180 217 246 338
432 197 614 233 os111ssr1r.
633 180 681 238 ΙΙΙ,
701 185 844 234 tos-211.

152 339 226 395 ’dolo
244 333 333 396 malo¹
349 339 460 406 iecerit3
481 356 534 411 qua
549 339 583 396 de
598 355 690 396 causo
707 333 759 415 (si)
775 355 819 396 res
835 341 859 396 ei
875 339 1004 414 subrepta
1028 339 1122 410 inerit,

153 417 226 498 'quin
246 423 429 480 restituendae
450 417 528 480 eius²
549 421 671 480 ’nomine
691 417 824 482 actione³
843 423 960 497 depositi
975 442 1031 481 non
1048 432 1122 480 tene·

154 518 214 579 tur,
239 524 289 564 nec
309 508 344 564 oh
365 507 391 564 id
413 510 472 565 eius
493 509 623 578 interest,
647 525 704 566 rem
726 508 828 567 saluam
844 525 904 564 esse
925 509 992 566 inrti
1012 504 1122 583 iisque⁴

155 609 238 667 agere
252 609 308 648 nou
323 602 431 666 potest,
452 601 496 649 set
512 609 543 650 ea
559 594 629 650 actio
645 594 755 650 domino
771 595 904 666 conpetit.

220 673 292 734 208.
316 677 344 733 ln
359 693 462 734 summa
476 677 616 736 sciendum
628 686 679 748 est,
698 679 851 751 quaesitum
868 694 938 746 esse,
955 694 989 733 an
1000 677 1124 751 impubes

156 779 213 819 rem
229 763 342 819 alienam
358 763 514 820 amonendo
530 762 633 820 lurtum
650 763 740 820 iaciat.
777 761 916 836 plerisque
932 762 1035 836 placet,
1061 763 1124 836 quis

157 847 260 903 lurtum
283 863 315 902 ex
337 846 450 919 adfectu
472 848 614 918 consistit,
638 849 674 903 ita
696 847 804 904 demum
828 846 943 920 obligari
964 864 996 904 eo
1012 846 1125 903 crimine

156 930 340 1005 impuberem,
363 933 386 988 si
408 933 549 1005 proximus
571 930 708 1006 pubertati
724 933 760 988 sit
776 940 803 989 et
819 930 855 986 oh
876 931 903 986 id
918 931 1071 1006 intellegat,
1095 947 1125 988 se

157 1015 326 1088 delinquere.

220 1096 292 1157 209.
317 1099 368 1168 Qui
383 1117 426 1156 res
442 1101 541 1158 alienas
557 1101 638 1174 rapit,
655 1109 763 1156 tenetur
778 1101 859 1156 etism
875 1100 958 1156 iurti:
977 1101 1037 1173 quis
1053 1101 1125 1156 euim

157 1186 244 1260 magis
260 1185 373 1244 alienam
387 1201 445 1241 rem
465 1186 554 1241 inuito
577 1185 688 1241 domino
711 1193 881 1256 contrectat,
904 1201 983 1259 quam
1005 1184 1062 1257 'qui
1077 1179 1125 1239 ui⁵

158 1269 245 1343 rapiti
261 1261 375 1342 itaquel
390 1265 481 1346 rect(e
497 1266 614 1344 dietlum
629 1278 683 1340 est,
700 1286 759 1328 eum
775 1268 929 1344 improbum
945 1269 1032 1325 iurem
1049 1284 1124 1336 esse3

157 1362 200 1410 set
211 1362 239 1410 et
250 1355 389 1427 propriam
401 1355 535 1409 actionem
546 1356 604 1410 elus
617 1354 711 1411 delicti
722 1357 832 1410 nomine
843 1361 954 1428 praetor
965 1352 1124 1424 introdusit,
1136 1367 1195 1416 [ass]

158 1433 228 1511 quae
250 1438 401 1511 appellatur
423 1438 452 1493 ui
473 1439 607 1494 donorum
629 1446 786 1511 raptorum,
816 1445 844 1494 et
866 1447 908 1495 est
933 1439 1003 1494 intra
1026 1453 1126 1494 annum

159 1515 328 1595 quadrupli‚⁷
343 1530 407 1595 post
422 1538 522 1578 aunum
538 1523 642 1596 simpli:
659 1539 727 1596 quae
743 1525 813 1579 actio
830 1523 905 1579 utilis
921 1531 979 1594 est,
996 1523 1048 1579 etsi
1064 1523 1125 1596 quis

158 1623 239 1663 unam
255 1623 328 1677 rem,
343 1606 408 1662 lieet
422 1608 574 1677 minimam,
595 1609 727 1680 rapuerit.

222 1687 292 1751 210.
315 1690 407 1746 Damni
429 1692 543 1749 iniuriae
567 1692 637 1747 actio
660 1693 837 1747 constituitur
858 1691 1019 1765 perlegens
1043 1692 1126 1763 Aqui-

158 1775 231 1845 liam,
253 1776 331 1832 cuius
351 1775 438 1848 primo
461 1777 549 1848 capite
569 1784 678 1833 cautum
700 1783 757 1847 est,
781 1767 840 1854 (ut)
863 1777 886 1830 si
908 1777 968 1848 quis
990 1776 1126 1832 hominem

83 1872 142 1922 183.
160 1858 280 1917 alienum
297 1852 300 1937 l
317 1854 527 1935 ’(uli)enamue⁸
543 1860 756 1934 quadrupedem,
776 1875 846 1932 quae
858 1861 996 1932 pecudum
1013 1875 1127 1916 numero

160 1945 211 2016 sit,
233 1945 332 2001 iniuria
347 1945 493 2017 occiderit,
512 1945 605 2018 quanti
621 1962 653 2001 es
667 1961 712 2001 res
727 1946 755 2001 in
771 1961 804 2001 eo
822 1962 891 2002 anuo
906 1945 1015 2018 plurimi
1031 1944 1126 2013 inerit,

160 2037 267 2086 tantum
290 2023 370 2086 'cesl
392 2029 503 2086 domino
517 2029 582 2086 dare
597 2029 750 2088 damnetur.
788 2026 851 2087 211.
875 2022 1015 2085 ’iniuria¹⁰
1038 2037 1128 2084 autem

235 2197 254 2267 ¹)
268 2199 314 2250 Sic
328 2202 406 2250 etiam
419 2199 484 2250 lust.
500 2201 555 2250 dolo
570 2201 629 2250 edd.
653 2199 706 2250 Sed
719 2199 782 2248 malo
792 2214 844 2262 per
856 2213 879 2247 m
892 2205 1007 2250 nodotum
1020 2196 1128 2248 aderra-

161 2274 196 2322 oit
211 2274 238 2321 io
252 2274 415 2336 superiorem
428 2287 539 2330 versum,
554 2271 598 2321 udi
612 2271 673 2320 inde
684 2271 784 2333 suetum
795 2277 942 2333 praestatum
952 2284 1004 2333 pro
1013 2273 1127 2332 praestat.

163 2339 183 2408 ²)
198 2342 244 2394 Sic
259 2350 329 2392 reete
343 2343 407 2394 lost.
423 2357 483 2405 quae
497 2342 646 2397 restituendo
661 2347 699 2390 est
717 2342 769 2390 eius
786 2341 812 2390 0.
837 2339 882 2408 (eor
895 2355 987 2391 errore
1004 2346 1079 2390 notae
1099 2353 1129 2402 qa

162 2421 186 2464 et
200 2429 213 2463 e
228 2415 293 2462 male
303 2429 355 2477 pro
370 2420 432 2462 notu
445 2411 539 2477 sumto)
553 2412 611 2462 edd.
687 2407 707 2476 8)
723 2412 818 2460 nomine
833 2412 891 2462 edd.
908 2414 966 2460 item
980 2409 1044 2459 Inst.
1060 2424 1129 2458 nom·

162 2486 233 2533 uinoe
250 2484 275 2532 0.
291 2485 393 2533 scilicet
402 2498 454 2546 pro
469 2483 565 2531 nomine
578 2485 649 2532 moe,
676 2481 714 2544 Os.
731 2477 837 2531 ‘Gaius'
850 2498 878 2546 p.
894 2494 941 2532 103.
998 2477 1021 2545 ⁴)
1035 2479 1081 2530 Sic
1093 2480 1129 2538 0.,

163 2562 191 2604 ut
209 2555 331 2617 apodesis
350 2555 402 2602 iam
420 2569 437 2602 a
455 2568 499 2602 nec
519 2553 549 2601 ob
570 2552 594 2600 id
613 2553 728 2615 coeperit
746 2560 770 2602 et
788 2553 850 2603 ltine
867 2568 933 2604 nova
947 2552 1075 2615 periodus
1089 2552 1129 2599 io·

163 2626 253 2689 cipiot.
280 2625 349 2689 quod
359 2625 431 2687 ferri
441 2630 528 2687 potent
542 2621 598 2689 (nec
609 2645 643 2664 =
653 2624 729 2673 etiam
744 2623 805 2688 non)
820 2624 935 2687 adeoque
949 2625 972 2684 §-
985 2633 1032 2673 aos.
1047 2623 1131 2686 mapis

164 2697 291 2746 convenit.
318 2693 441 2746 omittunt
460 2695 541 2758 itaquo
555 2693 641 2744 Instit.
657 2701 682 2744 et
695 2694 753 2744 edd.
819 2691 840 2760 ὅ)
856 2694 901 2744 ato
914 2693 978 2743 Inat.
994 2700 1019 2742 et
1032 2692 1080 2758 Bp.
1096 2694 1130 2755 oi.

164 2768 204 2830 qui
219 2766 319 2832 (notata
338 2764 364 2831 q)
382 2765 407 2815 0.
422 2766 480 2815 edd.
560 2762 743 2831 peccandum
766 2763 794 2814 V
795 2761 816 2797 Ι*
829 2767 917 2830 possis
936 2765 1054 2828 opinari,
1069 2770 1131 2826 post

164 2840 266 2888 litteras
281 2839 299 2886 it
313 2839 378 2887 mule
392 2839 517 2901 repetitas
538 2837 672 2902 dependam
691 2851 760 2894 esse,·
779 2835 841 2902 a(ut)
855 2836 924 2902 u(on)
942 2833 945 2903 l
961 2842 1026 2884 recte
1041 2833 1131 2883 dictum

165 2915 214 2971 est,
229 2923 284 2958 eum
298 2909 433 2971 improbum
448 2909 525 2958 iurem
540 2910 612 2958 esse?
677 2905 698 2974 l)
713 2908 754 2957 Ita
769 2908 833 2958 lost.
845 2909 907 2958 actio
919 2907 1019 2957 addunt
1031 2905 1057 2955 0.
1072 2904 1130 2955 edd.

165 2977 254 3048 [actio]
270 2981 309 3030 ed.
324 2979 398 3030 Stud.
465 2977 546 3047 ⁸)Eoe
560 2978 625 3029 Inst.
641 2986 665 3028 et
680 2979 712 3027 J..
727 2990 740 3030 2
750 2995 795 3042 pr.
810 2979 834 3028 t.
851 2986 868 3028 t.
883 2978 1023 3028 emendavi.
1048 2990 1131 3025 eamne

166 3049 253 3118 (initio
270 3050 397 3118 popinae)
421 3051 447 3100 0.
469 3052 527 3100 edd.
567 3050 621 3101 Sed
643 3051 782 3099 alienamus
806 3051 863 3099 edd.
887 3049 936 3114 Bp.
960 3059 985 3111 u,
1009 3055 1034 3098 et
1057 3046 1131 3097 Stud.

167 3119 189 3188 ⁹)
209 3122 304 3173 Alieno
323 3124 380 3172 loco
398 3138 433 3171 ex
451 3124 569 3188 morpine
584 3130 651 3186 puto
669 3123 809 3185 repositum
829 3122 856 3170 in
875 3121 962 3170 eodem
981 3134 1057 3168 versu
1072 3123 1133 3168 ante

165 3194 252 3244 iniuria
273 3194 299 3243 0.
312 3193 389 3244 habet
402 3194 436 3256 is,
455 3192 519 3243 Ioot.
530 3195 700 3260 opsonatum,
720 3194 843 3242 undenos
858 3189 908 3257 (es)
923 3192 1069 3241 restitutum
1081 3190 1133 3239 leuc

165 3266 294 3316 revocant.
321 3265 359 3328 Of.
374 3265 407 3314 1..
422 3276 434 3315 a
445 3281 490 3328 pr.
505 3266 549 3315 eit.
626 3261 659 3330 10)
674 3265 696 3313 ls
711 3263 798 3313 iniuria
815 3263 841 3313 0.
856 3263 914 3312 edd.
937 3262 975 3324 Cf.
990 3268 1041 3311 not.
1057 3273 1077 3312 o.

238 3410 262 3482 fi.
279 3416 339 3465 208.
355 3416 427 3476 =§.
443 3426 476 3465 18.
496 3413 567 3464 iio.
589 3414 627 3477 Cf.
643 3414 676 3464 1..
691 3425 729 3464 111
740 3428 783 3476 pr.
802 3412 835 3461 D.
850 3412 882 3462 de
896 3427 952 3477 rep.
963 3413 1016 3460 iur.
1031 3409 1076 3476 (co,
1086 3409 1132 3474 tt).

165 3481 191 3553 ὅ.
207 3488 268 3538 209.
284 3501 373 3548 =pr.
388 3484 411 3538 I.
426 3486 498 3534 devs·
516 3484 573 3535 don.
593 3491 662 3548 rapt.
678 3482 714 3550 (a,
729 3481 761 3550 s).
787 3483 826 3545 Of.
841 3483 873 3534 Ι..
889 3494 909 3533 s.
929 3484 969 3546 ξς,
990 3493 1024 3532 ιο.
1045 3493 1078 3532 ts.
1098 3480 1131 3530 Ι).

167 3557 223 3606 eod.
236 3554 283 3623 (tt,
297 3555 330 3621 8).
395 3551 421 3623 ὅ.
436 3558 496 3607 210.
513 3577 546 3598 =
557 3571 601 3619 pr.
617 3555 683 3605 Lde
697 3556 713 3603 l.
729 3554 817 3618 Aquil.
834 3552 865 3620 (4,
880 3554 912 3620 s).
977 3549 1003 3621 ξ.
1014 3555 1075 3603 211.
1093 3551 1133 3614 Of.
