2542 3909
161 200 225 264 324
442 217 501 253 oen
517 217 613 253 merra.
630 199 678 254 111.
697 203 849 253 tot-154⁶.

163 358 240 416 uelut
262 361 290 415 in
312 359 405 431 lucro,
427 360 456 414 in
470 359 557 415 altero
573 374 640 414 uero
657 359 781 430 omissae,
805 359 884 415 ineo
907 375 1029 432 quoque,
1053 360 1126 434 quod

161 445 293 500 omissum
308 452 361 517 est,
377 444 478 500 similes
493 452 584 517 partes
600 451 689 504 erunt.
723 441 783 501 151.
799 443 885 499 llanet
904 452 993 500 autem
1009 445 1127 502 societas

161 544 295 602 eousque,
312 529 400 586 donec
414 530 442 584 in
457 528 554 584 eodem
571 521 682 585 ’sensu¹
698 537 889 603 perseuerant3
911 537 937 584 at
952 545 1013 585 cum
1029 529 1127 603 aliquis

161 615 360 670 renuntiauerit
375 614 514 684 societati,
536 613 654 669 societas
670 614 802 670 soluitur:
825 613 873 669 sed
888 613 969 687 plane
984 615 1007 670 si
1024 615 1085 688 quis
1100 616 1127 670 in

161 697 215 754 hoc
242 699 444 754 renuntiauerit
470 699 612 767 societati,
642 706 672 754 ut
702 695 849 754 obueniens
881 697 992 772 aliquod
1021 699 1127 756 lucrum

162 781 238 838 solus
259 781 372 853 habeat,
395 782 482 841 ueluti
502 783 525 838 si
552 783 618 840 mihi
638 791 760 839 totorum
779 781 915 838 bonorum
932 785 1042 854 socius,
1067 800 1128 842 cum

161 864 301 939 abaliquo
324 867 404 923 heres
424 875 497 926 esset
512 867 639 938 relictus,
661 869 689 924 in
710 867 763 924 hoc
778 869 977 924 renuntiauerit
991 869 1128 940 societati,

162 958 194 1006 ut
214 950 393 1008 hereditatem
415 954 491 1010 solus
513 951 583 1008 lucri
606 953 696 1024 iaciat,
719 953 909 1026 cogiturnec
931 953 1037 1010 lucrum
1055 969 1127 1010 com·
1188 1003 1194 1012 .

160 1037 312 1109 municare3
337 1037 361 1092 si
382 1037 447 1110 quid
462 1054 528 1095 uero
549 1036 626 1094 aliud
643 1037 710 1094 lucri
732 1037 842 1107 lecerit,
866 1037 938 1110 quod
961 1055 1016 1094 non
1039 1047 1128 1112 capta-

162 1121 250 1191 uerit,
271 1120 305 1176 ad
319 1122 410 1194 ipsum
424 1123 514 1180 solum
530 1123 662 1195 pertinet:
685 1121 751 1178 milri
767 1138 845 1192 uero,
868 1121 1001 1195 quidquid
1017 1125 1126 1180 omnino
1141 1129 1200 1182 leta]

161 1211 227 1277 post
241 1206 422 1280 renuntiatam
437 1209 595 1264 societatem
611 1205 775 1280 adquiritur,
796 1205 849 1264 soli
864 1206 1034 1264 conceditur.
1063 1203 1126 1264 152.

161 1286 285 1344 Saluitur
299 1289 387 1345 adhuc
401 1293 516 1348 societas
532 1292 612 1349 etiam
628 1300 717 1348 morte
732 1293 808 1357 socii,
830 1293 891 1364 quia
906 1293 953 1364 qui
969 1293 1128 1350 societatem

161 1372 312 1444 contrahit,
337 1383 439 1430 certam
461 1392 604 1450 personam
627 1374 678 1431 sibi
702 1375 788 1448 eligit.
840 1373 903 1434 153.
925 1375 1027 1433 [licitur
1049 1378 1128 1434 etiam

160 1456 257 1529 capitis
273 1455 453 1516 diminutione
468 1460 538 1516 solui
555 1461 723 1532 societatem,
743 1461 805 1532 quia
821 1460 895 1518 ciuili
910 1463 1017 1518 ratione
1032 1462 1128 1534 capitis

160 1540 304 1598 diminutio
331 1541 421 1600 ’morti
448 1536 648 1618 coaequatur;²
677 1547 728 1602 sed
749 1546 842 1618 utique
864 1546 888 1600 si
911 1536 1018 1624 ’(αἱίί)3
1039 1546 1129 1603 adhuc

161 1627 375 1682 consentientia
391 1629 560 1699 societatem,
576 1645 647 1686 noua
660 1628 770 1687 uidetur
781 1630 901 1703 insipere
913 1630 1038 1686 societas.
1058 1625 1126 1700 ¹164.

161 1709 228 1765 item
248 1710 275 1764 ai
297 1711 373 1766 cuius
396 1729 429 1768 en
444 1714 527 1768 sociis
548 1711 620 1768 bona
643 1711 750 1786 publice
766 1722 812 1770 aut
834 1715 960 1787 priuatim
982 1714 1127 1786 uenierint,

96 1792 282 1854 169.solnitur
308 1796 434 1853 societas.
474 1789 570 1869 lidi.⁴
598 1796 650 1853 Sed
677 1797 744 1855 haec
772 1813 881 1872 quoque
906 1791 909 1875 l
934 1799 1067 1870 societas,
1095 1796 1129 1872 de

163 1894 216 1951 qua
239 1874 407 1952 loquimur,⁶
432 1879 472 1939 'id
492 1890 551 1953 est,
579 1874 668 1955 quac⁰
689 1898 824 1939 consensu
849 1883 1020 1940 contrahitur
1039 1882 1126 1954 nudo,

236 2029 257 2096 ¹)
273 2047 391 2082 consensu
406 2032 471 2083 Iast.
492 2033 629 2084 Fortasse:
643 2035 703 2084 socii
718 2049 791 2084 sensu
805 2036 845 2083 ael
859 2049 986 2084 consensu.
1048 2030 1069 2102 ¹)
1083 2032 1129 2085 Sic

167 2101 195 2151 V
196 2099 230 2159 ’ἢ
249 2103 316 2154 unde
335 2105 412 2154 etiam
430 2106 458 2154 in
477 2105 687 2156 antecedentibus
707 2105 773 2154 nibil
792 2105 843 2154 iam
862 2106 1010 2155 mutandum
1029 2121 1127 2156 censeo.

164 2169 336 2239 ⁸)Suppleui,
356 2175 425 2239 quod
443 2174 621 2240 obsequentis
642 2176 759 2242 syllabae
781 2177 975 2226 similitudinem
998 2178 1128 2227 excidisse

162 2245 265 2295 uidetur
283 2247 361 2294 etiam
379 2248 406 2295 in
426 2246 512 2296 Instit.
585 2243 608 2311 ⁴)
627 2247 705 2296 Hane
725 2249 747 2308 ξ.
770 2247 826 2310 feci
843 2253 868 2296 et
885 2249 991 2296 restitui
1013 2263 1048 2297 en
1072 2247 1098 2296 V
1100 2243 1128 2295 ¹⁸.

162 2313 186 2381 ⁶)
200 2316 313 2366 Diuersa
326 2324 364 2366 est
378 2319 445 2366 enim
460 2316 492 2366 ab
506 2332 538 2366 ea
551 2319 664 2367 societas
676 2319 732 2368 siue
747 2319 889 2367 communio
903 2319 1022 2367 incidens
1036 2318 1067 2382 (e,
1082 2317 1128 2382 eo),

161 2387 198 2436 ad
212 2403 288 2450 quam
300 2386 371 2451 quod
382 2389 505 2450 proxime
519 2387 551 2436 de
565 2387 690 2438 bonorum
704 2389 771 2438 socii
785 2389 932 2438 venditione
946 2388 1062 2446 diecret,
1077 2403 1128 2452 qua

160 2472 225 2506 sane
245 2459 303 2518 ipsa
320 2472 364 2506 reo
387 2459 539 2515 communis,
558 2459 586 2507 in
605 2474 656 2522 qua
670 2459 735 2510 baec
748 2460 861 2508 societas
876 2460 1003 2518 consistit,
1018 2461 1128 2517 tollitur,

160 2533 281 2590 spectare
296 2541 374 2589 posse
392 2527 543 2586 uidebatur,·
563 2543 595 2576 ea
614 2544 722 2593 numque
742 2530 803 2579 licet
825 2529 954 2578 interdum
973 2531 1050 2578 etiam
1068 2545 1128 2579 cou-

161 2611 253 2656 sensu,
269 2604 351 2646 tarsen
366 2613 495 2662 nunquam
510 2613 636 2653 consensu
651 2600 734 2659 nudo,
755 2600 802 2648 sed
815 2599 848 2648 re'
859 2601 990 2657 consistit,
1004 2607 1029 2649 et
1043 2606 1130 2663 potest

161 2670 240 2717 etiam
254 2668 312 2718 iure
322 2669 402 2728 ciuili,
417 2671 485 2718 uelut
494 2669 647 2729 hereditate,
661 2671 854 2734 mancipatione
863 2671 951 2720 nasci:
965 2670 997 2720 de
1006 2672 1128 2720 societate

159 2738 360 2803 publicanorum
373 2747 444 2790 certe
460 2740 542 2790 Gaius
555 2755 607 2790 non
621 2742 753 2806 capitanii.
785 2741 859 2790 Dicit
875 2748 959 2790 autem
978 2755 1071 2805 quoque
1086 2755 1128 2789 re-

162 2817 252 2874 spectu
275 2810 362 2861 babitu
384 2818 529 2861 ceterarum
551 2827 587 2860 en
610 2827 736 2862 consensu
760 2811 956 2876 obligationum,
986 2812 1128 2875 eruptionis,

162 2882 315 2940 locationis,
337 2883 464 2942 mandati,
486 2897 551 2946 quae
572 2897 624 2932 non
650 2884 727 2932 etiam
747 2884 803 2931 sine
829 2897 955 2933 comensu
979 2883 1130 2948 contingere

159 2958 278 3016 possam.
317 2952 448 3003 Commode
463 2955 546 3019 ipitur
565 2953 608 3003 bic
623 2961 651 3003 ut
665 2955 697 3004 de
710 2952 923 3018 oblipationibus,
943 2969 1008 3018 quae
1024 2968 1054 3002 re
1068 2968 1129 3003 con·

162 3024 305 3072 trabuntur
323 3025 347 3085 ξ.
367 3035 414 3074 ton.
430 3024 509 3087 fecit,
533 3026 671 3074 occasione
693 3031 792 3074 tautum
810 3025 944 3087 aptissima
963 3025 1026 3074 data
1049 3030 1129 3082 notat,

163 3096 241 3143 etiam
254 3110 350 3153 omnes,
364 3110 429 3160 quae
443 3096 512 3144 nuda
527 3109 654 3145 consensu
674 3094 873 3154 contrabantur,
891 3095 1062 3160 oblipatianes
1076 3109 1130 3145 esse

164 3166 367 3231 iuris-pontium,
382 3181 414 3215 ne
429 3167 456 3216 in
472 3168 525 3216 ullo
536 3181 632 3231 penere
648 3166 677 3216 id
691 3166 760 3231 quod
772 3179 793 3227 1,
808 3167 878 3228 tfin.
894 3168 1067 3229 promiserat,
1086 3167 1129 3215 de-

163 3237 303 3286 sideretur.
323 3236 382 3287 niele
396 3237 433 3286 ibi
447 3238 560 3300 inferius
575 3244 672 3287 notata.
725 3233 747 3302 ⁶)
760 3235 805 3288 Sic
815 3235 904 3300 Suppl.
915 3236 953 3287 St.
960 3252 988 3300 p.
1004 3235 1136 3308 XXXII..

160 3323 213 3371 pra
228 3305 271 3356 ‘ob
286 3308 315 3356 id
327 3305 402 3371 quod’
419 3309 459 3360 ecl.
474 3320 578 3359 meoet.
602 3311 689 3374 itaque
700 3308 821 3373 lttttnptt
835 3311 868 3371 ej.
879 3309 956 3357 etiam
968 3309 1057 3357 sensui
1070 3323 1130 3358 oon·

128 3483 132 3490 ,
236 3427 263 3500 ξ.
280 3431 549 3492 1s1.=§.a1.u.
604 3428 973 3500 §.152.=§.a.tntt.l.ib.
1029 3428 1055 3500 ξ.
1072 3433 1131 3482 153.

167 3503 208 3565 Os.
223 3501 292 3566 Epir.
311 3513 336 3564 n,
354 3514 376 3554 o.
396 3504 418 3563 5.
433 3515 466 3554 ιτ.
490 3503 522 3551 L.
537 3514 559 3553 a.
583 3504 606 3565 t.
621 3516 641 3553 1.
665 3503 697 3552 L.
712 3513 746 3555 aa.
771 3504 793 3566 t.
807 3515 840 3554 10.
866 3503 898 3553 L.
913 3513 945 3554 aa.
969 3504 992 3565 s.
1007 3513 1026 3554 n.
1050 3504 1082 3552 L.
1097 3513 1131 3554 aa.

166 3575 190 3634 ς.
206 3584 238 3623 11.
262 3573 294 3623 li.
309 3588 362 3636 pra
379 3587 434 3622 soa.
455 3572 504 3639 (tr,
524 3572 554 3639 e).
627 3570 654 3642 ᾖ.
671 3575 730 3625 154.
752 3573 791 3636 Of.
811 3575 850 3636 ἐξ.
865 3587 886 3626 a.
901 3585 922 3625 e.
947 3571 1019 3624 att.
1035 3572 1072 3640 (a,
1087 3573 1132 3639 es).
