2542 3909
183 214 245 280 838
320 230 655 269 vur.cv1vsn.1vnsc0rs.
676 228 861 265 cousvursrro.
882 208 903 261 Ι.
925 214 996 261 1-3.

181 370 285 475 {coppas
298 350 648 484 emutinuiss⁰fg¹i⁰·XL
666 348 791 470 pechIIIl.
827 348 1036 492 Cpplsullpppiopp
1058 348 1147 468 vsseff

193 436 435 475 onrurrsnsns
566 436 594 471 vr
899 456 905 469 .
1133 446 1145 457 -

181 485 305 555 gurdiae
327 486 402 539 enim
424 501 542 553 regnum
566 435 751 553 suisiypostes
767 432 935 537 Frincorum
952 455 1146 537 dominationi
1243 482 1244 507 ¹

182 555 323 617 cessisset,
353 552 436 606 facile
463 551 638 607 Consultatio
664 552 693 605 in
720 550 791 605 hanc
818 550 939 603 vicinam
964 548 1143 605 Francorum
1156 569 1215 617 [sss]

182 620 326 739 civitatgem
351 620 500 688 pervenire
522 619 624 688 potuit.
664 617 786 671 Tantum
813 617 848 670 de
875 617 968 671 aetate
991 618 1020 671 et
1046 617 1146 686 patria

181 702 236 739 son
287 703 334 740 ns.
844 696 850 712 “

236 704 292 807 pDe
308 754 418 808 ratione
435 752 525 807 libelli
541 752 612 807 haec
634 751 747 807 habeto.
782 750 958 816 causidicus,
980 752 1014 806 ut
1030 751 1144 805 Rudor-

182 819 233 874 fius
250 820 270 873 1.
288 837 312 874 o.
330 821 407 875 recte
429 819 541 884 statuit,
564 819 706 873 incensis
729 817 909 895 quibusdam,
931 834 1003 941 guas
1024 819 1143 896 agebat,
1244 851 1245 895 i

182 887 243 940 anti
263 903 299 941 uo
317 903 394 941 more
407 887 504 942 Ictum
522 886 646 954 aliquem
657 887 770 952 (rectius
787 884 929 939 dixissetl
952 888 996 939 tos
1007 886 1143 955 aliquos),

181 953 237 1007 in'
261 970 278 1006 s
300 954 415 1024 regione
437 954 590 1015 celebrem,
610 952 730 1021 singulis
752 952 903 1020 propositis
927 953 1143 1019 quaestionibus

182 1020 372 1085 consuluerat,
390 1020 514 1088 adquae
537 1020 630 1074 ishoc
648 1018 752 1087 scripto
775 1019 816 1071 ita
839 1018 1003 1088 respondet,
1025 1021 1058 1072 ut
1073 1022 1140 1073 tum

183 1088 297 1141 omnino
319 1090 502 1155 quaerentem
524 1087 560 1141 de
582 1086 681 1155 quavis
703 1102 733 1139 re
755 1086 886 1139 instituat
912 1088 1141 1154 sententiamque

182 1170 261 1207 suam
279 1156 366 1208 etiam
383 1155 504 1207 oratorie
522 1157 653 1215 exornet,
675 1153 749 1206 unde
768 1155 798 1206 et
815 1153 867 1206 hac
884 1154 965 1221 parte
979 1152 1058 1207 ICtos
1075 1157 1141 1207 tum

182 1221 385 1275 causidicorum
401 1220 591 1275 imbecillitati
602 1220 768 1297 subvenisse
787 1235 821 1286 ap
844 1222 917 1297 aret,
935 1221 997 1297 tum
1014 1220 1139 1296 maxime
1245 1274 1246 1293 ,

183 1287 373 1355 ‘lectionibus'
397 1288 433 1340 ad
455 1305 515 1341 rem
534 1287 743 1407 pertinentibus
771 1302 805 1339 ex
823 1236 911 1339 irbrrs
933 1304 1001 1363 uiris
1029 1287 1140 1355 petitis,
1245 1306 1246 1353 j

183 1355 285 1421 quibus
301 1356 331 1408 in
349 1370 434 1409 causa
451 1355 532 1408 dicen
553 1370 571 1406 a
581 1354 826 1413 utatur.1nstruat.
857 1352 938 1407 Unde
950 1353 1138 1422 mteilegitur,

182 1420 254 1475 hano
271 1437 327 1475 non
343 1424 404 1475 tam
421 1421 654 1475 consultationem
671 1436 738 1483 esse,
756 1436 841 1496 quam
854 1419 890 1472 ad
903 1421 1139 1475 consultationem

182 1504 355 1557 responsum.
384 1488 445 1541 Nec
461 1492 557 1541 tamen
574 1488 703 1556 peccavit
720 1486 858 1553 Curatius,
877 1504 941 1541 cum
957 1489 1139 1543 consultatio-

182 1570 248 1607 nem
270 1572 332 1609 eam
359 1555 536 1617 inscriberem
561 1555 620 1622 ipse
651 1554 725 1607 enim
748 1555 845 1607 auctor
867 1570 890 1607 o.
909 1560 943 1611 τ’.
965 1554 1026 1608 init.
1049 1556 1138 1610 etiam

182 1620 965 1742 ³lttttttlitetti0t”t“¹ili,tt¹¹⁸¹²ltltitt
979 1622 1139 1744 ilum
1246 1620 1247 1663 ³

183 1752 266 1807 titulo
284 1752 483 1809 inscriberetur
501 1704 669 1815 ‘trasanii
688 1769 744 1822 quo
762 1734 898 1808 vocabulo
911 1706 987 1809 ceriti
1036 1708 1138 1825 pisims

182 1818 212 1873 L.
233 1827 255 1876 1.
273 1828 296 1885 §-
316 1827 355 1877 11.
374 1821 407 1879 D.
426 1820 460 1875 de
478 1822 617 1878 extraord.
636 1837 718 1888 cogn.
737 1824 846 1888 (50,13)
866 1821 900 1875 de
918 1822 970 1875 hae
988 1839 1018 1877 rs
1036 1824 1137 1891 utitur,

182 1887 314 1956 quodque
332 1888 419 1942 etiam
436 1891 534 1957 postea
550 1890 580 1941 in
597 1906 649 1941 usu
667 1888 814 1953 mansisse,
836 1889 958 1942 ostendit
978 1905 1033 1943 non
1051 1890 1137 1945 modo

182 1956 320 2011 Ammian.
339 1962 381 2019 28,
399 1964 424 2014 4.
441 1961 465 2020 ς.
483 1961 538 2018 26„
561 1956 610 2009 sed
633 1955 719 2009 etiam
740 1955 800 2023 ipse
819 1957 913 2008 noster
930 1955 1010 2009 ICtus
1028 1956 1137 2011 solenni
1247 2008 1248 2013 ,

182 2021 231 2075 illo
250 2022 331 2101 ‘quid
348 2022 452 2076 debeat
467 2022 593 2075 tractari’
612 2022 674 2075 init.
692 2039 714 2076 c.
727 2029 750 2075 4.
764 2028 787 2077 5.
800 2026 823 2074 6.
852 2021 924 2075 Vide
943 2023 978 2076 de
996 2024 1048 2077 hac
1066 2039 1136 2078 voce

182 2088 328 2143 Valesinm
350 2090 387 2142 ad
404 2090 544 2143 Ammian.
561 2088 579 2141 1.
598 2106 620 2142 c.
644 2090 674 2142 et
694 2087 849 2157 Schulting.
872 2088 908 2142 ad
930 2089 1008 2143 Paul.
1031 2109 1058 2160 p.
1075 2096 1136 2145 217.

183 2155 315 2210 Ceterum
330 2158 389 2210 tres
405 2158 468 2224 ipsa
485 2172 514 2209 re
533 2156 679 2209 distinctas
696 2158 791 2223 partes
803 2155 929 2224 opusculi
942 2172 1002 2210 esse
1015 2174 1038 2211 c.
1053 2164 1136 2224 1-3,

183 2239 206 2276 c.
223 2229 299 2281 4-6.
318 2224 346 2276 et
364 2239 386 2275 c.
399 2228 485 2288 t-s,
504 2221 606 2291 quibus
619 2241 642 2275 c.
655 2228 680 2277 9.
694 2224 828 2288 tanquam
842 2223 998 2276 auctarium
1016 2224 1135 2279 auctori·

182 2289 273 2342 tatum
292 2289 409 2352 accedit,
428 2303 530 2356 easque
549 2288 586 2342 ad
598 2288 722 2343 diversos
734 2290 861 2342 auctores
873 2289 963 2342 videri
974 2290 1136 2345 referendas

183 2372 252 2421 esse,
264 2357 322 2409 iem
334 2355 367 2408 G.
378 2355 409 2409 ll.
421 2356 620 2409 Heimbeohins
631 2356 661 2408 in
673 2356 785 2424 Repert.
799 2355 874 2424 Lips.
887 2361 961 2410 1843.
974 2375 1001 2435 p.
1014 2365 1062 2412 154
1074 2374 1135 2426 seq.

182 2423 350 2477 observavit.
383 2424 482 2491 Itaque
504 2426 631 2477 auctores
654 2422 781 2491 opusculi
799 2421 886 2491 caput
902 2438 995 2491 regni,
1017 2424 1070 2479 hoc
1092 2427 1137 2479 est

182 2490 305 2555 Arelate,
321 2490 445 2543 tenuisse
463 2490 559 2558 ibique
577 2490 657 2557 qussi
670 2489 790 2558 collegio
801 2489 924 2556 quodam
936 2492 1055 2545 sociatos
1066 2491 1135 2545 iuris

182 2557 303 2676 pebplam
322 2556 451 2611 habuisse
469 2558 499 2611 et
515 2556 629 2611 oracula
647 2555 856 2610 consulentibus
873 2555 982 2611 dedisse
1000 2558 1137 2627 suspicari

194 2639 257 2676 roe.

554 2781 765 2791 ——..—

246 2961 266 3021 l.
298 2958 319 3017 l.
352 2959 517 3016 Consuluisti
540 2976 598 3031 me,
621 2968 713 3016 utrum
740 2962 812 3016 inter
834 2960 942 3017 fratrem
965 2970 992 3017 et
1013 2978 1135 3018 sororem

183 3044 271 3101 habita
287 3044 320 3099 de
335 3042 418 3098 rebus
433 3042 584 3100 diuidendis
604 3046 692 3117 pactio
708 3046 837 3101 uirtutem
858 3045 974 3118 aliquam
990 3046 1077 3120 possit
1092 3062 1135 3101 re·

184 3128 285 3185 tinere:
303 3143 382 3200 quarn
399 3136 485 3183 tamen
501 3129 652 3200 pactionem
669 3127 734 3183 dieis
756 3128 894 3184 mulierem
906 3127 977 3185 illam
993 3136 1066 3184 metu
1082 3138 1136 3183 ma·

183 3212 228 3265 riti
244 3219 272 3265 et
286 3212 400 3283 imperio
415 3210 607 3283 subscripsisse
622 3221 650 3267 et
671 3213 820 3283 ignorasse,
834 3228 902 3285 quae
914 3212 958 3267 uel
969 3212 1061 3284 quales
1072 3227 1137 3269 con·

183 3291 302 3348 diciones
317 3294 368 3365 ipsi
386 3294 504 3366 pactioni
516 3293 630 3349 luissent
650 3294 751 3349 inditae
766 3294 810 3349 uel
825 3296 952 3351 insertae.
979 3293 1009 3353 2.
1025 3294 1096 3368 Ergo
1113 3296 1136 3350 si

185 3377 220 3431 ita
242 3384 295 3444 est,
318 3375 543 3447 quemadmodum
566 3384 611 3432 tua
639 3374 837 3432 consultatione
859 3376 1008 3450 significas,
1029 3386 1137 3451 pactum

181 3457 339 3514 huiusmodi
350 3459 408 3514 lure
424 3459 593 3529 dissoluitur,
610 3475 661 3515 uec
673 3468 745 3514 stare
757 3461 869 3531 poterit,
880 3462 942 3532 quia
954 3461 1045 3535 legum
1056 3461 1137 3517 bene-

184 3540 252 3594 ioiis
275 3541 436 3597 omnimodis
466 3544 650 3615 impugnatur.
679 3536 709 3597 3.
724 3539 906 3615 ’Primoreque
922 3544 994 3598 iuxta
1010 3544 1048 3614 id,
1063 3544 1136 3617 quod
