2542 3909
494 239 521 275 Π.
540 237 669 274 unumve
688 236 795 275 PBOBVS.

500 432 531 470 ar.
556 431 684 472 venenu
706 430 799 471 rsour

392 530 430 587 de
451 533 541 587 iuris
564 527 717 605 (ciuilis)
741 538 900 587 notarum

327 648 626 721 (siqnificotione
649 643 970 721 commentarius).¹

232 762 258 822 1.
287 763 334 819 list
355 764 435 820 etism
458 767 528 821 circa
542 764 747 839 perscribendas
770 766 813 822 uel
835 764 1008 839 paucioribus
1029 764 1128 821 litteris

169 847 301 904 notandas
318 864 398 904 uoces
413 848 533 904 studium
547 851 738 906 necessarium.
762 848 839 916 Quod
855 850 951 922 partim
966 865 1015 921 pro
1032 847 1128 905 uolun-

171 940 226 988 tate
240 934 371 1005 cuiusque
386 929 427 1003 fit,
443 934 539 1005 partim
554 950 605 1005 pro
620 950 672 989 usu
687 932 794 1007 publico
811 940 837 989 et
853 931 1041 987 obseruatione
1055 948 1128 988 com·

169 1017 253 1071 muni.
288 1015 407 1088 Namque
422 1016 492 1088 apud
509 1024 615 1072 ueteres
636 1033 697 1073 cum
713 1032 779 1071 usus
794 1023 918 1071 notarum
938 1014 1030 1071 nullus
1045 1022 1128 1087 esset,

169 1100 294 1173 'propter
314 1093 518 1172 perscribendi²
540 1092 754 1156 ’dillicultatom³
782 1099 895 1155 manime
915 1100 943 1153 in
965 1106 1061 1154 senntu
1083 1100 1128 1171 qui

93 1252 96 1260 Δ
116 1181 313 1238 [sorscribendo
329 1182 450 1255 aderant,
466 1191 497 1239 ut
511 1176 669 1240 'celeriter⁴
684 1182 753 1240 dicta
764 1181 1036 1255 comprehenderent,
1048 1198 1128 1255 quae·

169 1266 229 1321 dam
245 1266 327 1323 uerba
341 1274 422 1339 atque
437 1267 544 1322 nomina
564 1282 596 1322 ex
611 1268 746 1323 communi
767 1282 902 1322 consensu
921 1267 1014 1339 primis
1029 1265 1128 1321 litteris

170 1349 301 1406 notabant
321 1360 349 1406 et
370 1350 494 1424 singulae
515 1350 622 1407 litterae
646 1350 709 1425 quid
730 1348 929 1424 significarent,
951 1350 978 1405 in
1000 1357 1129 1423 promptu

169 1441 237 1489 erat.
260 1428 365 1500 Ὀιιοιίὁ
380 1434 406 1489 in
422 1434 650 1507 praenominibus,
665 1432 779 1507 publicis
799 1431 1012 1507 pontificumque
1034 1450 1128 1488 monu-

170 1518 267 1573 mentis
282 1525 311 1573 et
324 1520 353 1573 in
368 1511 504 1591 'legibus⁰
525 1510 695 1591 'iurislqne)⁷
715 1517 801 1573 ciuilis
817 1516 892 1573 libris
907 1518 1060 1573 etiamnunc
1075 1532 1128 1571 rna·

169 1610 226 1657 net.
261 1600 301 1655 hd
322 1618 389 1674 quas
409 1602 562 1658 notationes
585 1601 705 1676 publicas
726 1593 867 1657 'accessit⁸
888 1600 925 1656 'ct
944 1600 1129 1657 studiosorum

170 1684 307 1755 uoluntas,
329 1692 359 1740 ut
380 1686 567 1759 unusquisque
589 1685 733 1742 familiares
753 1684 805 1740 sihi
821 1692 899 1741 notas
921 1701 972 1758 pro
988 1684 1128 1740 uoluntate

169 1770 305 1840 signaret3
326 1784 392 1841 quas
414 1763 667 1843 comprehenderet
689 1766 822 1824 infinitum
842 1776 892 1823 est.
921 1767 1044 1841 publicae
1064 1784 1127 1823 sane

169 1850 312 1923 tenendae,
328 1844 440 1925 'quae¹⁰
453 1854 481 1908 in
496 1854 676 1909 monumentis
692 1852 807 1925 pollilicis
822 1858 849 1907 et
864 1852 1038 1908 historiarum
1053 1852 1128 1907 libris

169 1938 307 2010 sacrisque
322 1934 437 2010 publicis
452 1937 636 2010 reperiuntur,
653 1934 692 1992 'ut
702 1930 726 1969 ¹⁰

233 2016 262 2075 2.
308 2020 339 2076 P.
497 2018 607 2076 Publius

309 2104 339 2161 L.
497 2102 594 2159 Lucius

498 2187 577 2242 Gaius

309 2186 343 2327 3³1⁶.
496 2270 600 2326 Marcus

243 2431 265 2500 ι)
279 2436 336 2485 Hoc
343 2436 402 2499 fere
412 2436 485 2485 modo
495 2435 663 2498 supplendam
677 2450 732 2484 esse
742 2434 945 2497 inscriptionem,
956 2449 1030 2498 quarn
1040 2434 1131 2496 optimi

170 2506 233 2556 libri
246 2520 303 2555 nese.
314 2505 449 2569 praebent,
459 2507 542 2555 sunsit
551 2505 613 2553 mihi
625 2504 688 2554 Gelt.
699 2516 732 2564 rt,
747 2516 768 2556 e.
784 2504 827 2553 ubi
840 2505 952 2554 eiusdem
969 2503 1050 2554 Probi
1065 2506 1129 2553 cita·

170 2584 215 2625 tor
228 2578 423 2626 commentarius
438 2572 479 2625 ‘dc
494 2575 587 2624 occulte
601 2575 732 2624 litterarum
751 2576 922 2637 significatione
938 2575 960 2623 in
976 2575 1129 2640 epistularum

171 2646 198 2695 C.
209 2645 317 2695 Caesaris
326 2643 466 2711 scriptura'.
481 2645 517 2694 Ei
525 2647 591 2695 enim
601 2647 712 2695 uicinum
721 2645 789 2695 hune
799 2652 913 2695 nostrum
923 2648 1130 2694 commentarium
1176 2678 1187 2699 .

167 2717 260 2781 foisse,
270 2717 345 2766 etiarn
350 2715 486 2780 probabile
492 2717 524 2779 fit
538 2731 572 2765 em
582 2717 753 2779 inscriptione
766 2715 915 2779 quibusdam
925 2716 1003 2764 medii
1012 2718 1070 2765 oevi
1084 2731 1129 2765 no·

170 2794 255 2836 tarum
265 2786 458 2837 collectionibus
467 2803 483 2835 a
495 2786 580 2836 Probo
586 2786 758 2850 pendentibus
763 2788 901 2850 praefica:
916 2782 997 2834 ‘notae
1008 2786 1060 2834 lulli
1071 2785 1130 2834 Cne-

170 2854 254 2920 saris'‚
264 2859 296 2907 de
306 2858 397 2922 quibus
407 2858 441 2921 cf.
453 2856 574 2907 Momsen.
586 2863 637 2907 not.
649 2858 739 2905 latere.
751 2872 779 2919 p.
790 2867 837 2907 ³15.
868 2852 888 2921 ²)
899 2863 997 2919 propter
1010 2856 1131 2906 scribendi

172 2928 235 2977 cdd.
250 2935 275 2977 et
288 2930 343 2985 ed.,·
355 2930 443 2977 uitium
456 2942 491 2977 ex
500 2927 649 2990 compendio
660 2941 692 2990 pp
702 2927 839 2989 pscribentli
849 2934 935 2975 natum
945 2933 991 2976 est.
1019 2923 1039 2992 ⁸)
1055 2928 1129 2976 iacul-

170 3006 243 3048 tatcm
260 2998 321 3047 cdd.
339 3006 364 3048 et
377 2998 433 3055 ed.,·
445 2998 493 3048 ssd
507 2997 531 3046 di
543 2996 725 3062 geminandum
739 3004 804 3046 erat.
840 2994 862 3063 ⁴)
879 2997 958 3061 Refer
973 2998 1008 3046 nd
1021 3012 1130 3061 compre-

169 3068 308 3130 henderent,
322 3084 374 3119 non
388 3070 424 3118 nd
437 3067 509 3117 dicte.
545 3068 681 3117 Celeritate
692 3068 766 3131 facto
780 3069 1001 3117 senatusconsulto
1016 3082 1088 3130 opus,
1104 3074 1131 3115 nt

170 3154 231 3188 mox
243 3140 280 3188 ml
292 3141 347 3188 ntia
361 3141 446 3188 veniri
459 3142 499 3188 vel
512 3139 612 3188 discedi
621 3144 717 3201 posset.
748 3135 769 3203 ⁵)
785 3138 896 3195 Quodne
915 3138 977 3187 odd.
996 3137 1132 3186 Fortasse:

170 3208 216 3266 Qui
229 3224 288 3259 mos.
326 3206 347 3273 ο)
363 3210 426 3259 odd.
441 3217 466 3259 et
479 3210 518 3258 ed.
538 3208 631 3257 babent
650 3210 833 3271 transpositum
851 3215 908 3271 post
924 3208 1131 3271 praenominibus3

170 3280 222 3328 oid.
233 3281 349 3344 praefat.
380 3277 401 3345 ⁷)
416 3286 440 3328 et
454 3280 477 3328 in
492 3279 550 3328 luris
566 3279 687 3342 Cdd.fide
697 3279 778 3343 digni.
795 3280 900 3342 iurisque
910 3279 1002 3328 omisso
1016 3284 1093 3327 antea
1108 3284 1131 3326 et

170 3350 195 3398 in
212 3349 246 3399 X.
262 3348 295 3400 Α.
333 3348 354 3417 ⁸)
374 3350 467 3399 accedit
483 3350 544 3399 cdd.
560 3357 585 3399 et
598 3349 638 3399 ed.
676 3346 698 3415 ⁰)
714 3350 787 3399 Haec
801 3351 923 3413 proxime
937 3348 973 3397 ad
988 3346 1049 3397 odd.
1064 3349 1131 3397 scri·

165 3427 271 3484 pteram
285 3422 417 3470 accedunt.
435 3421 506 3469 etism
520 3420 681 3469 studiosorum
697 3421 818 3481 uoluntes3
833 3426 868 3467 set
883 3417 1045 3481 unusquisqne
1061 3418 1131 3465 inmi-

169 3491 240 3540 liares
255 3491 301 3539 sihi
315 3498 383 3540 notas
398 3506 441 3554 pro
456 3490 577 3540 uoluntate
588 3506 652 3555 quas
661 3492 775 3556 signarit
784 3487 1030 3551 comprehendereed.
1041 3487 1130 3537 Moms.

171 3562 263 3611 ultera.
304 3558 337 3625 ¹⁰)
352 3560 397 3609 En
413 3561 475 3611 odd.
486 3563 513 3610 in
524 3560 651 3611 Momseni
665 3562 705 3610 ed.
720 3563 805 3610 altero
819 3558 919 3607 addidi.
