2542 3909
294 1059 403 1126 IVLII
426 1060 585 1128 PAVLLI
608 1059 957 1126 SENTENTIARVM
981 1121 986 1129 .

448 1172 570 1230 LIBER
588 1171 805 1232 SECVNDVS.

209 1344 272 1385 um.
289 1344 309 1384 1.
337 1347 380 1386 nu
395 1345 495 1388 nuovo
511 1344 659 1386 ouomrrs
675 1347 715 1386 ar
731 1329 781 1386 'ou
796 1321 1032 1388 14241444444.1

277 1441 325 1522 [L.
343 1446 383 1504 34
396 1465 444 1518 pr.
461 1447 489 1519 S.
506 1447 534 1503 1.
557 1448 593 1503 D.
610 1450 645 1504 de
661 1448 721 1503 reb.
737 1449 815 1504 cred.
834 1441 900 1525 (12,
918 1441 976 1523 1).]

73 1552 135 1600 [are]
209 1527 234 1587 1.
257 1523 305 1586 ²lu
319 1532 479 1604 pecuniariis
494 1532 582 1587 causis
602 1532 626 1586 si
641 1531 756 1586 alteror
771 1530 955 1603 litigatoribus
970 1533 1105 1588 iusiuran-

146 1615 210 1672 dum
225 1614 344 1683 dcierat,
358 1613 507 1670 audiendus
523 1623 587 1680 este
600 1614 653 1670 hoc
668 1616 738 1668 euim
754 1623 782 1670 et
798 1614 957 1688 compendio
973 1615 1060 1672 litium
1076 1625 1104 1672 et

148 1699 291 1772 aequitatis
311 1700 416 1754 ratione
438 1701 579 1772 prouisum
601 1707 653 1756 est.
697 1691 746 1754 ³2.
770 1691 898 1754 ⁴uererre
919 1700 1103 1756 iusiurandum

146 1785 222 1856 prior
237 1790 434 1859 actorpotest:
450 1784 614 1838 contrarium
626 1790 716 1836 autem
729 1781 762 1836 de
774 1781 904 1838 calumnia
915 1783 1104 1839 iusiurandum

147 1883 194 1922 reo
209 1867 348 1938 competit.
384 1860 414 1924 8.
439 1859 498 1937 5Si,
513 1882 577 1921 reus
590 1881 653 1920 cum
668 1867 756 1920 iurare
772 1865 849 1936 uelit,
866 1875 941 1921 actor
956 1866 996 1921 illi
1012 1883 1105 1922 ueces-

147 1953 253 2006 sitatem
268 1949 440 2005 iurisiurandi
456 1950 574 2016 remisit,
591 1957 620 2004 ct
635 1949 688 2004 hoc
704 1946 807 2020 liquido
823 1957 966 2022 appareat,
990 1951 1060 2006 actio
1075 1952 1104 2006 iu

140 2050 209 2094 ,euru
224 2049 280 2088 nou
294 2033 383 2089 datur.
427 2029 456 2090 4.
468 2024 597 2087 'iuer-edi
612 2033 679 2099 cius,
706 2047 766 2088 cum
790 2047 844 2103 quo
867 2040 1034 2088 contractum
1050 2042 1103 2106 est,

148 2116 335 2173 iusiurandum
350 2115 450 2172 deferri
464 2131 518 2171 uou
535 2125 638 2188 potest,
651 2115 777 2186 quoniam
793 2123 961 2172 contractum
977 2117 1105 2188 ignorare

148 2210 248 2274 potest.
288 2198 317 2258 ὅ.
340 2192 389 2256 ⁷Si
404 2201 450 2271 qui
472 2198 592 2254 debitum
615 2214 786 2272 quocumque
801 2197 881 2254 modu
897 2198 1040 2254 couiessus
1056 2199 1104 2255 do-

148 2293 242 2354 cetur,
263 2300 295 2339 ex
310 2300 341 2339 ea
356 2299 386 2339 rc
401 2284 472 2339 actio
487 2283 615 2338 creditori
636 2298 690 2338 nou
713 2282 806 2354 datur,
828 2281 874 2338 sed
890 2281 923 2337 ad
939 2282 1104 2339 solutionem
1121 2283 1123 2290 '

148 2367 330 2441 compellitur.

223 2533 304 2582 ltcl.
344 2529 364 2599 ¹)
379 2533 458 2583 Multi
469 2533 530 2584 oud.
545 2534 698 2583 iureiurando
712 2534 752 2582 ed.
763 2532 796 2582 A.
807 2534 838 2582 L.
849 2546 876 2585 24
886 2535 929 2584 cit.
941 2536 1016 2586 initio
1027 2535 1104 2584 leuius

147 2607 186 2654 tit.
201 2606 280 2667 poeni
301 2611 409 2653 auctore
427 2603 576 2653 Heimbaclr.
597 2606 624 2653 in
645 2603 747 2667 Repert.
768 2604 841 2668 Lipu.
857 2616 917 2656 184³.
943 2603 995 2653 III.
1011 2621 1039 2668 p.
1056 2618 1102 2656 141.

150 2672 172 2742 ἵ)
188 2674 226 2738 Cf.
242 2674 274 2722 L.
289 2685 323 2726 24.
342 2676 380 2736 ἐξ.
395 2686 416 2726 t.
432 2686 452 2725 9.
472 2674 505 2725 Ι).
520 2675 551 2722 de
565 2676 675 2725 iureiur.
691 2673 736 2739 (12,
746 2673 778 2740 2).
796 2675 829 2723 Ι..
840 2686 860 2726 9.
878 2675 903 2724 O.
919 2675 950 2724 de
965 2675 1018 2724 reb.
1030 2677 1102 2725 cred.

147 2745 180 2812 (4,
194 2743 225 2810 2).
283 2740 303 2809 ³)
319 2744 363 2794 cd.
377 2756 398 2796 8.
416 2744 464 2794 auh
478 2743 585 2794 rubrica
599 2745 633 2793 ue
649 2745 727 2793 dubiis
742 2745 813 2793 rebus
828 2745 905 2794 solum
920 2746 999 2794 iurare
1014 2747 1103 2795 debere

147 2817 216 2865 hanc
228 2816 363 2864 interserit
374 2816 540 2864 sententiam:
553 2815 597 2872 Qui
612 2822 738 2878 suspectus
753 2815 849 2872 dicitur,
859 2829 930 2878 quum
941 2817 1004 2865 nullu
1015 2819 1103 2866 ueritas

147 2886 246 2950 petitori
260 2885 284 2934 iu
298 2899 327 2933 eo
342 2886 490 2948 exprimitur,
504 2887 545 2948 qui
559 2885 700 2934 calumniam
715 2899 741 2932 sc
756 2885 805 2948 pati
816 2885 881 2934 dicit.
908 2886 1031 2950 Corripe:
1045 2886 1104 2936 Cum

147 2963 275 3019 suspectus
289 2955 377 3004 dicitur
390 2956 530 3012 calumniae,
545 2956 634 3010 ueritus
649 2955 777 3018 petiturum
791 2955 820 3003 ah
836 2969 864 3004 eo
880 2957 1027 3018 exprimitur,
1042 2972 1064 3020 q.
1080 2973 1102 3005 c.

148 3042 168 3076 s.
183 3041 207 3089 p.
222 3026 245 3075 d.
279 3025 389 3075 Videtur
403 3028 486 3091 ipitur
500 3027 618 3089 opposita
632 3024 847 3087 Interpretutioni
859 3028 988 3088 sequentia
1002 3033 1103 3076 oenten-

147 3099 200 3146 tiae
214 3112 310 3160 parum
327 3103 414 3146 rectae
433 3103 458 3144 et
473 3097 558 3159 petito
572 3110 626 3145 ecee
645 3111 679 3144 ex
694 3102 779 3144 uetere
794 3094 862 3145 loto.
928 3093 949 3160 ⁴)
967 3095 1005 3158 Of.
1020 3096 1052 3145 Ιι.
1067 3107 1103 3148 24.

147 3169 170 3230 ἓ.
185 3179 207 3217 4.
222 3167 303 3218 hut.
322 3167 355 3214 D.
370 3167 526 3216 deiureiur.
541 3164 586 3232 (12,
601 3164 633 3230 2).
686 3163 706 3230 ⁵)
723 3165 760 3229 Os.
776 3165 843 3216 qu.
863 3164 895 3214 D.
910 3166 966 3215 eud.
1024 3163 1045 3230 ⁶)
1063 3166 1102 3229 Of.

148 3237 180 3286 L.
196 3249 229 3288 ιι.
244 3239 267 3299 5.
282 3249 303 3288 2.
327 3237 359 3286 Ι).
373 3252 427 3286 rer.
442 3244 517 3286 aanor.
533 3235 577 3302 (uo,
592 3235 623 3301 2).
643 3236 674 3285 Ι..
690 3247 716 3286 12
727 3251 770 3298 pr.
794 3235 820 3286 Ο.
835 3235 867 3284 de
882 3236 990 3285 iuretur.
1006 3234 1056 3301 (12,
1071 3235 1102 3302 1).

147 3323 195 3356 nou
209 3303 300 3374 potest]
314 3322 351 3358 uc.
366 3308 412 3365 itu,
426 3314 455 3355 ut
469 3309 559 3355 iurare
572 3313 618 3355 uui
627 3307 730 3368 referre
744 3307 803 3370 copi
812 3307 904 3370 puerit.
934 3306 972 3370 Of.
985 3306 1103 3356 Zimmer·

147 3394 225 3427 mann
242 3377 416 3427 utauoemetd
429 3393 458 3440 p.
473 3388 507 3428 12.
582 3374 698 3442 ⁷)Gs.o‚
713 3379 747 3427 δ’.
771 3378 811 3438 ἐξ.
826 3389 895 3427 2-4.
920 3377 952 3428 L.
971 3387 1005 3428 22.
1029 3379 1052 3440 ξ.
1068 3390 1102 3428 11.

146 3449 180 3497 L.
194 3458 228 3498 ut.
243 3449 267 3509 5.
281 3459 303 3498 2.
322 3447 355 3498 D.
369 3448 405 3496 ad
418 3448 466 3512 lep.
482 3447 569 3511 Aquil.
584 3444 620 3512 (9,
640 3445 671 3512 2).
696 3446 728 3497 L.
747 3456 780 3498 cu.
806 3447 838 3495 D.
857 3461 886 3496 re
906 3447 986 3498 iudic.
1002 3447 1050 3512 (42,
1071 3445 1103 3514 1).

147 3517 179 3568 L.
194 3530 214 3569 4.
234 3518 267 3566 D.
282 3518 314 3566 de
328 3518 437 3580 confero.
453 3515 498 3582 (42,
512 3516 543 3583 2).
