2542 3909
155 175 222 240 264
434 193 492 230 ean
508 191 601 227 msrrr,
621 174 655 226 ΙΙ.
676 178 822 227 lat-192.

156 336 286 382 saronvs
302 335 418 379 servvs
433 337 513 378 unns
528 338 622 378 ninas
636 335 803 386 uenasque
816 335 906 390 asro,
932 319 989 376 uel:
1005 335 1109 378 uanas

155 421 311 470 nraunovn
326 419 416 462 esre.
453 400 515 462 187.
538 404 603 460 Nam
618 406 643 461 si
657 406 714 460 sine
730 403 855 461 libertate
871 405 949 460 heres
964 405 1108 460 institutus

156 490 201 559 sit,
216 489 320 544 etiamsi
336 495 431 562 postea
442 489 620 544 manumissus
632 489 713 544 inerit
725 505 739 543 a
753 487 874 557 domino,
891 488 969 544 heres
980 504 1107 544 essenon

155 578 256 646 potest,
273 573 335 644 quia
351 573 488 629 institutio
504 574 530 628 in
543 589 658 646 persona
672 576 734 629 eius
744 588 798 628 nou
810 574 947 640 constitit;
962 566 1106 645 ’ideoque.¹

156 654 218 712 hcet
233 655 364 712 alienatus
379 656 424 726 sit,
441 672 495 712 non
510 663 602 730 potest
617 659 694 712 iussu
708 657 807 712 domini
824 657 888 712 noui
902 669 1014 712 cernere
1028 655 1109 711 here·

85 741 145 790 199.
156 738 275 796 ditatem.
312 736 378 796 188.
395 739 459 796 Cum
475 739 599 797 libertate
615 757 680 796 uero
696 741 774 796 heres
788 733 792 817 Ι
804 741 947 796 institutus
962 739 984 794 si
999 739 1109 812 quidem

156 824 184 880 in
198 824 292 879 eadem
313 839 392 880 eausa
407 824 562 895 durauerit,
584 821 614 879 iit
635 840 668 880 en
684 832 845 880 testamento
860 823 970 880 liberet
984 822 1047 878 iude
1062 839 1109 879 ne·

156 909 287 964 cassarius
302 907 393 963 heres:
415 909 439 964 si
455 924 519 964 uero
535 906 567 964 ab
583 909 643 981 ipso
665 916 797 964 testatore
818 907 999 964 manumissus
1014 905 1109 980 suerit,

156 1006 207 1046 suo
230 991 539 1062 arbitrioffhereditatem
558 991 630 1048 adire
653 1000 760 1064 potest3
791 991 887 1064 quodsi
908 990 1037 1048 alienatus
1062 992 1110 1061 sit,

156 1075 232 1130 iussu
251 1077 316 1130 noui
338 1074 440 1130 domini
459 1075 531 1132 adire
550 1075 725 1132 hereditatem
746 1074 840 1146 debet,
862 1092 915 1149 qua
934 1075 1040 1131 ratione
1060 1090 1111 1148 per
1196 1113 1204 1124 .

158 1164 219 1215 eum
235 1157 360 1214 dominus
377 1156 406 1215 ht
421 1158 514 1216 heres:
531 1175 590 1214 nam
606 1161 664 1233 ipse
679 1175 765 1232 neque
781 1159 860 1215 heres
872 1175 959 1231 neque
970 1157 1038 1215 iiber
1049 1175 1111 1214 esse

157 1249 258 1316 potest.
312 1237 377 1298 189.
402 1241 511 1298 Alienus
531 1259 640 1317 quoque
660 1259 756 1299 seruus
777 1243 856 1299 heres
877 1243 1017 1300 institutus
1038 1244 1061 1298 si
1082 1243 1110 1298 in

157 1325 248 1382 eadem
264 1341 344 1382 causa
358 1325 505 1397 durauerit‚
519 1327 596 1382 iussu
612 1327 713 1382 domini
734 1326 911 1383 hereditatem
926 1325 1000 1382 adire
1015 1325 1110 1396 debet;

157 1411 181 1466 si
198 1424 262 1466 uero
278 1409 407 1466 alienatus
423 1408 455 1464 ah
470 1425 502 1465 eo
519 1409 599 1466 tuerit
615 1418 661 1466 aut
676 1412 741 1466 uiuo
759 1419 889 1467 testatore
904 1418 951 1466 aut
963 1417 1026 1483 post
1038 1426 1111 1466 mor·

159 1502 212 1550 tem
229 1495 303 1563 eius,
320 1501 462 1566 antequam
478 1502 585 1565 cernat,
602 1492 681 1549 debet
697 1495 773 1549 iussu
789 1496 852 1550 noui
868 1494 967 1550 domiui
983 1509 1110 1550 eernere:
1251 1492 1252 1527 1

157 1579 180 1632 si
195 1592 261 1632 uero
277 1578 456 1633 manumissus
469 1587 520 1649 est,
536 1594 585 1634 suo
602 1576 712 1633 arbitrio
729 1576 803 1634 adire
817 1577 993 1635 hereditatem
1008 1586 1109 1652 potest.
1121 1596 1182 1645 [aaa]
1252 1600 1253 1625 t

158 1655 228 1718 180.
256 1661 283 1716 st
305 1668 394 1716 autern
415 1676 511 1718 seruus
534 1660 636 1718 alienus
663 1662 742 1717 heres
767 1662 909 1720 institutus
936 1670 978 1718 est
1003 1663 1110 1736 uuigari

158 1745 279 1801 cretione
298 1743 374 1810 alata,
390 1746 427 1801 ita
443 1739 636 1819 iintelleigitur
652 1744 708 1802 dies
724 1747 852 1802 cretionis
873 1745 988 1815 cedere,
1009 1748 1032 1801 si
1052 1748 1111 1818 ipse

158 1843 255 1885 seruus
271 1829 372 1898 scierit,
388 1845 418 1887 se
433 1829 559 1886 heredem
575 1829 729 1886 institutum
743 1847 814 1901 esse,
836 1846 884 1886 nec
901 1829 984 1887 ulium
998 1830 1110 1904 impedi·

159 1919 277 1968 mentum
296 1905 432 1986 ‘fuerit‚²
453 1915 596 1986 quominus
617 1915 761 1971 certiorem
782 1914 920 1971 dominum
942 1913 1058 1986 iaceret,
1080 1921 1112 1969 ut

159 1994 234 2051 illius
250 1997 326 2053 iussu
342 2012 452 2053 cernere
469 1991 596 2071 'posset.³

220 2074 280 2140 181
301 2079 366 2137 Post
381 2082 447 2138 haec
462 2080 599 2138 uideamus
615 2082 648 2136 de
664 2082 770 2155 legatis.
801 2097 868 2155 quae
883 2099 944 2156 pars
956 2084 1022 2138 iuris
1035 2091 1112 2138 entra

158 2165 325 2239 propositam
346 2165 453 2240 quidem
472 2167 608 2222 materiam
630 2164 751 2220 uidetur:
774 2182 834 2221 nam
857 2165 993 2239 loquimur
1015 2166 1110 2222 dehis

158 2249 224 2304 iuris
241 2246 346 2323 figuris,
370 2247 466 2322 quibus
482 2265 532 2322 per
546 2250 748 2305 uniuersitatem
764 2266 807 2306 res
823 2251 900 2306 uobis
916 2249 1110 2322 adquiruntur:

159 2331 206 2388 sed
221 2348 281 2388 cunr
298 2331 452 2388 omnimodo
466 2331 497 2387 de
514 2332 681 2388 testamentis
696 2331 783 2406 deque
799 2333 952 2404 heredibus,
968 2336 1014 2409 qui
1031 2343 1111 2390 testa·

158 2423 250 2471 mento
273 2417 468 2484 instituuntur,
491 2413 574 2472 locuti
597 2432 705 2479 sumus,
729 2433 783 2472 non
804 2418 863 2473 siue
885 2433 964 2474 causa
985 2420 1111 2492 sequenti

88 2508 149 2559 199.
159 2499 221 2556 loco
241 2495 246 2572 Ι
265 2501 367 2574 poterit
381 2499 446 2555 haee
462 2499 528 2554 iuris
543 2501 652 2555 materia
668 2502 783 2556 tractari.

561 2614 594 2664 De
613 2614 705 2676 legatis.

223 2701 287 2762 192.
311 2705 473 2778 Legatorum
495 2706 586 2779 itaque
605 2723 706 2780 genera
725 2717 790 2764 sunt
807 2718 951 2782 quattuor:
973 2718 1020 2764 aut
1041 2709 1110 2762 enim

159 2806 209 2865 per
224 2786 432 2846 uindicationem
447 2788 582 2862 legamus.
599 2801 646 2846 aut
661 2809 709 2864 per
723 2791 929 2862 damnationem,
945 2800 991 2846 aut
1006 2791 1110 2846 sinendi

160 2872 252 2946 modo,
268 2882 314 2929 aut
329 2888 378 2947 per
394 2874 621 2948 praeceptionem.

233 3074 253 3142 1)
269 3076 358 3126 Malim
373 3077 486 3141 adeoque.
557 3075 578 3145 Ι)
592 3080 624 3129 sit
640 3079 665 3129 0.
680 3080 738 3129 edd.
759 3077 871 3144 (foetum
889 3095 924 3130 ex
942 3080 1112 3145 impedimenta

160 3145 222 3212 itit).
275 3144 296 3212 3)
311 3149 387 3210 possit
403 3147 428 3196 O.
443 3149 500 3198 edd.

231 3301 256 3374 ς.
273 3307 331 3366 189.
354 3305 391 3370 Os.
411 3306 465 3371 Uip.
481 3317 514 3366 11,
530 3320 563 3359 11.
579 3321 611 3360 aa.
627 3310 650 3370 ξ.
663 3319 682 3359 1.
701 3308 724 3358 1.
739 3311 781 3358 etr.
793 3302 878 3373 'supro
891 3320 969 3368 1111.
1015 3306 1040 3379 ᾖ.
1055 3311 1113 3362 199.

162 3378 200 3441 Os.
221 3375 275 3440 Uip.
292 3387 373 3434 1111.
389 3378 412 3440 ς.
428 3390 448 3428 1.
468 3377 490 3429 I.
506 3381 547 3428 cit.
564 3379 637 3441 infra
651 3381 674 3440 ξ.
685 3390 731 3430 aas.
786 3375 811 3448 §.
823 3382 882 3430 199.
904 3381 1034 3444 019111.
1049 3380 1112 3433 Lo.

161 3449 193 3498 D.
209 3449 267 3512 quia
279 3448 344 3498 ordo
359 3452 404 3513 (99,
419 3446 463 3514 15).
549 3445 574 3517 ᾗ.
591 3451 650 3499 191.
665 3470 698 3490 =
710 3464 753 3511 pr.
769 3448 790 3498 l.
806 3449 837 3498 de
851 3450 990 3516 11911110,
1004 3451 1049 3516 tto).
1075 3451 1113 3514 Cf.

160 3521 183 3582 ς.
198 3528 232 3571 at.
283 3513 308 3587 ς.
326 3521 383 3570 192.
405 3519 443 3582 Cf.
458 3531 479 3569 s.
499 3517 520 3567 I.
536 3517 630 3582 ihdtp.
647 3529 681 3577 14,
696 3530 716 3569 a.
