2542 3909
496 166 555 202 otu
572 167 667 203 moute.
686 148 708 201 1.
727 155 806 206 2-6.
1063 154 1126 219 173

164 296 301 354 Romanus
319 297 418 370 partius
432 312 483 353 suo
499 297 621 370 proprio,
639 298 734 370 partlm
750 298 887 355 communi
904 301 1023 359 omnium
1039 302 1127 359 bomi-

163 397 229 439 num
253 382 313 437 iuro
341 381 436 437 utitur.
462 396 532 453 quae
556 380 663 455 singula
689 380 778 455 qualia
798 382 869 453 sint,
892 382 950 439 suis
972 384 1038 441 locis
1062 402 1126 459 pro·

164 480 307 540 ponamus.

227 546 258 607 ὓ.
273 547 390 605 constat
404 555 494 605 autent
505 549 548 605 ius
559 551 642 606 civile
653 548 748 623 populi
759 542 883 606 llotnani¹
894 566 926 607 cx
938 550 1056 627 legibus,
1069 552 1127 627 plc-

164 632 278 698 biscitis,
295 632 568 703 senatusconsultis,
586 632 830 689 constitutionibus
847 635 1012 709 principum,
1030 637 1128 698 edictis

165 732 272 787 eorum,
289 717 335 789 qui
350 717 394 771 ius
406 714 528 773 9911999911
540 716 650 781 habent,
661 718 800 791 responsis
812 718 995 791 prudentium.
1026 717 1055 779 8.
1072 720 1127 779 ben

165 809 223 871 est,
250 799 325 874 quod
344 798 464 873 populus
484 799 560 857 iubet
579 809 661 875 atquc
692 802 843 857 constituit.
878 802 1048 875 plebiscitum
1075 814 1125 876 est,

165 884 240 957 quod
255 883 333 960 plebs
346 883 425 941 iubet
442 891 524 957 atque
545 885 698 941 constituit.
737 884 812 959 plebs
835 893 954 944 autema
975 889 1077 962 populo
1093 906 1126 947 eo

166 970 266 1040 distat,
287 966 360 1041 quod
382 967 476 1041 populi
496 967 679 1041 appellatione
699 970 819 1027 uniuersi
839 971 912 1027 ciues
928 970 1126 1045 significantur,

166 1052 366 1109 connumeratis
386 1056 474 1109 etium
488 1054 625 1125 patriciis3
646 1052 732 1127 plebis
754 1062 843 1111 autem
864 1055 1048 1127 appellatione
1067 1058 1127 1113 sine

165 1136 288 1211 patriciis
302 1137 387 1193 ceteri
401 1137 475 1193 ciues
491 1135 695 1209 significantur3
712 1137 783 1195 uude
798 1136 862 1194 olim
875 1140 980 1211 patricii
991 1138 1125 1210 dicebant,

166 1218 315 1295 plebiscitis
336 1236 367 1276 99
387 1236 444 1277 nou
469 1222 568 1291 teneri,
592 1222 655 1294 quia
678 1223 736 1277 sine
758 1222 920 1279 auctoritate
942 1238 1036 1281 eorum
1058 1224 1126 1280 iacta

166 1312 274 1372 essent3
289 1302 339 1361 sed
351 1312 448 1377 postca
465 1301 534 1379 ilex
542 1304 687 1361 Hortensia
702 1305 756 1361 lata
770 1314 823 1377 est,
839 1322 892 1379 qua
904 1316 1012 1363 cautum
1027 1318 1080 1379 est,
1097 1316 1126 1364 ut
1136 1330 1161 1378 2,

93 1398 155 1448 [199]
167 1387 307 1462 plebiscita
322 1389 478 1444 uniuersum
493 1388 624 1461 populum
640 1397 779 1447 tenerent:
800 1391 892 1463 itaque
913 1407 946 1447 eo
962 1390 1043 1448 inodo
1059 1392 1126 1463 legi·

165 1472 219 1529 bus
234 1479 382 1545 exaequata
397 1480 470 1528 sunt.
500 1468 529 1529 4.
549 1473 664 1529 Senatus
680 1472 834 1530 consultum
850 1481 908 1544 est,
926 1474 1000 1548 quod
1014 1484 1125 1532 senatus

167 1554 244 1613 iubet
265 1563 347 1629 atque
368 1557 527 1625 constituit3
549 1554 631 1629 idque
653 1556 723 1631 legis
746 1558 832 1614 uicem
855 1559 975 1631 optinet,
1003 1560 1125 1632 quamuis

166 1640 251 1697 luerit
265 1641 428 1713 quaesitum.
456 1636 484 1697 6.
499 1639 664 1697 constitutio
677 1641 806 1715 principis
821 1649 873 1712 est,
890 1643 965 1716 quod
979 1646 1127 1717 imperator

168 1724 278 1781 decreto
294 1724 339 1779 uel
361 1724 449 1781 edicto
466 1724 510 1781 uel
524 1723 641 1797 epistula
656 1727 807 1783 coustituit.
836 1741 887 1783 uec
908 1742 1033 1800 umquam
1049 1726 1126 1785 dubi·

168 1816 256 1865 tatum
270 1815 324 1879 est,
346 1810 410 1880 quin
432 1808 460 1864 id
481 1808 550 1883 legis
566 1809 653 1865 uicem
669 1811 800 1882 optineat,
823 1824 884 1865 cum
906 1812 964 1883 ipso
980 1814 1127 1884 imperator

167 1908 218 1965 pen
237 1891 326 1965 legent
344 1893 489 1965 imperium
509 1893 628 1965 accipiat.
673 1888 701 1949 o.
724 1890 850 1967 ⁵(Edictu
877 1901 944 1951 sunt
961 1902 1126 1967 praecepta

169 1991 277 2046 eorum,
293 1970 708 2052 9191199991199119111996991.)2
724 1977 765 2033 ius
782 1985 871 2035 autem
888 1976 1011 2036 edicendi
1027 1978 1127 2036 habent
1228 2046 1232 2057 Ι

169 2092 382 2101 -ι--ια-

243 2140 265 2209 ¹)
284 2143 391 2193 Retiuui
406 2159 442 2191 eac
459 2141 499 2191 ed.
514 2156 550 2202 o.,
569 2161 625 2193 cum
645 2144 691 2192 iuri
710 2144 775 2192 ciuili
793 2144 818 2193 t.
837 2147 854 2194 t.
873 2152 963 2207 aperte
981 2153 1127 2208 opponatur

170 2229 240 2264 omne
261 2216 299 2263 ius
320 2229 365 2278 quo
387 2215 475 2263 utimur
493 2216 516 2275 5.
536 2226 556 2265 9.
576 2222 602 2263 et
619 2214 654 2275 cs.
674 2212 769 2263 Isidor.
790 2229 829 2264 or,
848 2224 870 2277 6,
889 2226 914 2272 9,
936 2225 955 2264 t.
975 2221 1086 2263 coustant
1104 2225 1128 2265 at

170 2283 271 2351 (autem)
285 2284 337 2333 iura
346 2298 376 2347 pr
390 2284 417 2333 V
417 2280 438 2317 ¹⁸
451 2285 508 2334 edd.
518 2285 570 2333 iura
577 2286 660 2348 facto,
676 2292 702 2333 ut
712 2292 785 2347 puto,
795 2300 830 2333 eu*
839 2284 876 2333 ius
889 2286 905 2335 Ε
913 2300 920 2346 3
934 2300 993 2334 num
1003 2286 1054 2333 iuna
1064 2300 1087 2349 p.
1099 2286 1126 2335 ll.

167 2358 267 2420 purtim
280 2357 357 2404 etium
370 2356 438 2404 iurie
454 2358 568 2420 pontium
581 2362 654 2413 suat,
674 2358 717 2405 cui
730 2355 773 2405 iic
787 2358 860 2405 locus
878 2362 988 2418 nonest.
1017 2363 1127 2405 constant

171 2433 251 2475 autem
263 2427 316 2475 iura
333 2425 468 2491 (propria)
486 2426 526 2475 cd.
545 2438 633 2475 91991.
662 2432 756 2475 constat
774 2432 852 2475 autem
871 2428 909 2475 ius
929 2425 1069 2475 Romanurn
1086 2427 1126 2476 ed.

171 2496 219 2562 Bp.
235 2508 255 2548 6.
287 2502 398 2545 constant
412 2534 418 2545 .
434 2533 440 2545 .
455 2496 506 2544 iura
523 2505 606 2545 nostra
625 2499 657 2558 ej.
677 2494 785 2546 Brcmer
805 2496 847 2561 (de
870 2496 925 2559 Uip.
945 2496 1125 2562 tauciacus).

173 2564 336 2633 ¹)Suppieui
356 2567 392 2615 od
410 2568 569 2616 sententium.
606 2566 684 2616 Hunc
705 2569 772 2616 enim
792 2568 934 2617 edictorum
955 2568 1127 2629 definitionem

172 2720 196 2779 §-
207 2729 241 2768 11.
251 2716 320 2766 Ltit.
330 2717 373 2766 cit.
382 2731 442 2780 quae
449 2712 552 2784 singula]
562 2718 579 2765 i.
588 2732 610 2766 9.
621 2732 686 2781 quae
695 2718 988 2781 sinpulopraeceptuaa
996 2717 1050 2766 siue
1060 2717 1128 2767 iuris

169 2789 285 2854 pontium
302 2790 356 2837 siue
375 2788 442 2837 iaris
461 2790 547 2837 ciuilis
564 2790 618 2836 sint
634 2794 682 2837 etc.
709 2787 747 2849 Cf.
767 2800 787 2843 1,
802 2798 837 2839 52.
851 2798 884 2839 66.
900 2799 933 2839 te.
949 2799 982 2839 82.
998 2799 1031 2839 69.
1042 2799 1076 2839 ot.
1092 2799 1127 2839 86.

171 2868 392 2910 99199119199.
408 2868 455 2909 199.
471 2868 517 2909 199.
537 2871 557 2919 9,
572 2868 712 2922 eccepto.
732 2868 752 2916 9,
767 2870 800 2909 99.
816 2870 863 2909 199.
878 2860 939 2910 154⁸.
1021 2895 1026 2906 .
1042 2860 1067 2909 2.
1088 2858 1126 2921 Gfi

172 2930 196 2991 §-
212 2927 270 2981 9.Ι.
289 2930 328 2977 tit.
348 2931 390 2977 cit.
406 2928 438 2977 L.
458 2939 478 2978 t.
489 2944 533 2992 pr.
549 2928 581 2977 D.
597 2929 635 2977 tit.
655 2930 698 2978 cit.
721 2928 772 2977 Oic.
796 2928 856 2991 Top.
872 2940 892 2987 6,
908 2940 941 2979 ts.
1016 2932 1062 2979 .3.
1089 2930 1127 2991 Cf.

172 3002 196 3062 ἕ.
211 3012 233 3051 c
248 2998 271 3049 I.
285 2999 318 3048 de
331 3000 389 3048 iure
403 3006 455 3047 act.
472 2998 503 3061 (1,
518 3000 540 3058 9)
555 2999 615 3063 ioiq.
630 2997 772 3048 Schrader.
818 2995 842 3067 ξ.
859 3002 883 3049 4.
906 3000 943 3063 Of.
959 3001 982 3061 ξ.
998 3008 1018 3049 tt.
1034 2997 1055 3047 I.
1071 3000 1127 3049 eod.

172 3071 205 3119 L.
220 3082 240 3121 9.
256 3070 290 3120 D.
304 3070 336 3119 de
350 3072 398 3135 199.
413 3068 461 3119 Sd.
475 3068 506 3132 (1,
521 3067 552 3135 s).
607 3065 632 3137 §.
650 3072 673 3120 5.
695 3068 732 3132 Of.
749 3070 771 3130 ἓ.
789 3082 809 3120 c.
825 3070 847 3119 I.
862 3070 894 3119 de
907 3072 966 3119 iure
980 3076 1033 3118 nat.
1049 3070 1081 3133 (1,
1095 3069 1127 3135 n).

172 3137 198 3209 ξ.
214 3144 238 3193 6.
262 3140 300 3204 Cf.
320 3142 344 3202 §-
359 3152 378 3191 t.
394 3140 417 3195 Ι.
432 3140 488 3190 9991.
507 3140 558 3191 Cic.
580 3141 617 3189 ad
629 3140 709 3189 Attio.
729 3152 749 3199 s,
769 3153 789 3191 L
808 3142 831 3201 ἕ.
847 3150 879 3191 16.
917 3136 1069 3206 quaestores]
1089 3140 1128 3189 De
1175 3185 1180 3194 ,

172 3226 261 3261 eorum
270 3211 451 3261 iurisdictione
461 3212 495 3275 cs.
509 3210 560 3261 Cic.
571 3211 651 3261 9119171.
662 3222 695 3261 lt.
706 3212 728 3271 §.
739 3220 773 3261 66.
792 3209 878 3260 Scitot.
893 3212 929 3261 ud
940 3210 991 3260 Cic.
1002 3210 1081 3260 divin.
1094 3220 1127 3262 tt.

172 3284 196 3344 §.
210 3294 246 3333 49.
265 3298 339 3347 quam
348 3282 491 3347 deiepotom
500 3281 628 3331 aeditibus
639 3280 798 3331 Cirtensibus
807 3283 835 3330 in
846 3282 987 3345 prouincia
997 3280 1127 3339 Numidia,

173 3369 249 3417 quam
262 3360 383 3419 quaestor
392 3355 559 3417 proconsulis
570 3352 680 3415 Africae
690 3367 741 3401 noa
753 3352 835 3414 focile
844 3352 941 3411 adibat,
956 3367 1024 3401 nuuc
1034 3366 1128 3417 coquo·

172 3425 254 3473 vimus
271 3440 306 3474 ex
325 3422 422 3473 Renier
440 3422 463 3473 Ι.
482 3423 515 3473 Α.
534 3434 595 3475 9196.
614 3423 659 3488 (=
676 3421 875 3472 Orelli-Heuteu
895 3422 967 3489 6965.)
988 3434 1048 3475 1869.
1068 3433 1126 3473 1886.

172 3506 233 3547 2172.
246 3506 308 3547 etto.
325 3505 386 3547 2825.
