2542 3909
404 979 590 1053 DOMITII
615 978 813 1052 VLPIANI

215 1103 313 1157 niuei
331 1103 435 1159 ruini
453 1103 748 1159 iusuiivuiouvii
765 1102 863 1157 ivuis
884 1102 1013 1159 civius

329 1240 502 1288 Raniovmi
516 1240 558 1281 EX
574 1238 645 1283 COD.
662 1240 905 1285 vmnoaonaraffl.

58 1386 124 1436 [eei]
205 1368 367 1439 ExUlpiani
376 1368 586 1423 Institutionum
596 1368 683 1435 libris,
694 1384 814 1438 quornm
823 1387 908 1440 supra
915 1375 1006 1440 ptdt.
1015 1387 1093 1426 men·

135 1440 243 1493 tionem
259 1437 390 1499 fecimus,
408 1439 522 1514 praeter
538 1436 675 1491 tredecim
692 1437 768 1501 loca,
786 1454 859 1506 quae
876 1437 1009 1506 inscripto
1027 1439 1093 1493 libri

134 1506 220 1561 titulo
237 1504 267 1559 in
278 1504 427 1559 lastiniam
438 1503 562 1573 Digesta,
581 1504 645 1569 alia,
664 1520 736 1572 quae
753 1506 839 1559 tacite
856 1505 886 1559 in
903 1506 1029 1560 eiusdem
1046 1506 1091 1560 In·

136 1574 298 1628 stitutiones
316 1572 482 1641 migrarunt,
501 1572 530 1625 et
542 1587 583 1637 ea,
602 1588 675 1639 quae
686 1572 715 1625 in
728 1572 885 1627 collatione
900 1575 1006 1640 extant,
1023 1589 1092 1627 non·

136 1641 214 1695 nulla
232 1640 318 1694 etiam
341 1640 453 1693 servata
474 1639 584 1692 suntin
603 1640 754 1708 segmentis
772 1640 931 1708 etquidem
953 1640 1092 1695 scamellis

137 1707 355 1775 (Querstreifen)
378 1706 497 1761 ducrum
519 1706 651 1760 foliorum
677 1706 782 1760 codicis
807 1707 969 1776 perantiqui
995 1708 1093 1774 (seculi

136 1776 228 1843 quinti
240 1790 300 1829 esse
312 1776 462 1841 censetur).
475 1774 524 1841 qui
536 1773 679 1842 integrum
690 1773 744 1827 hoc
753 1789 824 1841 opus
835 1774 1006 1829 continuisse
1015 1776 1093 1829 vide·

135 1845 195 1907 tur,
215 1858 239 1897 a.
260 1847 333 1897 1835.
351 1841 387 1895 ab
405 1840 573 1894 Endlichero
590 1840 620 1893 in
637 1840 721 1894 theca
738 1839 809 1893 alius
826 1840 893 1893 libri
909 1842 1094 1911 manuscripti

136 1908 263 1978 repertis.
300 1907 427 1988 Scriptus
450 1908 512 1961 erat
532 1908 557 1960 is
578 1906 667 1960 codex
688 1906 779 1961 forma
799 1922 855 1961 non
917 1908 1016 1962 adrata
1040 1924 1094 1963 nec

135 1975 209 2029 binis
227 1976 372 2037 columnis,
390 1974 423 2027 ut
434 1990 469 2029 ex
480 1974 646 2028 Mommseni
657 1974 799 2053 sententia
808 1975 838 2027 in
850 1924 916 2051 edili
931 1984 952 2052 1..
966 1977 996 2029 et
1007 1981 1093 2054 ²:1³9·

136 2059 262 2109 sueram,
285 2042 335 2097 sed
355 2042 389 2094 ut
410 2039 441 2094 P.
458 2040 569 2110 Krdger
591 2056 712 2095 excussis
734 2040 898 2109 diligentius
918 2041 962 2095 his
983 2041 1094 2096 lacinus

136 2126 227 2178 nuper
238 2109 336 2163 docuit
346 2108 429 2185 (Krit.
442 2107 583 2162 Versuche
593 2125 623 2185 p.
638 2110 707 2174 140),
725 2108 817 2161 forma
831 2109 975 2164 octonaria
987 2110 1017 2162 et
1027 2110 1095 2163 scri·

135 2176 222 2245 ptura
232 2176 262 2231 in
274 2192 374 2244 quavis
388 2176 496 2295 pagina
510 2174 640 2239 indivisa,
657 2174 783 2228 versibus
800 2175 912 2229 circiter
923 2175 1035 2230 vicenas
1046 2176 1095 2231 vel

136 2260 226 2312 pauco
248 2243 345 2313 plures
367 2242 476 2297 literas
499 2241 715 2296 continentibus.
751 2241 825 2306 Quot
842 2258 938 2296 versus
960 2242 1094 2311 peginam

137 2310 347 2431 cepinpleverlint,
365 2311 441 2364 certo
454 2308 565 2429 diiiniil
576 2323 631 2363 non
643 2310 745 2430 poffist
756 2310 828 2429 ¹puio
838 2309 970 2364 foliorum
981 2312 1094 2365 tantum

137 2394 166 2431 m
188 2392 531 2520 mileviirdiriilimriuciiluoc
544 2392 854 2521 illaslsiliiineledice,
877 2443 1014 2511 adquam
1051 2460 1093 2498 er·

137 2509 275 2575 tinebant,
288 2511 385 2563 secuta
396 2510 461 2573 sint,
479 2509 599 2563 multum
612 2512 656 2564 est
667 2508 849 2579 disputatum
876 2511 970 2565 Antea
981 2460 1055 2578 (edi.
1070 2518 1094 2565 1.

138 2580 167 2633 et
177 2580 210 2643 2.)
220 2575 387 2653 Mommseni
397 2575 539 2642 (Zeitschr.
552 2576 572 2631 f.
586 2577 680 2646 gesch.
689 2576 722 2632 u.
732 2576 849 2654 w.'xv.
857 2594 885 2647 p.
895 2582 966 2656 335),
979 2579 1029 2657 qni
1037 2579 1094 2657 pri·

136 2642 837 2791 suriilffttiuruirzcturrau
852 2646 1095 2790 effutierit?

138 2782 187 2848 qni
205 2795 267 2833 eam
284 2780 463 2855 impugnavit
481 2778 750 2847 (deDom.Ulp1ani
767 2778 994 2834 Instituticnibns
1004 2780 1094 2834 Bonn.

141 2852 225 2912 1863),
243 2848 277 2899 ut
293 2845 350 2899 aha
366 2846 524 2914 probarem,
542 2847 687 2914 permotus
704 2855 791 2900 eram'.
823 2846 884 2899 Iam
896 2863 931 2900 ex
947 2847 1001 2911 his,
1020 2863 1094 2913 quae

138 2912 213 2967 Krue
234 2929 266 2967 er
277 2930 372 2967 rursus
383 2912 447 2981 plus
456 2912 629 2967 Mommseno
638 2912 711 2966 vidit
719 2915 749 2967 et
760 2914 934 2981 argumentis
946 2915 1094 2967 exsecutus

139 2982 191 3045 est,
208 2931 243 3035 cie
257 2995 290 3057 eo
303 2979 401 3033 ordine
412 2994 469 3059 non
482 2979 589 3057 dubito,
607 2994 663 3047 quo
680 2995 755 3058 nnnc
766 2979 842 3055 ‘haec
859 2979 1018 3048 fragmenta
1030 2979 1092 3045 edo,

138 3050 234 3101 vetere
246 3062 372 3116 priorum
385 3046 540 3101 editionum
551 3048 626 3101 inter
638 3063 753 3100 uncinus
763 3044 898 3102 indicato.
927 3045 955 3098 Is
975 3061 1012 3098 ue
1025 3045 1093 3099 ordo

138 3130 172 3169 eo
190 3117 280 3184 magis
302 3113 371 3167 mihi
412 3114 540 3180 robatur,
565 3112 642 3182 quod
659 3114 699 3167 sic
716 3111 753 3167 Ul
773 3112 854 3165 ianus
876 3111 911 3165 de
933 3112 963 3165 in
995 3111 1094 3165 rdietis

138 3180 313 3259 possessoriis
325 3130 413 3258 semel
429 3196 542 3257 unoque
560 3182 668 3244 tenore,
685 3189 741 3257 quc
778 3180 843 3247 post
856 3179 1045 3257 contractus„
1071 3178 1091 3257 ‚⁰

20 3266 23 3343 ÷
138 3265 198 3327 ³⁰²⁹
211 3196 1093 3370 serenicurtrcere}eeucli

137 3332 267 3449 illisis
277 3382 398 3459 primum
406 3331 517 3457 1genera
528 3332 625 3435 eorim
638 3382 669 3434 ct
679 3329 891 3451 appellatiorids,
903 3330 1007 3434 deinde
1019 3379 1092 3433 ordi-

137 3465 202 3505 nem
220 3451 250 3503 et
267 3450 373 3503 exitum
393 3448 555 3525 explicaret.
861 3515 866 3525 ι
943 3513 949 3525 ‚

205 3516 286 3583 Quod
297 3530 365 3569 vero
377 3529 491 3569 omnino
502 3514 572 3569 haee
584 3514 744 3583 fragmenta
754 3514 869 3584 Ulpiani
880 3513 1092 3568 institutionum

138 3600 197 3640 esse
214 3583 351 3651 reliquiae
368 3580 495 3650 putanda
512 3580 580 3648 sint,
601 3581 631 3634 id
648 3581 706 3635 iam
722 3582 753 3635 in
770 3580 916 3650 publicum
932 3582 1032 3635 notum
1049 3581 1094 3635 est
