2542 3909
169 203 231 261 132
488 211 515 245 η.
534 209 663 246 vaasmvs
682 207 789 244 raoavs.

166 336 230 386 iuria
246 334 327 384 cisdlb
343 332 415 382 libris
431 327 568 382 desidero.
603 326 678 380 Num
700 326 771 381 adeo
792 325 972 381 balbutiebat
989 341 1128 395 gramma·

165 398 246 462 ticus,
257 398 291 449 ut
301 395 372 464 legis
383 394 508 449 actiones
522 395 552 448 et
564 394 656 449 edicto
672 395 820 471 perpetua,
831 394 949 447 fortasse
961 395 1029 461 quia
1041 394 1128 448 etiam

166 463 286 518 inlibris
301 462 477 532 legebantur,
493 461 579 515 libros
595 462 663 515 iuris
679 460 769 515 civilis
785 460 960 529 appellaret?
996 459 1042 513 An
1059 477 1128 515 vero

166 547 223 585 non
235 530 352 585 curabat
364 545 421 594 eos,
434 529 483 597 qui
498 527 613 597 proprie
624 529 664 582 sic
676 527 863 596 appellantur,
877 528 981 596 quique
999 529 1129 582 veterum

166 598 310 658 librorum,
332 612 453 664 quorum
474 595 666 650 emendationi
688 610 803 663 operam
824 594 924 661 dabat,
946 595 1041 663 praeci
1062 611 1128 649 uam

166 666 277 733 partem
295 663 524 717 constituebant?
550 663 595 715 An
612 662 707 715 nullae
726 662 794 715 dum
810 662 840 714 in
857 661 891 715 iis
909 664 993 715 notae
1069 662 1128 716 'be-

167 732 287 786 banturl
317 730 434 785 Nullum
451 745 549 783 eornm
564 728 620 783 dici
636 730 738 798 potest.
772 729 871 796 Itaque
889 730 927 783 sic
945 730 1047 794 statua
1066 744 1129 783 eam

166 798 293 868 opusculi
312 798 432 865 partem,
452 812 509 863 qua
525 796 578 850 hae
596 798 681 851 notae
705 795 847 865 expositae
871 796 960 861 erant,
978 796 1126 858 interiisse,

166 881 258 935 neque
282 865 312 918 id
333 866 393 917 tam
413 863 523 917 incuria
544 879 630 931 quam
652 863 740 919 nimia
765 879 832 916 cure
852 862 959 917 factum
982 878 1051 917 esse.
1086 862 1149 923 Ea.

187 950 231 987 ars
243 932 318 986 enim
334 947 439 1000 magno
457 931 522 985 usui
533 932 595 985 erat
610 931 654 995 iis,
666 931 714 1007 qui
725 929 812 984 libros
832 930 900 985 iuris
917 929 1007 983 civilis
1025 929 1128 985 descri-

166 952 281 1054 bebant.
316 998 415 1066 Itaque
433 1014 495 1053 eam
514 997 615 1051 ceteris
624 999 700 1051 notis
718 997 808 1064 primo
820 996 957 1073 neglectis
976 997 1065 1050 exseri
1086 1012 1129 1051 se-

166 1069 241 1133 runt,
252 1067 283 1119 id
303 1082 339 1120 ue
350 1081 407 1119 non
420 1064 595 1134 grammatici
613 1064 663 1118 sed
675 1064 783 1119 librarii
799 1064 913 1117 oonsilio
932 1080 964 1118 ae
982 1079 1057 1127 eura,
1095 1080 1129 1117 οο

168 1136 218 1202 est,
238 1084 359 1188 aucioris
376 1132 616 1208 nominenomissc,
630 1135 660 1185 et
670 1131 719 1197 ita,
733 1132 765 1187 ut
777 1130 863 1189 ,novis
879 1132 981 1201 postea
996 1132 1182 1185 notarumlool

167 1200 340 1270 compendiis
357 1198 562 1263 accedentibus,
582 1198 775 1252 collectionem
794 1214 881 1260 suam,
900 1199 985 1266 prout
1002 1215 1067 1253 usus
1079 1213 1130 1266 po-

167 1269 267 1332 sceret,
289 1267 433 1335 augerent,
450 1266 640 1331 immutarent,
664 1265 734 1319 alius
752 1264 838 1319 etiam
856 1265 943 1319 alium
960 1266 1129 1319 institueret.

167 1336 200 1389 In
211 1336 272 1403 ipso
284 1349 351 1387 vero
360 1332 446 1385 Probi
454 1332 526 1385 libro
538 1332 608 1387 haec
617 1331 706 1386 semel
717 1331 752 1385 ab
768 1348 802 1385 eo
812 1332 911 1387 avulsa
926 1349 992 1401 pars
1005 1333 1130 1400 praeter·

167 1402 244 1455 mitti
254 1402 357 1469 coepta
373 1401 423 1455 est
457 1398 518 1476 Hac
535 1399 646 1454 ratione
657 1400 748 1453 varias
764 1398 827 1453 illas
839 1400 970 1453 notarum
987 1398 1130 1453 collectio·

167 1486 218 1523 nes
234 1469 331 1523 erratas
349 1482 409 1521 esse
427 1466 564 1530 cxbtrmc,
602 1482 656 1519 uae
668 1466 773 1534 partim
785 1482 942 1533 anonymae
960 1466 1063 1534 partim
1076 1466 1130 1521 sub

167 1537 307 1591 certorum
325 1535 472 1588 auctorum
489 1532 568 1586 velut
614 1533 746 1601 agnouis,
769 1532 847 1586 Petri
868 1532 999 1598 Diaconi,
1021 1531 1130 1601 Papias

167 1602 327 1657 nominibus
342 1600 373 1653 in
390 1599 471 1653 codd.
489 1617 552 1653 mss.
565 1600 753 1665 inveniuntur,
773 1616 948 1668 quarumque
966 1616 1024 1654 nna
1035 1600 1130 1669 singu·

167 1670 221 1723 lari
237 1669 296 1723 iate
314 1669 436 1721 exeunte
454 1666 549 1721 medio
567 1682 638 1720 aevo
655 1684 748 1720 rursus
761 1667 909 1721 Valeriano
926 1666 1061 1735 opusculo
1079 1667 1131 1720 sed

168 1738 224 1790 alia
241 1736 300 1789 eius
317 1734 398 1799 parte
416 1734 496 1787 adsui
512 1733 614 1802 coepit.
638 1734 771 1789 Ordinem
807 1751 900 1803 uoque
918 1733 1131 1805 alphabeticum

168 1822 186 1858 a
201 1801 402 1873 posterioribus
422 1801 478 1857 illis
504 1801 637 1855 notarum
659 1802 802 1855 collectori
822 1818 855 1854 us
876 1801 1035 1869 profectum
1059 1817 1129 1868 esse,

168 1887 224 1924 non
241 1872 301 1924 tam
320 1870 397 1923 certo
414 1868 627 1922 affirmaverim:
650 1868 725 1921 hunc
743 1868 817 1923 enim
833 1885 886 1945 pro
904 1884 946 1931 ea,
965 1884 1037 1936 quae
1054 1868 1131 1923 inter

167 1940 246 2007 leges
263 1937 294 1991 et
309 1935 396 1990 libros
413 1935 482 1989 iuris
499 1934 589 1990 civilis
604 1935 800 1990 intercedebat
811 1934 980 2002 differentia,
997 1934 1055 1989 iam
1066 1935 1129 2003 ipss

169 2005 276 2059 Probus
292 2003 322 2057 in
339 2003 393 2057 bac
410 2004 491 2071 parte
509 2002 670 2057 adhibuisse
688 2003 808 2070 poterat.

234 2071 314 2126 Licet
329 2085 396 2124 vero
417 2069 619 2137 posterioribus
641 2069 703 2123 istis
726 2069 937 2123 collectionibus
960 2084 994 2123 sa
1016 2085 1130 2137 quoque

167 2141 297 2195 notarum
314 2153 394 2214 pars,
415 2153 487 2214 qnae
505 2136 597 2191 Probo
618 2136 717 2204 periit,
739 2136 833 2190 saltim
855 2137 978 2189 maxima
996 2137 1130 2205 exparte

166 2206 243 2261 haud
261 2204 346 2258 dubie
358 2203 545 2268 oontrneatur,
563 2205 660 2257 tamen
670 2203 701 2257 in
717 2204 842 2259 animum
859 2202 993 2257 inducere
1009 2220 1067 2257 non
1078 2220 1129 2272 po·

167 2275 219 2339 tui,
237 2273 270 2327 ut
305 2287 358 2325 uae
375 2270 405 2323 in
422 2271 456 2323 iis
472 2270 557 2324 Probi
579 2271 657 2333 sunt,
679 2270 846 2325 restituendi
871 2270 898 2325 ei
914 2270 1072 2339 perieulum
1089 2271 1131 2325 fa·

167 2357 268 2397 cerem.
326 2338 467 2391 luserim
490 2354 576 2405 quam
600 2336 715 2391 difficile
736 2338 791 2404 est,
814 2354 861 2393 eas
874 2353 901 2390 a
918 2338 1030 2403 ceteris,
1055 2354 1130 2406 quae

167 2407 280 2462 aliunde
292 2404 430 2481 originem
442 2404 557 2468 ducunt,
575 2420 732 2473 segregare.
760 2404 916 2483 subigitur
931 2405 989 2457 iam
1000 2404 1063 2459 loco
1074 2405 1131 2459 ista

166 2475 278 2542 farrago
295 2470 481 2539 rehnquenda
498 2472 549 2525 est.
573 2471 670 2539 ipsum
687 2488 755 2526 vero
772 2471 858 2525 Probi
875 2471 1048 2539 opuseulum,
1067 2488 1131 2604 gua

167 2543 249 2595 tenus
262 2539 361 2603 exstat,
374 2554 459 2606 quam
470 2537 730 2593 emendatissimum
739 2539 828 2607 potui,
842 2543 898 2593 ianr
911 2538 1037 2593 exhibea.
1092 2554 1131 2593 ua
1185 2582 1191 2591 .

166 2608 244 2661 inre
262 2605 334 2659 illud
351 2605 472 2659 maxime
489 2605 644 2659 tenendum
663 2606 732 2670 erat,
750 2605 880 2661 librarios
897 2606 927 2659 in
944 2621 978 2660 ec
996 2606 1129 2661 transcri-

166 2673 260 2728 bendo
277 2688 334 2726 non
350 2673 462 2725 tantum
478 2672 562 2726 sclito
583 2688 661 2727 more
679 2674 852 2741 peccavisse,
875 2672 925 2727 scd
948 2673 1035 2727 ctiam
1051 2673 1130 2728 haud

167 2742 232 2795 raro
250 2740 342 2793 denuo
359 2740 441 2793 notas
453 2738 618 2809 explicuisse
637 2741 667 2793 et
698 2740 782 2793 artim
794 2740 844 2795 has
856 2756 891 2795 ex
908 2739 1129 2809 explicationem

167 2806 278 2862 mendis
294 2806 398 2884 partim
409 2807 471 2861 vice
483 2822 564 2861 versa
574 2757 767 2884 interpoqasse.
803 2806 984 2877 Singulorum
1001 2807 1130 2863 coffinum

167 2891 233 2929 mss.
251 2876 362 2939 notitia,
386 2889 455 2994 quos
477 2874 520 2951 sin
570 2875 666 2927 aribus
688 2872 790 2929 litteris
812 2873 854 2928 ita
876 2874 981 2940 notavi,
1005 2876 1038 2929 ut
1055 2891 1130 2929 com-

167 2942 247 2996 muni
264 2942 389 2995 omnium
412 2941 516 2995 ectionr
546 2957 579 2996 oc
591 2941 703 3011 signum
714 2944 777 2997 cdd.
791 2940 986 3010 praefigerem,
1000 2941 1130 2997 exlium·

167 3009 228 3065 seni
245 3008 447 3063 commentario
464 3006 588 3076 petenda
609 3008 660 3061 est
696 3006 764 3063 Eius
785 3024 897 3077 quoque
915 3008 1004 3074 unius,
1028 3010 1062 3063 ut
1077 3025 1131 3077 par

167 3078 237 3142 erat,
255 3075 409 3131 editionem
425 3074 548 3143 respexi3
570 3075 606 3128 do
648 3090 685 3129 ua
702 3074 948 3152 praemonendum
966 3078 1015 3141 est,
1039 3075 1129 3130 Mom-

166 3161 266 3265 seiium'
290 3144 372 3198 notas
398 3157 550 3210 earumque
576 3092 777 3209 expicationes
807 3142 933 3197 consulto
958 3142 1130 3199 incorrectus

166 3228 198 3266 re
221 3226 320 3280 quisse.
805 3219 811 3228 “

234 3352 294 3419 His,
312 3368 377 3406 cnm
393 3351 515 3419 primum
527 3350 613 3429 Probi
624 3350 755 3429 libellum
768 3350 891 3420 ederem,
904 3352 1019 3429 praeter
1029 3366 1129 3419 pauca,

168 3436 240 3487 qnae
257 3434 332 3473 nuno
355 3418 470 3472 demum
492 3417 601 3480 addidi,
620 3418 784 3495 disputatis,
812 3419 919 3489 vulgati
942 3420 1043 3488 postea
1065 3420 1132 3473 srmt

168 3486 321 3554 separatim
344 3486 378 3572 ct⁴
399 3485 429 3538 in
451 3483 566 3540 Henrici
586 3484 673 3539 Kerlu
694 3486 941 3554 grammaticorum
965 3484 1130 3540 Latinorum
