2542 3909
314 1040 355 1115 L.
383 1037 611 1113 VOLVSIVS
636 1039 917 1114 MAEOIANVS

67 1237 129 1286 [ese]
140 1225 229 1293 tenui,
247 1226 281 1278 ut
297 1224 418 1291 videtur,
438 1223 547 1277 familia
563 1228 655 1285 natue,
673 1240 726 1278 nec
743 1224 819 1278 ultra
831 1225 991 1292 equestrem
1004 1225 1096 1294 digni-

139 1296 229 1348 tatern
252 1307 377 1360 unquam
400 1293 527 1354 evectus,
549 1291 668 1360 insignis
687 1292 785 1346 tamen
806 1293 863 1344 iam
884 1292 1026 1346 Antonino
1045 1293 1095 1347 Pio

139 1361 298 1428 imperante
314 1359 371 1412 fuit
387 1357 598 1412 iurisconsultus
616 1357 692 1411 etin
710 1357 857 1412 consilium
879 1359 938 1412 cius
960 1360 1095 1428 principis

140 1425 1096 1562 tttttiiitffiffiiietritsttiiirrititrite

140 1561 232 1631 turpis
243 1561 302 1614 eius
315 1559 406 1613 exitus
418 1560 522 1612 docuit
552 1564 623 1612 Nam
639 1577 702 1613 cum
715 1559 825 1615 Marcus
834 1511 991 1628 ίιλιιιρθιιῖιοι
1002 1566 1096 1631 Augu-

141 1631 201 1683 stus
213 1629 303 1681 fectus
321 1629 409 1691 esset,
425 1625 602 1680 Maecianum
618 1627 655 1680 ab
674 1643 708 1681 eo
720 1627 905 1682 Alexandriae
923 1628 1096 1696 praefectum

140 1697 171 1750 in
188 1693 325 1749 seditione
344 1693 477 1747 cassiana
493 1695 530 1752 ia.
545 1696 605 1761 175)
622 1694 656 1747 ut
673 1695 824 1748 ‘conscium
838 1695 937 1750 Caseii’
955 1695 1005 1761 (sic
1021 1695 1097 1749 enim

142 1763 278 1816 ‘decium’
296 1777 349 1830 pro
367 1759 479 1813 ‘fliium‘
497 1760 527 1813 in
544 1761 604 1814 vita
615 1760 653 1814 Μ.
666 1761 758 1815 Aurei.
773 1777 794 1815 c.
808 1767 849 1816 26.
869 1761 982 1817 videtur
998 1762 1025 1817 le
1048 1779 1096 1817 en·

141 1829 220 1896 dum)
233 1828 373 1882 exercitus
390 1826 548 1904 interfecit
574 1826 686 1888 Libros,
704 1844 775 1896 quos
794 1829 828 1882 de
846 1829 907 1882 iure
926 1829 1002 1882 civili
1032 1830 1096 1896 ecit,

141 1893 564 1964 IustinianusqueinPendectrs
574 1893 711 1957 adhibuit,
721 1895 806 1949 index
815 1894 992 1950 Florentinus
1001 1896 1096 1949 refert.

142 1965 258 2018 Praeter
274 1963 325 2016 hos
343 1963 422 2015 extat
439 1961 498 2014 eius
517 1961 552 2014 de
570 1961 638 2015 assis
657 1961 854 2015 distributione
872 1961 993 2027 libellus,
1011 1979 1096 2030 quem

141 2031 264 2086 testante
285 2028 473 2098 praefatione,
496 2027 532 2080 ed
555 2027 705 2081 Caesarem
727 2028 795 2096 (non
818 2029 855 2082 ed
878 2027 1041 2093 Censorem,
1064 2032 1097 2084 ιιι

142 2103 333 2153 Mommsenus
344 2095 451 2174 primus
461 2094 546 2160 vidit)
556 2110 590 2173 eo
598 2094 662 2163 ipso
673 2098 809 2214 temgssre,
819 2110 879 2215 ffio
889 2111 953 2148 eum
962 2095 1005 2148 ius
1015 2095 1096 2149 doce·

142 2167 208 2231 bat,
225 2165 279 2218 hoc
296 2164 340 2217 est
357 2168 536 2216 enecent
552 2163 712 2216 mstmcndr
773 2177 817 2230 cip
876 2176 960 2216 censa
977 2163 1096 2216 conscri-

142 2233 208 2302 psit,
219 2231 299 2300 isque
311 2230 422 2299 integer
433 2228 515 2283 nobis
532 2232 660 2283 servatus
678 2230 722 2282 est
733 2228 840 2304 duobus
858 2227 999 2283 codicibus
1011 2229 1098 2284 seculi

144 2298 257 2363 decimi,
275 2296 402 2351 Parisino
414 2297 468 2365 (P.)
481 2295 580 2360 altero,
599 2295 689 2350 altero
706 2295 842 2350 Vaticano
861 2297 923 2364 (V.).
952 2296 977 2348 A
995 2295 1097 2364 quibus

143 2365 256 2445 libellus
268 2364 360 2442 editus
377 2364 422 2428 sit,
442 2364 548 2441 optime
566 2363 656 2440 disces
674 2379 708 2416 cx
726 2364 900 2442 praefatione
920 2363 978 2440 eius
993 2362 1098 2442 editio-

143 2429 1002 2578 suquesusurrii.trististristis
1021 2431 1099 2576 rii
1204 2500 1206 2504 ·

143 2568 285 2622 Bonnenn
302 2566 391 2633 (1831)
410 2581 438 2633 p.
453 2570 509 2619 174.
550 2566 652 2618 Postea
674 2565 769 2618 temen
786 2568 975 2619 Mommsenus
991 2582 1098 2634 primns

144 2636 304 2690 accuratam
328 2632 456 2685 codicum
478 2649 542 2686 mss.
569 2647 602 2685 co
642 2632 759 2685 itionem
786 2633 911 2700 aperuit,
937 2648 972 2686 cx
999 2633 1098 2702 iisque,

144 2700 298 2772 praemissa
318 2698 456 2753 Maeciani
482 2700 555 2763 vita,
582 2715 614 2751 su
634 2699 709 2752 iecta
733 2698 860 2752 lectionis
886 2701 946 2752 tem
970 2700 1098 2754 codicum

144 2787 209 2823 mes.
228 2783 313 2836 quem
331 2765 558 2835 Boeciringianee
569 2764 702 2819 editionis
719 2765 866 2832 verietate,
885 2766 976 2820 denuo
989 2769 1098 2821 textum

144 2835 285 2890 recensuit
300 2834 331 2886 in
351 2833 505 2887 comment.
523 2833 618 2910 societ
636 2832 731 2902 regiae
750 2831 850 2887 Senon.
870 2833 924 2890 vol.
938 2833 984 2891 ΙΙΙ,
996 2851 1026 2903 p.
1039 2840 1097 2890 279.

145 2901 234 2967 Quam
251 2901 442 2955 recensionem
459 2915 510 2954 noe
527 2901 569 2953 rta
585 2901 673 2953 secuti
691 2916 795 2961 sumus,
813 2901 846 2954 ιιι
862 2902 980 2961 tantum,
1001 2900 1050 2956 ubi
1062 2900 1097 2955 ab

145 2985 180 3023 ea
196 2967 398 3046 discedendum
408 2966 560 3032 videretur,
577 2966 607 3020 in
617 2966 692 3020 notis
704 2966 928 3034 admoneremus,
948 2967 1097 3023 rationem·

144 3052 200 3106 quo
212 3033 665 3182 ὃὲῐῗιξιξιᾜιξιιξὲξξξὲᾞειιιιι
681 3100 727 3154 hic
740 3099 890 3154 dicendum
902 3102 953 3157 cat.
983 3101 1099 3169 Spectet

145 3186 180 3226 ea
195 3169 312 3224 titulum
330 3168 465 3247 opusculo
482 3186 512 3222 m
529 3167 609 3222 codd
627 3172 658 3221 P.
671 3170 702 3221 et
713 3166 747 3220 V.
761 3169 791 3220 et
807 3167 840 3219 ut
856 3167 970 3220 credere
982 3183 1035 3236 par
1046 3169 1096 3234 eat,

144 3239 180 3292 ab
192 3239 254 3306 ipre
266 3241 410 3291 Maecrano
418 3235 609 3304 praemissum.
633 3234 722 3299 Quem
733 3233 848 3288 titulum
856 3233 1046 3288 Mommsenus
1057 3235 1098 3289 ite

143 3304 289 3359 formavit:
316 3309 415 3358 Volorir'
431 3308 563 3358 Macriani
582 3305 728 3356 distributio
750 3308 808 3355 item
829 3305 950 3355 vocabulo
974 3321 1006 3355 oc
1023 3314 1099 3356 notae

147 3379 259 3437 partium
275 3378 302 3425 in
318 3374 403 3432 rebus,
421 3389 487 3439 puae
503 3379 622 3424 constant
635 3374 752 3438 pondere
770 3387 871 3423 numero
889 3387 1015 3436 mensura,
1034 3385 1099 3423 cum

143 3440 173 3492 in
190 3443 221 3492 P.
239 3443 272 3492 V.
292 3437 427 3504 scriptum
444 3437 493 3491 eit:
520 3440 620 3491 Volusii
636 3440 768 3490 Macriani
789 3439 934 3490 distributio
951 3440 1009 3490 item
1027 3455 1099 3490 voco·

144 3510 202 3560 bula
219 3525 251 3560 oc
269 3518 327 3560 note
343 3511 456 3580 partium
472 3511 499 3558 in
513 3507 592 3581 reduc
607 3509 764 3624 gemitoriis
775 3508 894 3579 pondere
912 3522 1013 3580 numero
1031 3523 1097 3557 merr-

143 3592 213 3628 surc.
248 3573 287 3626 At
310 3587 384 3625 enim
406 3572 454 3625 hic
477 3586 568 3640 primo
590 3587 608 3625 a
650 3570 835 3626 anterroubus
858 3569 1012 3624 editoribus
1033 3577 1100 3626 orris
