<?xml version="1.0" encoding="UTF-8"?>
<!DOCTYPE html PUBLIC "-//W3C//DTD XHTML 1.0 Transitional//EN"
    "http://www.w3.org/TR/xhtml1/DTD/xhtml1-transitional.dtd">
<html xmlns="http://www.w3.org/1999/xhtml" xml:lang="en" lang="en">
 <head>
  <title>
</title>
<meta http-equiv="Content-Type" content="text/html;charset=utf-8" />
  <meta name='ocr-system' content='tesseract 3.04.00' />
  <meta name='ocr-capabilities' content='ocr_page ocr_carea ocr_par ocr_line ocrx_word'/>
</head>
<body>
  <div class='ocr_page' id='page_1' title='image "./iurisprudentiae01huscgoog_0211.png"; bbox 0 0 2542 3909; ppageno 0'>
   <div class='ocr_carea' id='block_1_1' title="bbox 442 217 1104 284">
    <p class='ocr_par' dir='ltr' id='par_1_1' title="bbox 442 217 1104 284">
     <span class='ocr_line' id='line_1_1' title="bbox 442 217 1104 284; baseline 0.027 -17"><span class='ocrx_word' id='word_1_1' title='bbox 442 232 505 268; x_wconf 80' lang='lat' dir='ltr'>unu</span> <span class='ocrx_word' id='word_1_2' title='bbox 524 233 625 270; x_wconf 77' lang='lat' dir='ltr'>rasura.</span> <span class='ocrx_word' id='word_1_3' title='bbox 645 217 667 269; x_wconf 92' lang='lat'>1.</span> <span class='ocrx_word' id='word_1_4' title='bbox 686 221 796 274; x_wconf 80' lang='lat' dir='ltr'>att-so.</span> <span class='ocrx_word' id='word_1_5' title='bbox 1044 221 1104 284; x_wconf 80' lang='grc'>187</span> 
     </span>
    </p>
   </div>
   <div class='ocr_carea' id='block_1_2' title="bbox 56 373 1151 2147">
    <p class='ocr_par' dir='ltr' id='par_1_2' title="bbox 56 373 1151 2147">
     <span class='ocr_line' id='line_1_2' title="bbox 123 373 1104 451; baseline 0 -17"><span class='ocrx_word' id='word_1_6' title='bbox 123 394 187 435; x_wconf 86' lang='lat' dir='ltr'>nus</span> <span class='ocrx_word' id='word_1_7' title='bbox 203 377 304 447; x_wconf 82' lang='lat' dir='ltr'>etlicto,</span> <span class='ocrx_word' id='word_1_8' title='bbox 321 373 395 448; x_wconf 87' lang='lat' dir='ltr'>quod</span> <span class='ocrx_word' id='word_1_9' title='bbox 414 377 559 448; x_wconf 82' lang='lat' dir='ltr'>proposuit</span> <span class='ocrx_word' id='word_1_10' title='bbox 574 375 607 431; x_wconf 92' lang='lat' dir='ltr'>de</span> <span class='ocrx_word' id='word_1_11' title='bbox 622 376 676 448; x_wconf 90' lang='lat' dir='ltr'>his,</span> <span class='ocrx_word' id='word_1_12' title='bbox 700 378 747 450; x_wconf 92' lang='lat' dir='ltr'>qui</span> <span class='ocrx_word' id='word_1_13' title='bbox 766 375 815 432; x_wconf 84' lang='lat' dir='ltr'>sihi</span> <span class='ocrx_word' id='word_1_14' title='bbox 836 377 983 451; x_wconf 87' lang='lat' dir='ltr'>liberisque</span> <span class='ocrx_word' id='word_1_15' title='bbox 999 379 1056 434; x_wconf 89' lang='lat' dir='ltr'>suis</span> <span class='ocrx_word' id='word_1_16' title='bbox 1071 377 1104 434; x_wconf 92' lang='lat' dir='ltr'>ab</span> 
     </span>
     <span class='ocr_line' id='line_1_3' title="bbox 123 459 1104 536; baseline 0.001 -18"><span class='ocrx_word' id='word_1_17' title='bbox 123 480 162 518; x_wconf 88' lang='lat' dir='ltr'>eo</span> <span class='ocrx_word' id='word_1_18' title='bbox 180 462 322 518; x_wconf 89' lang='lat' dir='ltr'>ciuitatem</span> <span class='ocrx_word' id='word_1_19' title='bbox 340 460 486 516; x_wconf 78' lang='lat' dir='ltr'><strong>Romanam</strong></span> <span class='ocrx_word' id='word_1_20' title='bbox 501 460 650 533; x_wconf 88' lang='lat' dir='ltr'>petebant,</span> <span class='ocrx_word' id='word_1_21' title='bbox 668 459 841 534; x_wconf 79' lang='lat' dir='ltr'>significauit.</span> <span class='ocrx_word' id='word_1_22' title='bbox 880 461 949 518; x_wconf 80' lang='lat' dir='ltr'>‘nec</span> <span class='ocrx_word' id='word_1_23' title='bbox 963 480 1006 519; x_wconf 88' lang='lat' dir='ltr'>me</span> <span class='ocrx_word' id='word_1_24' title='bbox 1027 479 1104 536; x_wconf 91' lang='lat' dir='ltr'>prae·</span> 
     </span>
     <span class='ocr_line' id='line_1_4' title="bbox 124 543 1104 621; baseline 0.001 -18"><span class='ocrx_word' id='word_1_25' title='bbox 124 545 221 610; x_wconf 88' lang='lat' dir='ltr'>terit’,</span> <span class='ocrx_word' id='word_1_26' title='bbox 244 549 294 616; x_wconf 84' lang='lat' dir='ltr'>uit,</span> <span class='ocrx_word' id='word_1_27' title='bbox 317 543 483 600; x_wconf 79' lang='lat' dir='ltr'>‘Galatarum</span> <span class='ocrx_word' id='word_1_28' title='bbox 501 553 611 618; x_wconf 79' lang='lat' dir='ltr'>gentem</span> <span class='ocrx_word' id='word_1_29' title='bbox 627 545 749 618; x_wconf 89' lang='lat' dir='ltr'>credere,</span> <span class='ocrx_word' id='word_1_30' title='bbox 763 548 792 601; x_wconf 89' lang='lat' dir='ltr'>in</span> <span class='ocrx_word' id='word_1_31' title='bbox 808 556 944 619; x_wconf 77' lang='lat' dir='ltr'>potestate</span> <span class='ocrx_word' id='word_1_32' title='bbox 959 558 1104 621; x_wconf 86' lang='lat' dir='ltr'>parentum</span> 
     </span>
     <span class='ocr_line' id='line_1_5' title="bbox 122 622 1105 702; baseline 0.002 -15"><span class='ocrx_word' id='word_1_33' title='bbox 122 631 235 687; x_wconf 90' lang='lat' dir='ltr'>liberos</span> <span class='ocrx_word' id='word_1_34' title='bbox 262 622 362 685; x_wconf 87' lang='lat' dir='ltr'>esse&#39;.¹</span> <span class='ocrx_word' id='word_1_35' title='bbox 418 623 468 684; x_wconf 83' lang='lat'>56.</span> <span class='ocrx_word' id='word_1_36' title='bbox 497 629 606 686; x_wconf 87' lang='lat' dir='ltr'>&#39;Iustus</span> <span class='ocrx_word' id='word_1_37' title='bbox 641 638 738 687; x_wconf 88' lang='lat' dir='ltr'>uatem</span> <span class='ocrx_word' id='word_1_38' title='bbox 769 635 889 702; x_wconf 78' lang='lat' dir='ltr'>nuptias</span> <span class='ocrx_word' id='word_1_39' title='bbox 918 637 1105 690; x_wconf 74' lang='lat' dir='ltr'>contraxisse</span> 
     </span>
     <span class='ocr_line' id='line_1_6' title="bbox 56 716 1106 788; baseline 0.008 -22"><span class='ocrx_word' id='word_1_40' title='bbox 56 725 109 777; x_wconf 77' lang='lat' dir='ltr'>tus]</span> <span class='ocrx_word' id='word_1_41' title='bbox 125 718 300 788; x_wconf 82' lang='lat' dir='ltr'>liberosque</span> <span class='ocrx_word' id='word_1_42' title='bbox 315 718 351 770; x_wconf 83' lang='lat' dir='ltr'>iis</span> <span class='ocrx_word' id='word_1_43' title='bbox 363 720 538 786; x_wconf 88' lang='lat' dir='ltr'>procreatos</span> <span class='ocrx_word' id='word_1_44' title='bbox 552 718 581 770; x_wconf 87' lang='lat' dir='ltr'>in</span> <span class='ocrx_word' id='word_1_45' title='bbox 594 721 740 786; x_wconf 77' lang='lat' dir='ltr'>potestate</span> <span class='ocrx_word' id='word_1_46' title='bbox 759 716 869 772; x_wconf 76' lang='lat' dir='ltr'>habere</span> <span class='ocrx_word' id='word_1_47' title='bbox 884 721 965 773; x_wconf 82' lang='lat' dir='ltr'>ciues</span> <span class='ocrx_word' id='word_1_48' title='bbox 978 717 1106 775; x_wconf 83' lang='lat' dir='ltr'>Romani</span> 
     </span>
     <span class='ocr_line' id='line_1_7' title="bbox 123 792 1103 872; baseline 0.002 -15"><span class='ocrx_word' id='word_1_49' title='bbox 123 806 174 857; x_wconf 86' lang='lat' dir='ltr'>ita</span> <span class='ocrx_word' id='word_1_50' title='bbox 189 792 422 872; x_wconf 69' lang='grc' dir='ltr'>ιἠτθὶἰεριιηῑιιν,2</span> <span class='ocrx_word' id='word_1_51' title='bbox 438 798 462 853; x_wconf 94' lang='lat' dir='ltr'>si</span> <span class='ocrx_word' id='word_1_52' title='bbox 473 799 546 854; x_wconf 88' lang='lat' dir='ltr'>ciues</span> <span class='ocrx_word' id='word_1_53' title='bbox 557 798 691 854; x_wconf 83' lang='lat' dir='ltr'>Romanas</span> <span class='ocrx_word' id='word_1_54' title='bbox 703 815 804 855; x_wconf 77' lang='lat' dir='ltr'>uxores</span> <span class='ocrx_word' id='word_1_55' title='bbox 815 799 951 872; x_wconf 78' lang='lat' dir='ltr'>duxerint,</span> <span class='ocrx_word' id='word_1_56' title='bbox 964 802 1008 857; x_wconf 88' lang='lat' dir='ltr'>uei</span> <span class='ocrx_word' id='word_1_57' title='bbox 1022 805 1103 858; x_wconf 91' lang='lat' dir='ltr'>etiam</span> 
     </span>
     <span class='ocr_line' id='line_1_8' title="bbox 124 883 1103 956; baseline 0.002 -16"><span class='ocrx_word' id='word_1_58' title='bbox 124 885 240 941; x_wconf 86' lang='lat' dir='ltr'>Latinas</span> <span class='ocrx_word' id='word_1_59' title='bbox 261 884 471 956; x_wconf 81' lang='lat' dir='ltr'>peregrinasue,</span> <span class='ocrx_word' id='word_1_60' title='bbox 498 899 559 939; x_wconf 91' lang='lat' dir='ltr'>cum</span> <span class='ocrx_word' id='word_1_61' title='bbox 585 884 686 956; x_wconf 90' lang='lat' dir='ltr'>quibus</span> <span class='ocrx_word' id='word_1_62' title='bbox 714 883 861 940; x_wconf 86' lang='lat' dir='ltr'><strong>conubium</strong></span> <span class='ocrx_word' id='word_1_63' title='bbox 885 885 1016 942; x_wconf 88' lang='lat' dir='ltr'>habeant:</span> <span class='ocrx_word' id='word_1_64' title='bbox 1041 903 1103 942; x_wconf 89' lang='lat' dir='ltr'>cum</span> 
     </span>
     <span class='ocr_line' id='line_1_9' title="bbox 128 965 1103 1043; baseline 0 -17"><span class='ocrx_word' id='word_1_65' title='bbox 128 971 207 1026; x_wconf 89' lang='lat' dir='ltr'>enim</span> <span class='ocrx_word' id='word_1_66' title='bbox 223 967 369 1024; x_wconf 85' lang='lat' dir='ltr'><strong>conubium</strong></span> <span class='ocrx_word' id='word_1_67' title='bbox 384 967 409 1022; x_wconf 90' lang='lat' dir='ltr'>id</span> <span class='ocrx_word' id='word_1_68' title='bbox 423 965 532 1039; x_wconf 86' lang='lat' dir='ltr'>efficiat,</span> <span class='ocrx_word' id='word_1_69' title='bbox 550 976 580 1024; x_wconf 92' lang='lat' dir='ltr'>ut</span> <span class='ocrx_word' id='word_1_70' title='bbox 595 967 673 1023; x_wconf 88' lang='lat' dir='ltr'>liberi</span> <span class='ocrx_word' id='word_1_71' title='bbox 689 969 773 1042; x_wconf 85' lang='lat' dir='ltr'>patris</span> <span class='ocrx_word' id='word_1_72' title='bbox 785 967 973 1025; x_wconf 87' lang='lat' dir='ltr'>condicionem</span> <span class='ocrx_word' id='word_1_73' title='bbox 987 987 1103 1043; x_wconf 83' lang='lat' dir='ltr'>sequen·</span> 
     </span>
     <span class='ocr_line' id='line_1_10' title="bbox 127 1047 1114 1129; baseline 0 -20"><span class='ocrx_word' id='word_1_74' title='bbox 127 1063 190 1125; x_wconf 88' lang='lat' dir='ltr'>tur,</span> <span class='ocrx_word' id='word_1_75' title='bbox 206 1053 309 1123; x_wconf 90' lang='lat' dir='ltr'>euenit,</span> <span class='ocrx_word' id='word_1_76' title='bbox 326 1061 356 1107; x_wconf 92' lang='lat' dir='ltr'>ut</span> <span class='ocrx_word' id='word_1_77' title='bbox 371 1069 426 1107; x_wconf 92' lang='lat' dir='ltr'>non</span> <span class='ocrx_word' id='word_1_78' title='bbox 440 1048 558 1129; x_wconf 88' lang='lat' dir='ltr'>(solam)</span> <span class='ocrx_word' id='word_1_79' title='bbox 569 1055 643 1108; x_wconf 89' lang='lat' dir='ltr'>ciues</span> <span class='ocrx_word' id='word_1_80' title='bbox 654 1053 766 1109; x_wconf 81' lang='lat' dir='ltr'>Romani</span> <span class='ocrx_word' id='word_1_81' title='bbox 778 1051 844 1108; x_wconf 86' lang='lat' dir='ltr'>fiant</span> <span class='ocrx_word' id='word_1_82' title='bbox 859 1063 902 1108; x_wconf 86' lang='lat' dir='ltr'>set</span> <span class='ocrx_word' id='word_1_83' title='bbox 917 1047 969 1129; x_wconf 84' lang='lat' dir='ltr'>(et)</span> <span class='ocrx_word' id='word_1_84' title='bbox 982 1055 1009 1108; x_wconf 89' lang='lat' dir='ltr'>in</span> <span class='ocrx_word' id='word_1_85' title='bbox 1025 1063 1114 1127; x_wconf 92' lang='lat' dir='ltr'>pote··</span> 
     </span>
     <span class='ocr_line' id='line_1_11' title="bbox 128 1131 1104 1211; baseline 0 -16"><span class='ocrx_word' id='word_1_86' title='bbox 128 1147 204 1194; x_wconf 88' lang='lat' dir='ltr'>state</span> <span class='ocrx_word' id='word_1_87' title='bbox 227 1137 312 1211; x_wconf 87' lang='lat' dir='ltr'>patris</span> <span class='ocrx_word' id='word_1_88' title='bbox 334 1138 397 1191; x_wconf 88' lang='lat' dir='ltr'>sint.</span> <span class='ocrx_word' id='word_1_89' title='bbox 435 1131 479 1196; x_wconf 77' lang='grc'><strong>67.</strong></span> <span class='ocrx_word' id='word_1_90' title='bbox 502 1137 575 1193; x_wconf 89' lang='lat' dir='ltr'><strong>Unde</strong></span> <span class='ocrx_word' id='word_1_91' title='bbox 599 1144 626 1193; x_wconf 90' lang='lat' dir='ltr'>et</span> <span class='ocrx_word' id='word_1_92' title='bbox 649 1138 784 1193; x_wconf 90' lang='lat' dir='ltr'>ueteranis</span> <span class='ocrx_word' id='word_1_93' title='bbox 807 1137 966 1210; x_wconf 87' lang='lat' dir='ltr'>quibusdam</span> <span class='ocrx_word' id='word_1_94' title='bbox 990 1139 1104 1195; x_wconf 88' lang='lat' dir='ltr'>concedi</span> 
     </span>
     <span class='ocr_line' id='line_1_12' title="bbox 129 1219 1102 1296; baseline 0 -17"><span class='ocrx_word' id='word_1_95' title='bbox 129 1224 207 1279; x_wconf 86' lang='lat' dir='ltr'>solet</span> <span class='ocrx_word' id='word_1_96' title='bbox 222 1219 415 1296; x_wconf 83' lang='lat' dir='ltr'>principatibus</span> <span class='ocrx_word' id='word_1_97' title='bbox 431 1221 674 1278; x_wconf 85' lang='lat' dir='ltr'>constitutionibus</span> <span class='ocrx_word' id='word_1_98' title='bbox 697 1221 843 1278; x_wconf 83' lang='lat' dir='ltr'>conubium</span> <span class='ocrx_word' id='word_1_99' title='bbox 858 1239 919 1278; x_wconf 90' lang='lat' dir='ltr'>cum</span> <span class='ocrx_word' id='word_1_100' title='bbox 943 1223 985 1278; x_wconf 90' lang='lat' dir='ltr'>his</span> <span class='ocrx_word' id='word_1_101' title='bbox 1000 1222 1102 1280; x_wconf 85' lang='lat' dir='ltr'>Latinis</span> 
     </span>
     <span class='ocr_line' id='line_1_13' title="bbox 127 1307 1103 1382; baseline 0 -18"><span class='ocrx_word' id='word_1_102' title='bbox 127 1308 333 1382; x_wconf 79' lang='lat' dir='ltr'>peregrinisue,</span> <span class='ocrx_word' id='word_1_103' title='bbox 354 1321 420 1378; x_wconf 88' lang='lat' dir='ltr'>quas</span> <span class='ocrx_word' id='word_1_104' title='bbox 436 1307 536 1378; x_wconf 89' lang='lat' dir='ltr'>primas</span> <span class='ocrx_word' id='word_1_105' title='bbox 551 1314 614 1379; x_wconf 87' lang='lat' dir='ltr'>post</span> <span class='ocrx_word' id='word_1_106' title='bbox 630 1307 787 1380; x_wconf 79' lang='lat' dir='ltr'>missionem</span> <span class='ocrx_word' id='word_1_107' title='bbox 802 1323 902 1362; x_wconf 76' lang='lat' dir='ltr'>uxores</span> <span class='ocrx_word' id='word_1_108' title='bbox 916 1307 1058 1377; x_wconf 78' lang='lat' dir='ltr'>duxerint;</span> <span class='ocrx_word' id='word_1_109' title='bbox 1075 1318 1103 1364; x_wconf 96' lang='lat' dir='ltr'>et</span> 
     </span>
     <span class='ocr_line' id='line_1_14' title="bbox 129 1391 1101 1466; baseline 0 -18"><span class='ocrx_word' id='word_1_110' title='bbox 129 1395 179 1466; x_wconf 91' lang='lat' dir='ltr'>qui</span> <span class='ocrx_word' id='word_1_111' title='bbox 200 1408 232 1448; x_wconf 81' lang='lat' dir='ltr'>er</span> <span class='ocrx_word' id='word_1_112' title='bbox 248 1407 280 1446; x_wconf 89' lang='lat' dir='ltr'>eo</span> <span class='ocrx_word' id='word_1_113' title='bbox 296 1391 466 1446; x_wconf 89' lang='lat' dir='ltr'>matrimonio</span> <span class='ocrx_word' id='word_1_114' title='bbox 482 1400 641 1458; x_wconf 85' lang='lat' dir='ltr'>nascuntur,</span> <span class='ocrx_word' id='word_1_115' title='bbox 662 1401 691 1446; x_wconf 95' lang='lat' dir='ltr'>et</span> <span class='ocrx_word' id='word_1_116' title='bbox 705 1394 779 1447; x_wconf 90' lang='lat' dir='ltr'>ciues</span> <span class='ocrx_word' id='word_1_117' title='bbox 795 1392 906 1449; x_wconf 80' lang='lat' dir='ltr'>Romani</span> <span class='ocrx_word' id='word_1_118' title='bbox 925 1400 953 1446; x_wconf 95' lang='lat' dir='ltr'>et</span> <span class='ocrx_word' id='word_1_119' title='bbox 975 1393 1001 1447; x_wconf 89' lang='lat' dir='ltr'>in</span> <span class='ocrx_word' id='word_1_120' title='bbox 1023 1402 1101 1466; x_wconf 90' lang='lat' dir='ltr'>pote·</span> 
     </span>
     <span class='ocr_line' id='line_1_15' title="bbox 129 1471 1102 1549; baseline 0 -16"><span class='ocrx_word' id='word_1_121' title='bbox 129 1485 230 1533; x_wconf 86' lang='lat' dir='ltr'>statem</span> <span class='ocrx_word' id='word_1_122' title='bbox 246 1483 388 1549; x_wconf 90' lang='lat' dir='ltr'>parentum</span> <span class='ocrx_word' id='word_1_123' title='bbox 405 1472 483 1532; x_wconf 86' lang='lat' dir='ltr'>fiunt.</span> <span class='ocrx_word' id='word_1_124' title='bbox 520 1471 581 1532; x_wconf 74' lang='lat'>67⁸.</span> <span class='ocrx_word' id='word_1_125' title='bbox 605 1475 685 1532; x_wconf 81' lang='lat' dir='ltr'>‘Com</span> <span class='ocrx_word' id='word_1_126' title='bbox 700 1478 853 1534; x_wconf 71' lang='lat' dir='ltr'>screatibus</span> <span class='ocrx_word' id='word_1_127' title='bbox 875 1493 947 1532; x_wconf 87' lang='lat' dir='ltr'>nero</span> <span class='ocrx_word' id='word_1_128' title='bbox 967 1481 1102 1548; x_wconf 85' lang='lat' dir='ltr'>personis</span> 
     </span>
     <span class='ocr_line' id='line_1_16' title="bbox 128 1557 1102 1633; baseline 0 -15"><span class='ocrx_word' id='word_1_129' title='bbox 128 1578 167 1617; x_wconf 87' lang='lat' dir='ltr'>ne</span> <span class='ocrx_word' id='word_1_130' title='bbox 189 1564 312 1633; x_wconf 86' lang='lat' dir='ltr'>nuptiae</span> <span class='ocrx_word' id='word_1_131' title='bbox 327 1561 440 1632; x_wconf 82' lang='lat' dir='ltr'>quidem</span> <span class='ocrx_word' id='word_1_132' title='bbox 457 1567 532 1617; x_wconf 82' lang='lat' dir='ltr'>sunt.</span> <span class='ocrx_word' id='word_1_133' title='bbox 569 1557 618 1617; x_wconf 81' lang='lat'>58.</span> <span class='ocrx_word' id='word_1_134' title='bbox 643 1562 702 1617; x_wconf 82' lang='lat' dir='ltr'>Sed</span> <span class='ocrx_word' id='word_1_135' title='bbox 714 1578 770 1617; x_wconf 89' lang='lat' dir='ltr'>nec</span> <span class='ocrx_word' id='word_1_136' title='bbox 783 1564 893 1619; x_wconf 83' lang='lat' dir='ltr'>liberos</span> <span class='ocrx_word' id='word_1_137' title='bbox 908 1577 1006 1618; x_wconf 90' lang='lat' dir='ltr'>omnes</span> <span class='ocrx_word' id='word_1_138' title='bbox 1019 1564 1102 1618; x_wconf 84' lang='lat' dir='ltr'>nobis</span> 
     </span>
     <span class='ocr_line' id='line_1_17' title="bbox 128 1638 1101 1719; baseline 0 -16"><span class='ocrx_word' id='word_1_139' title='bbox 128 1662 243 1703; x_wconf 69' lang='lat' dir='ltr'>accures</span> <span class='ocrx_word' id='word_1_140' title='bbox 269 1648 379 1701; x_wconf 83' lang='lat' dir='ltr'>ducere</span> <span class='ocrx_word' id='word_1_141' title='bbox 400 1638 505 1702; x_wconf 85' lang='lat' dir='ltr'>licet:³</span> <span class='ocrx_word' id='word_1_142' title='bbox 526 1662 588 1700; x_wconf 88' lang='lat' dir='ltr'>narn</span> <span class='ocrx_word' id='word_1_143' title='bbox 611 1663 625 1701; x_wconf 91' lang='lat' dir='ltr'>a</span> <span class='ocrx_word' id='word_1_144' title='bbox 649 1646 818 1719; x_wconf 88' lang='lat' dir='ltr'>quarundam</span> <span class='ocrx_word' id='word_1_145' title='bbox 839 1648 943 1718; x_wconf 88' lang='lat' dir='ltr'>nuptiis</span> <span class='ocrx_word' id='word_1_146' title='bbox 965 1646 1101 1703; x_wconf 88' lang='lat' dir='ltr'>abstinere</span> 
     </span>
     <span class='ocr_line' id='line_1_18' title="bbox 129 1727 1100 1808; baseline 0 -21"><span class='ocrx_word' id='word_1_147' title='bbox 129 1731 272 1787; x_wconf 88' lang='lat' dir='ltr'>debemus.</span> <span class='ocrx_word' id='word_1_148' title='bbox 308 1727 360 1790; x_wconf 73' lang='lat'>59.</span> <span class='ocrx_word' id='word_1_149' title='bbox 382 1729 458 1808; x_wconf 84' lang='lat' dir='ltr'>luter</span> <span class='ocrx_word' id='word_1_150' title='bbox 472 1746 518 1786; x_wconf 88' lang='lat' dir='ltr'>eas</span> <span class='ocrx_word' id='word_1_151' title='bbox 539 1732 609 1785; x_wconf 85' lang='lat' dir='ltr'>enim</span> <span class='ocrx_word' id='word_1_152' title='bbox 632 1747 775 1804; x_wconf 83' lang='lat' dir='ltr'>personas,</span> <span class='ocrx_word' id='word_1_153' title='bbox 792 1748 861 1804; x_wconf 91' lang='lat' dir='ltr'>quae</span> <span class='ocrx_word' id='word_1_154' title='bbox 876 1741 1019 1805; x_wconf 89' lang='lat' dir='ltr'>parentum</span> <span class='ocrx_word' id='word_1_155' title='bbox 1033 1732 1100 1788; x_wconf 90' lang='lat' dir='ltr'>iibe-</span> 
     </span>
     <span class='ocr_line' id='line_1_19' title="bbox 129 1814 1099 1889; baseline 0.002 -19"><span class='ocrx_word' id='word_1_156' title='bbox 129 1833 261 1872; x_wconf 90' lang='lat' dir='ltr'>rorumue</span> <span class='ocrx_word' id='word_1_157' title='bbox 283 1814 373 1870; x_wconf 90' lang='lat' dir='ltr'>iocum</span> <span class='ocrx_word' id='word_1_158' title='bbox 396 1816 467 1870; x_wconf 88' lang='lat' dir='ltr'>iuter</span> <span class='ocrx_word' id='word_1_159' title='bbox 481 1831 512 1870; x_wconf 92' lang='lat' dir='ltr'>se</span> <span class='ocrx_word' id='word_1_160' title='bbox 527 1816 663 1888; x_wconf 87' lang='lat' dir='ltr'>optinent,</span> <span class='ocrx_word' id='word_1_161' title='bbox 686 1816 797 1888; x_wconf 90' lang='lat' dir='ltr'>nuptiae</span> <span class='ocrx_word' id='word_1_162' title='bbox 819 1816 944 1872; x_wconf 83' lang='lat' dir='ltr'>contrahi</span> <span class='ocrx_word' id='word_1_163' title='bbox 959 1832 1014 1872; x_wconf 92' lang='lat' dir='ltr'>non</span> <span class='ocrx_word' id='word_1_164' title='bbox 1035 1833 1099 1889; x_wconf 90' lang='lat' dir='ltr'>pos-</span> 
     </span>
     <span class='ocr_line' id='line_1_20' title="bbox 129 1895 1098 1973; baseline 0.001 -18"><span class='ocrx_word' id='word_1_165' title='bbox 129 1895 223 1972; x_wconf 78' lang='lat' dir='ltr'>sunt,⁴</span> <span class='ocrx_word' id='word_1_166' title='bbox 237 1915 287 1955; x_wconf 92' lang='lat' dir='ltr'>nec</span> <span class='ocrx_word' id='word_1_167' title='bbox 301 1901 373 1955; x_wconf 89' lang='lat' dir='ltr'>iuter</span> <span class='ocrx_word' id='word_1_168' title='bbox 389 1916 433 1955; x_wconf 85' lang='lat' dir='ltr'>eas</span> <span class='ocrx_word' id='word_1_169' title='bbox 449 1899 596 1955; x_wconf 87' lang='lat' dir='ltr'>conubium</span> <span class='ocrx_word' id='word_1_170' title='bbox 608 1908 661 1969; x_wconf 91' lang='lat' dir='ltr'>est,</span> <span class='ocrx_word' id='word_1_171' title='bbox 678 1900 755 1956; x_wconf 91' lang='lat' dir='ltr'>ueiut</span> <span class='ocrx_word' id='word_1_172' title='bbox 770 1901 842 1956; x_wconf 88' lang='lat' dir='ltr'>inter</span> <span class='ocrx_word' id='word_1_173' title='bbox 856 1909 960 1973; x_wconf 89' lang='lat' dir='ltr'>patrem</span> <span class='ocrx_word' id='word_1_174' title='bbox 975 1905 1003 1956; x_wconf 89' lang='lat' dir='ltr'>et</span> <span class='ocrx_word' id='word_1_175' title='bbox 1018 1899 1098 1956; x_wconf 86' lang='lat' dir='ltr'>titiam</span> 
     </span>
     <span class='ocr_line' id='line_1_21' title="bbox 128 1983 1099 2056; baseline 0 -16"><span class='ocrx_word' id='word_1_176' title='bbox 128 1985 175 2041; x_wconf 84' lang='lat' dir='ltr'>uel</span> <span class='ocrx_word' id='word_1_177' title='bbox 196 1987 269 2041; x_wconf 88' lang='lat' dir='ltr'>inter</span> <span class='ocrx_word' id='word_1_178' title='bbox 290 1991 404 2039; x_wconf 89' lang='lat' dir='ltr'>matrem</span> <span class='ocrx_word' id='word_1_179' title='bbox 425 1992 453 2040; x_wconf 93' lang='lat' dir='ltr'>et</span> <span class='ocrx_word' id='word_1_180' title='bbox 475 1984 560 2039; x_wconf 88' lang='lat' dir='ltr'>tilium</span> <span class='ocrx_word' id='word_1_181' title='bbox 582 1983 627 2039; x_wconf 90' lang='lat' dir='ltr'>uel</span> <span class='ocrx_word' id='word_1_182' title='bbox 649 1986 722 2039; x_wconf 90' lang='lat' dir='ltr'>inter</span> <span class='ocrx_word' id='word_1_183' title='bbox 743 2001 823 2039; x_wconf 90' lang='lat' dir='ltr'>auum</span> <span class='ocrx_word' id='word_1_184' title='bbox 838 1993 867 2040; x_wconf 91' lang='lat' dir='ltr'>et</span> <span class='ocrx_word' id='word_1_185' title='bbox 887 1993 1011 2056; x_wconf 79' lang='lat' dir='ltr'>neptem3</span> <span class='ocrx_word' id='word_1_186' title='bbox 1033 1986 1099 2041; x_wconf 88' lang='lat' dir='ltr'>etsi</span> 
     </span>
     <span class='ocr_line' id='line_1_22' title="bbox 129 2067 1151 2147; baseline -0.003 -23"><span class='ocrx_word' id='word_1_187' title='bbox 129 2069 199 2124; x_wconf 87' lang='lat' dir='ltr'>tales</span> <span class='ocrx_word' id='word_1_188' title='bbox 211 2085 346 2143; x_wconf 88' lang='lat' dir='ltr'>personae</span> <span class='ocrx_word' id='word_1_189' title='bbox 365 2071 438 2124; x_wconf 90' lang='lat' dir='ltr'>inter</span> <span class='ocrx_word' id='word_1_190' title='bbox 458 2085 487 2124; x_wconf 89' lang='lat' dir='ltr'>se</span> <span class='ocrx_word' id='word_1_191' title='bbox 509 2069 634 2132; x_wconf 87' lang='lat' dir='ltr'>coierint,</span> <span class='ocrx_word' id='word_1_192' title='bbox 657 2067 772 2123; x_wconf 85' lang='lat' dir='ltr'>neiarias</span> <span class='ocrx_word' id='word_1_193' title='bbox 789 2067 794 2147; x_wconf 74' lang='grc' dir='ltr'>Ι</span> <span class='ocrx_word' id='word_1_194' title='bbox 812 2078 839 2124; x_wconf 90' lang='lat' dir='ltr'>et</span> <span class='ocrx_word' id='word_1_195' title='bbox 855 2071 972 2125; x_wconf 91' lang='lat' dir='ltr'>incestas</span> <span class='ocrx_word' id='word_1_196' title='bbox 987 2071 1096 2142; x_wconf 88' lang='lat' dir='ltr'>nuptias</span> <span class='ocrx_word' id='word_1_197' title='bbox 1112 2074 1151 2122; x_wconf 84' lang='grc'><strong>16.</strong></span> 
     </span>
    </p>
   </div>
   <div class='ocr_carea' id='block_1_3' title="bbox 92 2233 1100 3300">
    <p class='ocr_par' dir='ltr' id='par_1_3' title="bbox 92 2233 1100 3300">
     <span class='ocr_line' id='line_1_23' title="bbox 205 2233 1100 2304; baseline -0.002 -16"><span class='ocrx_word' id='word_1_198' title='bbox 205 2235 226 2304; x_wconf 89' lang='lat'>¹)</span> <span class='ocrx_word' id='word_1_199' title='bbox 243 2239 304 2288; x_wconf 81' lang='lat' dir='ltr'>Cum</span> <span class='ocrx_word' id='word_1_200' title='bbox 317 2240 345 2287; x_wconf 91' lang='lat' dir='ltr'>in</span> <span class='ocrx_word' id='word_1_201' title='bbox 360 2236 430 2304; x_wconf 81' lang='lat' dir='ltr'>O(et</span> <span class='ocrx_word' id='word_1_202' title='bbox 448 2236 475 2287; x_wconf 88' lang='lat' dir='ltr'><em>V</em></span> <span class='ocrx_word' id='word_1_203' title='bbox 473 2233 504 2303; x_wconf 79' lang='lat' dir='ltr'>st)</span> <span class='ocrx_word' id='word_1_204' title='bbox 517 2239 551 2287; x_wconf 85' lang='lat' dir='ltr'>sit</span> <span class='ocrx_word' id='word_1_205' title='bbox 566 2237 623 2286; x_wconf 87' lang='lat' dir='ltr'>diui</span> <span class='ocrx_word' id='word_1_206' title='bbox 633 2236 747 2286; x_wconf 81' lang='lat' dir='ltr'>Hadriani</span> <span class='ocrx_word' id='word_1_207' title='bbox 761 2243 786 2285; x_wconf 84' lang='lat' dir='ltr'>et</span> <span class='ocrx_word' id='word_1_208' title='bbox 798 2237 978 2299; x_wconf 83' lang='lat' dir='ltr'>superscripta</span> <span class='ocrx_word' id='word_1_209' title='bbox 992 2253 1006 2286; x_wconf 89' lang='lat' dir='ltr'>e</span> <span class='ocrx_word' id='word_1_210' title='bbox 1019 2252 1100 2300; x_wconf 85' lang='lat' dir='ltr'>saper</span> 
     </span>
     <span class='ocr_line' id='line_1_24' title="bbox 125 2307 1099 2372; baseline -0.002 -13"><span class='ocrx_word' id='word_1_211' title='bbox 125 2312 245 2360; x_wconf 85' lang='lat' dir='ltr'>altimum</span> <span class='ocrx_word' id='word_1_212' title='bbox 263 2311 377 2359; x_wconf 81' lang='lat' dir='ltr'>litterum</span> <span class='ocrx_word' id='word_1_213' title='bbox 395 2326 418 2359; x_wconf 88' lang='lat' dir='ltr'>a.</span> <span class='ocrx_word' id='word_1_214' title='bbox 434 2309 589 2372; x_wconf 77' lang='lat' dir='ltr'>significauit,</span> <span class='ocrx_word' id='word_1_215' title='bbox 609 2309 678 2357; x_wconf 84' lang='lat' dir='ltr'>ittuu</span> <span class='ocrx_word' id='word_1_216' title='bbox 690 2309 805 2357; x_wconf 84' lang='lat' dir='ltr'>retinens</span> <span class='ocrx_word' id='word_1_217' title='bbox 820 2307 935 2356; x_wconf 82' lang='lat' dir='ltr'>Poleour</span> <span class='ocrx_word' id='word_1_218' title='bbox 949 2308 988 2357; x_wconf 87' lang='lat' dir='ltr'>ed.</span> <span class='ocrx_word' id='word_1_219' title='bbox 995 2324 1005 2356; x_wconf 92' lang='grc'><strong>.·</strong></span> <span class='ocrx_word' id='word_1_220' title='bbox 1023 2309 1099 2369; x_wconf 81' lang='lat' dir='ltr'>sigui·</span> 
     </span>
     <span class='ocr_line' id='line_1_25' title="bbox 126 2379 1100 2444; baseline -0.002 -13"><span class='ocrx_word' id='word_1_221' title='bbox 126 2383 221 2432; x_wconf 87' lang='lat' dir='ltr'>ficatur</span> <span class='ocrx_word' id='word_1_222' title='bbox 234 2383 289 2430; x_wconf 85' lang='lat' dir='ltr'>sic:</span> <span class='ocrx_word' id='word_1_223' title='bbox 303 2396 365 2444; x_wconf 89' lang='lat' dir='ltr'>„uec</span> <span class='ocrx_word' id='word_1_224' title='bbox 380 2395 417 2429; x_wconf 85' lang='lat' dir='ltr'>me</span> <span class='ocrx_word' id='word_1_225' title='bbox 434 2380 558 2444; x_wconf 77' lang='lat' dir='ltr'>praeterit,</span> <span class='ocrx_word' id='word_1_226' title='bbox 575 2379 851 2432; x_wconf 84' lang='lat' dir='ltr'>Galatarum....esse“.</span> <span class='ocrx_word' id='word_1_227' title='bbox 883 2379 930 2428; x_wconf 84' lang='lat' dir='ltr'>sed</span> <span class='ocrx_word' id='word_1_228' title='bbox 947 2396 1004 2430; x_wconf 88' lang='lat' dir='ltr'>com</span> <span class='ocrx_word' id='word_1_229' title='bbox 1022 2381 1100 2429; x_wconf 86' lang='lat' dir='ltr'>etium</span> 
     </span>
     <span class='ocr_line' id='line_1_26' title="bbox 122 2451 1098 2517; baseline -0.002 -15"><span class='ocrx_word' id='word_1_230' title='bbox 122 2460 188 2517; x_wconf 82' lang='lat' dir='ltr'>post</span> <span class='ocrx_word' id='word_1_231' title='bbox 208 2453 325 2515; x_wconf 87' lang='lat' dir='ltr'>praeterit</span> <span class='ocrx_word' id='word_1_232' title='bbox 343 2453 432 2501; x_wconf 87' lang='lat' dir='ltr'>littera</span> <span class='ocrx_word' id='word_1_233' title='bbox 452 2468 465 2501; x_wconf 91' lang='lat' dir='ltr'>a</span> <span class='ocrx_word' id='word_1_234' title='bbox 480 2469 497 2502; x_wconf 93' lang='lat' dir='ltr'>u</span> <span class='ocrx_word' id='word_1_235' title='bbox 515 2451 626 2500; x_wconf 81' lang='lat' dir='ltr'>librario</span> <span class='ocrx_word' id='word_1_236' title='bbox 638 2452 727 2514; x_wconf 86' lang='lat' dir='ltr'>positu</span> <span class='ocrx_word' id='word_1_237' title='bbox 740 2452 783 2511; x_wconf 86' lang='lat' dir='ltr'>sit,</span> <span class='ocrx_word' id='word_1_238' title='bbox 804 2465 865 2500; x_wconf 75' lang='lat' dir='ltr'>moac</span> <span class='ocrx_word' id='word_1_239' title='bbox 879 2453 944 2499; x_wconf 89' lang='lat' dir='ltr'>maie</span> <span class='ocrx_word' id='word_1_240' title='bbox 958 2459 1098 2514; x_wconf 78' lang='lat' dir='ltr'>expuncta,</span> 
     </span>
     <span class='ocr_line' id='line_1_27' title="bbox 126 2519 1099 2586; baseline -0.002 -12"><span class='ocrx_word' id='word_1_241' title='bbox 126 2541 187 2574; x_wconf 88' lang='lat' dir='ltr'>cam</span> <span class='ocrx_word' id='word_1_242' title='bbox 197 2525 288 2586; x_wconf 86' lang='lat' dir='ltr'>potins</span> <span class='ocrx_word' id='word_1_243' title='bbox 301 2523 320 2571; x_wconf 91' lang='lat' dir='ltr'>it</span> <span class='ocrx_word' id='word_1_244' title='bbox 330 2531 391 2586; x_wconf 83' lang='lat' dir='ltr'>post</span> <span class='ocrx_word' id='word_1_245' title='bbox 404 2539 460 2573; x_wconf 91' lang='lat' dir='ltr'>eum</span> <span class='ocrx_word' id='word_1_246' title='bbox 473 2523 641 2586; x_wconf 87' lang='lat' dir='ltr'>repetendam</span> <span class='ocrx_word' id='word_1_247' title='bbox 653 2530 728 2581; x_wconf 85' lang='lat' dir='ltr'>esset,</span> <span class='ocrx_word' id='word_1_248' title='bbox 742 2523 841 2571; x_wconf 69' lang='lat' dir='ltr'>mdim:</span> <span class='ocrx_word' id='word_1_249' title='bbox 861 2523 1014 2583; x_wconf 81' lang='lat' dir='ltr'>significauit.</span> <span class='ocrx_word' id='word_1_250' title='bbox 1044 2519 1099 2572; x_wconf 79' lang='lat' dir='ltr'>‘uec</span> 
     </span>
     <span class='ocr_line' id='line_1_28' title="bbox 126 2591 1100 2659; baseline -0.001 -15"><span class='ocrx_word' id='word_1_251' title='bbox 126 2609 167 2644; x_wconf 86' lang='lat' dir='ltr'>me</span> <span class='ocrx_word' id='word_1_252' title='bbox 177 2591 316 2659; x_wconf 85' lang='lat' dir='ltr'>praeterit&#39;,</span> <span class='ocrx_word' id='word_1_253' title='bbox 331 2595 365 2642; x_wconf 88' lang='lat' dir='ltr'>ait</span> <span class='ocrx_word' id='word_1_254' title='bbox 379 2591 539 2644; x_wconf 79' lang='lat' dir='ltr'>‘Galatarum’</span> <span class='ocrx_word' id='word_1_255' title='bbox 556 2601 604 2644; x_wconf 90' lang='lat' dir='ltr'>etc.</span> <span class='ocrx_word' id='word_1_256' title='bbox 628 2609 694 2658; x_wconf 82' lang='lat' dir='ltr'>qaue</span> <span class='ocrx_word' id='word_1_257' title='bbox 708 2594 809 2658; x_wconf 85' lang='lat' dir='ltr'>quidem</span> <span class='ocrx_word' id='word_1_258' title='bbox 819 2601 954 2644; x_wconf 85' lang='lat' dir='ltr'>corrector</span> <span class='ocrx_word' id='word_1_259' title='bbox 961 2609 1100 2659; x_wconf 84' lang='lat' dir='ltr'>perperam</span> 
     </span>
     <span class='ocr_line' id='line_1_29' title="bbox 126 2664 1099 2731; baseline -0.001 -16"><span class='ocrx_word' id='word_1_260' title='bbox 126 2668 222 2716; x_wconf 87' lang='lat' dir='ltr'>vocatu</span> <span class='ocrx_word' id='word_1_261' title='bbox 232 2664 310 2731; x_wconf 86' lang='lat' dir='ltr'>c(urn)</span> <span class='ocrx_word' id='word_1_262' title='bbox 320 2665 412 2714; x_wconf 85' lang='lat' dir='ltr'>additu</span> <span class='ocrx_word' id='word_1_263' title='bbox 422 2682 478 2716; x_wconf 85' lang='lat' dir='ltr'>com</span> <span class='ocrx_word' id='word_1_264' title='bbox 488 2665 634 2727; x_wconf 80' lang='lat' dir='ltr'>significauit</span> <span class='ocrx_word' id='word_1_265' title='bbox 644 2667 802 2730; x_wconf 74' lang='lat' dir='ltr'>contorpere</span> <span class='ocrx_word' id='word_1_266' title='bbox 812 2667 901 2724; x_wconf 85' lang='lat' dir='ltr'>uoluit,</span> <span class='ocrx_word' id='word_1_267' title='bbox 913 2665 1099 2725; x_wconf 73' lang='lat' dir='ltr'>verumtanem,</span> 
     </span>
     <span class='ocr_line' id='line_1_30' title="bbox 127 2732 1100 2802; baseline -0.001 -16"><span class='ocrx_word' id='word_1_268' title='bbox 127 2752 195 2802; x_wconf 82' lang='lat' dir='ltr'>qaue</span> <span class='ocrx_word' id='word_1_269' title='bbox 204 2744 264 2786; x_wconf 89' lang='lat' dir='ltr'>erut</span> <span class='ocrx_word' id='word_1_270' title='bbox 278 2738 305 2785; x_wconf 89' lang='lat' dir='ltr'>in</span> <span class='ocrx_word' id='word_1_271' title='bbox 315 2734 379 2802; x_wconf 85' lang='lat' dir='ltr'>a(it),</span> <span class='ocrx_word' id='word_1_272' title='bbox 394 2739 484 2787; x_wconf 86' lang='lat' dir='ltr'>tollere</span> <span class='ocrx_word' id='word_1_273' title='bbox 498 2735 600 2787; x_wconf 83' lang='lat' dir='ltr'>oblitas.</span> <span class='ocrx_word' id='word_1_274' title='bbox 640 2732 662 2802; x_wconf 84' lang='lat'>²)</span> <span class='ocrx_word' id='word_1_275' title='bbox 678 2735 799 2786; x_wconf 81' lang='lat' dir='ltr'>Restitui.</span> <span class='ocrx_word' id='word_1_276' title='bbox 817 2736 878 2799; x_wconf 90' lang='lat' dir='ltr'>Ipse</span> <span class='ocrx_word' id='word_1_277' title='bbox 889 2734 1017 2786; x_wconf 83' lang='lat' dir='ltr'>librarius</span> <span class='ocrx_word' id='word_1_278' title='bbox 1026 2738 1100 2786; x_wconf 87' lang='lat' dir='ltr'>tuca-</span> 
     </span>
     <span class='ocr_line' id='line_1_31' title="bbox 127 2803 1099 2872; baseline -0.001 -14"><span class='ocrx_word' id='word_1_279' title='bbox 127 2824 188 2858; x_wconf 84' lang='lat' dir='ltr'>nam</span> <span class='ocrx_word' id='word_1_280' title='bbox 202 2808 306 2857; x_wconf 86' lang='lat' dir='ltr'>uidetur</span> <span class='ocrx_word' id='word_1_281' title='bbox 315 2809 478 2872; x_wconf 67' lang='lat' dir='ltr'>significasse</span> <span class='ocrx_word' id='word_1_282' title='bbox 488 2809 553 2858; x_wconf 86' lang='lat' dir='ltr'>daos</span> <span class='ocrx_word' id='word_1_283' title='bbox 562 2822 653 2857; x_wconf 86' lang='lat' dir='ltr'>uersus</span> <span class='ocrx_word' id='word_1_284' title='bbox 662 2823 758 2858; x_wconf 86' lang='lat' dir='ltr'>vacuos</span> <span class='ocrx_word' id='word_1_285' title='bbox 767 2810 924 2872; x_wconf 78' lang='lat' dir='ltr'>relinquens.</span> <span class='ocrx_word' id='word_1_286' title='bbox 963 2803 984 2872; x_wconf 80' lang='lat'>³)</span> <span class='ocrx_word' id='word_1_287' title='bbox 997 2807 1099 2857; x_wconf 82' lang='lat' dir='ltr'>Rursus</span> 
     </span>
     <span class='ocr_line' id='line_1_32' title="bbox 126 2878 1099 2944; baseline -0.001 -15"><span class='ocrx_word' id='word_1_288' title='bbox 126 2881 239 2930; x_wconf 84' lang='lat' dir='ltr'>duorum</span> <span class='ocrx_word' id='word_1_289' title='bbox 253 2894 371 2928; x_wconf 87' lang='lat' dir='ltr'>uersuum</span> <span class='ocrx_word' id='word_1_290' title='bbox 385 2881 505 2929; x_wconf 86' lang='lat' dir='ltr'>lacunam</span> <span class='ocrx_word' id='word_1_291' title='bbox 515 2896 532 2928; x_wconf 98' lang='lat' dir='ltr'>u</span> <span class='ocrx_word' id='word_1_292' title='bbox 542 2878 654 2928; x_wconf 80' lang='lat' dir='ltr'>librario</span> <span class='ocrx_word' id='word_1_293' title='bbox 669 2881 795 2937; x_wconf 87' lang='lat' dir='ltr'>relietum,</span> <span class='ocrx_word' id='word_1_294' title='bbox 811 2886 838 2928; x_wconf 88' lang='lat' dir='ltr'>ut</span> <span class='ocrx_word' id='word_1_295' title='bbox 851 2880 1003 2929; x_wconf 85' lang='lat' dir='ltr'>sententiam</span> <span class='ocrx_word' id='word_1_296' title='bbox 1016 2881 1099 2944; x_wconf 76' lang='lat' dir='ltr'>sipni-</span> 
     </span>
     <span class='ocr_line' id='line_1_33' title="bbox 123 2949 1098 3014; baseline 0 -15"><span class='ocrx_word' id='word_1_297' title='bbox 123 2952 246 3014; x_wconf 83' lang='lat' dir='ltr'>ficurem,</span> <span class='ocrx_word' id='word_1_298' title='bbox 261 2951 367 3013; x_wconf 86' lang='lat' dir='ltr'>replevi.</span> <span class='ocrx_word' id='word_1_299' title='bbox 395 2949 483 3000; x_wconf 79' lang='lat' dir='ltr'>Iuliis</span> <span class='ocrx_word' id='word_1_300' title='bbox 500 2950 582 3000; x_wconf 83' lang='lat' dir='ltr'>Gaius</span> <span class='ocrx_word' id='word_1_301' title='bbox 596 2952 684 3013; x_wconf 89' lang='lat' dir='ltr'>primo</span> <span class='ocrx_word' id='word_1_302' title='bbox 702 2953 759 3000; x_wconf 86' lang='lat' dir='ltr'>loco</span> <span class='ocrx_word' id='word_1_303' title='bbox 774 2952 908 3000; x_wconf 85' lang='lat' dir='ltr'>seruilium</span> <span class='ocrx_word' id='word_1_304' title='bbox 923 2965 1098 3013; x_wconf 86' lang='lat' dir='ltr'>personarum</span> 
     </span>
     <span class='ocr_line' id='line_1_34' title="bbox 126 3019 1097 3086; baseline -0.003 -14"><span class='ocrx_word' id='word_1_305' title='bbox 126 3024 279 3072; x_wconf 85' lang='lat' dir='ltr'>mentionem</span> <span class='ocrx_word' id='word_1_306' title='bbox 293 3037 344 3071; x_wconf 84' lang='lat' dir='ltr'>aon</span> <span class='ocrx_word' id='word_1_307' title='bbox 359 3021 454 3070; x_wconf 76' lang='lat' dir='ltr'>nubere</span> <span class='ocrx_word' id='word_1_308' title='bbox 464 3037 515 3072; x_wconf 88' lang='lat' dir='ltr'>noo</span> <span class='ocrx_word' id='word_1_309' title='bbox 525 3023 620 3086; x_wconf 85' lang='lat' dir='ltr'>potuit.</span> <span class='ocrx_word' id='word_1_310' title='bbox 647 3021 685 3084; x_wconf 81' lang='lat' dir='ltr'>Of.</span> <span class='ocrx_word' id='word_1_311' title='bbox 692 3029 802 3085; x_wconf 86' lang='lat' dir='ltr'>praeter</span> <span class='ocrx_word' id='word_1_312' title='bbox 816 3023 855 3083; x_wconf 64' lang='grc' dir='ltr'>ἕξ.</span> <span class='ocrx_word' id='word_1_313' title='bbox 866 3034 886 3071; x_wconf 92' lang='lat' dir='ltr'>t.</span> <span class='ocrx_word' id='word_1_314' title='bbox 897 3034 930 3073; x_wconf 88' lang='lat'>10.</span> <span class='ocrx_word' id='word_1_315' title='bbox 950 3019 972 3070; x_wconf 94' lang='grc' dir='ltr'><strong>Ι.</strong></span> <span class='ocrx_word' id='word_1_316' title='bbox 984 3021 1016 3070; x_wconf 87' lang='lat' dir='ltr'>de</span> <span class='ocrx_word' id='word_1_317' title='bbox 1026 3029 1097 3084; x_wconf 88' lang='lat' dir='ltr'>nupt.</span> 
     </span>
     <span class='ocr_line' id='line_1_35' title="bbox 92 3090 1098 3158; baseline -0.005 -13"><span class='ocrx_word' id='word_1_318' title='bbox 92 3091 98 3104; x_wconf 78' lang='lat'>⁸</span> <span class='ocrx_word' id='word_1_319' title='bbox 127 3090 212 3158; x_wconf 72' lang='grc'><strong>(1.10)</strong></span> <span class='ocrx_word' id='word_1_320' title='bbox 236 3092 291 3156; x_wconf 82' lang='lat' dir='ltr'>otp.</span> <span class='ocrx_word' id='word_1_321' title='bbox 306 3103 328 3150; x_wconf 79' lang='lat'>5,</span> <span class='ocrx_word' id='word_1_322' title='bbox 342 3105 363 3142; x_wconf 80' lang='lat' dir='ltr'>t.</span> <span class='ocrx_word' id='word_1_323' title='bbox 379 3105 409 3150; x_wconf 79' lang='lat' dir='ltr'>o..</span> <span class='ocrx_word' id='word_1_324' title='bbox 425 3095 500 3143; x_wconf 87' lang='lat' dir='ltr'>cuias</span> <span class='ocrx_word' id='word_1_325' title='bbox 514 3094 669 3142; x_wconf 83' lang='lat' dir='ltr'>auctoritati</span> <span class='ocrx_word' id='word_1_326' title='bbox 682 3095 745 3155; x_wconf 87' lang='lat' dir='ltr'>plus</span> <span class='ocrx_word' id='word_1_327' title='bbox 763 3091 927 3142; x_wconf 81' lang='lat' dir='ltr'>tribuendum</span> <span class='ocrx_word' id='word_1_328' title='bbox 940 3093 1003 3155; x_wconf 79' lang='lat' dir='ltr'>fuit,</span> <span class='ocrx_word' id='word_1_329' title='bbox 1023 3108 1098 3156; x_wconf 86' lang='lat' dir='ltr'>quum</span> 
     </span>
     <span class='ocr_line' id='line_1_36' title="bbox 127 3163 1096 3230; baseline -0.002 -17"><span class='ocrx_word' id='word_1_330' title='bbox 127 3163 192 3230; x_wconf 76' lang='lat' dir='ltr'>Bpii</span> <span class='ocrx_word' id='word_1_331' title='bbox 206 3166 234 3214; x_wconf 86' lang='lat' dir='ltr'>in</span> <span class='ocrx_word' id='word_1_332' title='bbox 248 3165 288 3213; x_wconf 84' lang='lat' dir='ltr'>ed.</span> <span class='ocrx_word' id='word_1_333' title='bbox 303 3174 334 3227; x_wconf 82' lang='lat'>5,</span> <span class='ocrx_word' id='word_1_334' title='bbox 348 3166 436 3214; x_wconf 83' lang='lat' dir='ltr'>atiena</span> <span class='ocrx_word' id='word_1_335' title='bbox 450 3164 515 3213; x_wconf 78' lang='lat' dir='ltr'>ltuec</span> <span class='ocrx_word' id='word_1_336' title='bbox 524 3180 541 3212; x_wconf 98' lang='lat' dir='ltr'>u</span> <span class='ocrx_word' id='word_1_337' title='bbox 554 3163 657 3213; x_wconf 78' lang='lat' dir='ltr'>Gaiano</span> <span class='ocrx_word' id='word_1_338' title='bbox 667 3166 876 3213; x_wconf 84' lang='lat' dir='ltr'>commentatione</span> <span class='ocrx_word' id='word_1_339' title='bbox 888 3164 1096 3212; x_wconf 84' lang='lat' dir='ltr'>essestutaentis.</span> 
     </span>
     <span class='ocr_line' id='line_1_37' title="bbox 130 3232 1097 3300; baseline -0.003 -16"><span class='ocrx_word' id='word_1_340' title='bbox 130 3235 194 3287; x_wconf 89' lang='lat' dir='ltr'>Post</span> <span class='ocrx_word' id='word_1_341' title='bbox 207 3237 320 3300; x_wconf 88' lang='lat' dir='ltr'>spatium</span> <span class='ocrx_word' id='word_1_342' title='bbox 336 3232 486 3285; x_wconf 85' lang='lat' dir='ltr'>‘Sciendum</span> <span class='ocrx_word' id='word_1_343' title='bbox 500 3241 583 3284; x_wconf 85' lang='lat' dir='ltr'>uatem</span> <span class='ocrx_word' id='word_1_344' title='bbox 598 3241 638 3284; x_wconf 87' lang='lat' dir='ltr'>est</span> <span class='ocrx_word' id='word_1_345' title='bbox 651 3251 702 3284; x_wconf 87' lang='lat' dir='ltr'>uon</span> <span class='ocrx_word' id='word_1_346' title='bbox 716 3249 801 3285; x_wconf 87' lang='lat' dir='ltr'>omnes</span> <span class='ocrx_word' id='word_1_347' title='bbox 811 3234 885 3284; x_wconf 83' lang='lat' dir='ltr'>nobis</span> <span class='ocrx_word' id='word_1_348' title='bbox 894 3248 993 3283; x_wconf 75' lang='lat' dir='ltr'>uuerco</span> <span class='ocrx_word' id='word_1_349' title='bbox 1002 3234 1097 3284; x_wconf 87' lang='lat' dir='ltr'>ducere</span> 
     </span>
    </p>
   </div>
   <div class='ocr_carea' id='block_1_4' title="bbox 128 3304 722 3372">
    <p class='ocr_par' dir='ltr' id='par_1_4' title="bbox 128 3304 722 3372">
     <span class='ocr_line' id='line_1_38' title="bbox 128 3304 722 3372; baseline -0.002 -16"><span class='ocrx_word' id='word_1_350' title='bbox 128 3304 220 3358; x_wconf 87' lang='lat' dir='ltr'>licere’</span> <span class='ocrx_word' id='word_1_351' title='bbox 237 3307 276 3358; x_wconf 87' lang='lat' dir='ltr'>ed.</span> <span class='ocrx_word' id='word_1_352' title='bbox 291 3305 339 3372; x_wconf 72' lang='lat'>139.</span> <span class='ocrx_word' id='word_1_353' title='bbox 396 3304 417 3372; x_wconf 79' lang='lat'>⁴)</span> <span class='ocrx_word' id='word_1_354' title='bbox 432 3305 643 3356; x_wconf 67' lang='lat' dir='ltr'>Enotuerunt.</span> <span class='ocrx_word' id='word_1_355' title='bbox 659 3305 722 3370; x_wconf 88' lang='lat' dir='ltr'>quia.</span> 
     </span>
    </p>
   </div>
   <div class='ocr_carea' id='block_1_5' title="bbox 127 3428 1099 3668">
    <p class='ocr_par' dir='ltr' id='par_1_5' title="bbox 127 3428 1099 3668">
     <span class='ocr_line' id='line_1_39' title="bbox 199 3428 1098 3528; baseline -0.013 -17"><span class='ocrx_word' id='word_1_356' title='bbox 199 3455 225 3528; x_wconf 63' lang='lat'>§-</span> <span class='ocrx_word' id='word_1_357' title='bbox 241 3462 283 3510; x_wconf 82' lang='lat' dir='ltr'>tc.</span> <span class='ocrx_word' id='word_1_358' title='bbox 305 3459 344 3524; x_wconf 76' lang='lat' dir='ltr'>Cf.</span> <span class='ocrx_word' id='word_1_359' title='bbox 364 3457 419 3521; x_wconf 82' lang='lat' dir='ltr'>Iltp.</span> <span class='ocrx_word' id='word_1_360' title='bbox 435 3469 456 3515; x_wconf 83' lang='lat'>5,</span> <span class='ocrx_word' id='word_1_361' title='bbox 471 3468 484 3506; x_wconf 73' lang='lat' dir='ltr'>a</span> <span class='ocrx_word' id='word_1_362' title='bbox 498 3472 550 3521; x_wconf 82' lang='lat' dir='ltr'>seq.</span> <span class='ocrx_word' id='word_1_363' title='bbox 597 3428 601 3434; x_wconf 92' lang='lat'><em>.</em></span> <span class='ocrx_word' id='word_1_364' title='bbox 624 3451 650 3522; x_wconf 64' lang='grc' dir='ltr'><strong>ξ.</strong></span> <span class='ocrx_word' id='word_1_365' title='bbox 666 3459 709 3508; x_wconf 79' lang='lat'>57.</span> <span class='ocrx_word' id='word_1_366' title='bbox 731 3455 770 3517; x_wconf 83' lang='lat' dir='ltr'>Of.</span> <span class='ocrx_word' id='word_1_367' title='bbox 785 3454 887 3503; x_wconf 79' lang='lat' dir='ltr'>iubatus</span> <span class='ocrx_word' id='word_1_368' title='bbox 901 3445 1023 3504; x_wconf 76' lang='lat' dir='ltr'>uoraestae</span> <span class='ocrx_word' id='word_1_369' title='bbox 1037 3454 1098 3502; x_wconf 84' lang='lat' dir='ltr'>mis-</span> 
     </span>
     <span class='ocr_line' id='line_1_40' title="bbox 127 3523 1099 3596; baseline -0.007 -17"><span class='ocrx_word' id='word_1_370' title='bbox 127 3532 223 3590; x_wconf 84' lang='lat' dir='ltr'>sionis,</span> <span class='ocrx_word' id='word_1_371' title='bbox 242 3547 307 3596; x_wconf 82' lang='lat' dir='ltr'>qaue</span> <span class='ocrx_word' id='word_1_372' title='bbox 326 3531 412 3580; x_wconf 76' lang='lat' dir='ltr'>adhuc</span> <span class='ocrx_word' id='word_1_373' title='bbox 431 3535 544 3578; x_wconf 78' lang='lat' dir='ltr'>exstuat.</span> <span class='ocrx_word' id='word_1_374' title='bbox 622 3523 668 3594; x_wconf 55' lang='grc' dir='ltr'>ἕξ</span> <span class='ocrx_word' id='word_1_375' title='bbox 688 3529 730 3578; x_wconf 83' lang='grc'><strong>58.</strong></span> <span class='ocrx_word' id='word_1_376' title='bbox 751 3528 784 3575; x_wconf 83' lang='grc'>59</span> <span class='ocrx_word' id='word_1_377' title='bbox 800 3547 833 3568; x_wconf 82' lang='lat'><em>=</em></span> <span class='ocrx_word' id='word_1_378' title='bbox 848 3527 871 3586; x_wconf 66' lang='grc' dir='ltr'><strong>ξ.</strong></span> <span class='ocrx_word' id='word_1_379' title='bbox 892 3538 912 3574; x_wconf 89' lang='lat' dir='ltr'>t.</span> <span class='ocrx_word' id='word_1_380' title='bbox 933 3525 954 3574; x_wconf 86' lang='lat' dir='ltr'>I.</span> <span class='ocrx_word' id='word_1_381' title='bbox 973 3526 1006 3575; x_wconf 84' lang='lat' dir='ltr'>de</span> <span class='ocrx_word' id='word_1_382' title='bbox 1025 3528 1099 3588; x_wconf 85' lang='lat' dir='ltr'>nupt.</span> 
     </span>
     <span class='ocr_line' id='line_1_41' title="bbox 127 3597 962 3668; baseline -0.006 -17"><span class='ocrx_word' id='word_1_383' title='bbox 127 3599 218 3668; x_wconf 85' lang='lat' dir='ltr'>(t,1o).</span> <span class='ocrx_word' id='word_1_384' title='bbox 244 3603 283 3667; x_wconf 77' lang='lat' dir='ltr'>Cf.</span> <span class='ocrx_word' id='word_1_385' title='bbox 302 3602 359 3667; x_wconf 84' lang='lat' dir='ltr'>Ulp.</span> <span class='ocrx_word' id='word_1_386' title='bbox 374 3613 395 3658; x_wconf 83' lang='lat'>5,</span> <span class='ocrx_word' id='word_1_387' title='bbox 410 3613 430 3654; x_wconf 81' lang='lat' dir='ltr'>a.</span> <span class='ocrx_word' id='word_1_388' title='bbox 456 3600 533 3648; x_wconf 85' lang='lat' dir='ltr'>Paul.</span> <span class='ocrx_word' id='word_1_389' title='bbox 549 3609 570 3655; x_wconf 80' lang='lat'>2,</span> <span class='ocrx_word' id='word_1_390' title='bbox 586 3608 619 3648; x_wconf 83' lang='lat' dir='ltr'>ts.</span> <span class='ocrx_word' id='word_1_391' title='bbox 640 3601 664 3660; x_wconf 66' lang='grc' dir='ltr'><strong>ξ.</strong></span> <span class='ocrx_word' id='word_1_392' title='bbox 679 3611 700 3652; x_wconf 85' lang='grc'>6,</span> <span class='ocrx_word' id='word_1_393' title='bbox 722 3597 811 3647; x_wconf 84' lang='lat' dir='ltr'>Gottut.</span> <span class='ocrx_word' id='word_1_394' title='bbox 827 3609 848 3658; x_wconf 82' lang='lat'>6,</span> <span class='ocrx_word' id='word_1_395' title='bbox 862 3608 883 3646; x_wconf 82' lang='grc'><strong>3.</strong></span> <span class='ocrx_word' id='word_1_396' title='bbox 903 3598 926 3658; x_wconf 66' lang='grc' dir='ltr'><strong>ἓ.</strong></span> <span class='ocrx_word' id='word_1_397' title='bbox 942 3611 962 3649; x_wconf 87' lang='lat'>1.</span> 
     </span>
    </p>
   </div>
   <div class='ocr_carea' id='block_1_6' title="bbox 0 0 1276 3909">
    <p class='ocr_par' dir='ltr' id='par_1_6' title="bbox 0 0 1276 3909">
     <span class='ocr_line' id='line_1_42' title="bbox 0 0 1276 3909; baseline 0 0"><span class='ocrx_word' id='word_1_398' title='bbox 0 0 1276 3909; x_wconf 95' lang='lat' dir='ltr'> </span> 
     </span>
    </p>
   </div>
  </div>
 </body>
</html>
