2542 3909
179 187 243 251 304
478 200 539 237 serr
557 199 658 236 rsrsrra.
675 179 726 237 ΙΙΙ.
745 187 855 237 'to-to.

179 362 237 403 rem
254 344 408 400 testamenti
422 342 540 400 ieciundi
554 343 596 398 ius
612 342 772 400 concedere.
801 337 849 398 78.
866 341 966 398 Eorum
981 357 1049 398 uero
1063 339 1148 415 bona,

180 431 241 501 qui,
261 428 286 484 si
306 443 361 484 non
383 429 410 483 in
431 427 524 500 aliquo
546 428 613 484 uitio
639 434 746 498 essem,
770 427 927 484 manumissi
952 425 1038 483 futuri
1059 424 1148 483 Latini

180 520 282 582 essent,
304 511 419 585 proinde
437 511 595 569 tribuuntur
609 513 742 585 patronis,
765 528 795 567 ac
810 511 833 566 si
849 511 934 567 batiui
949 511 1146 568 decessissent:

180 613 231 654 nec
245 612 288 652 me
303 599 454 670 praeterit,
472 613 528 654 non
544 598 609 654 satis
624 597 655 652 in
668 613 702 652 es
715 612 745 652 re
758 595 830 670 lepis
844 595 961 653 latorem
976 595 1146 652 uoluntatem

180 697 255 736 suam
271 680 362 738 uerbis
378 684 555 755 expressisse.

244 761 288 825 77.
312 765 455 824 Videamus
471 775 560 824 autem
578 775 605 822 et
626 765 659 822 de
675 782 708 822 ea
721 766 908 835 successione,
931 781 1004 838 quae
1019 764 1098 822 nobis
1115 783 1148 823 ex

180 851 319 925 emptione
339 850 472 908 bonorum
498 853 639 925 competit.
679 847 726 908 78.
748 850 1076 908 bonaautemusnennt
1098 859 1157 907 aut.

182 938 308 992 uiuorum
324 943 371 992 aut
383 944 566 994 mortuorum:
591 937 725 1004 uiuorum,
749 934 827 991 ueiut
842 951 947 1005 eorum,
971 936 1020 1008 qui
1039 934 1146 992 fraude·

180 1022 261 1080 tionis
283 1035 362 1078 cause
383 1020 491 1078 latitant
509 1037 560 1076 nec
580 1019 707 1076 absentes
727 1019 926 1088 defenduntur3
951 1021 1017 1076 item
1038 1036 1146 1090 eorum,

181 1107 228 1180 qui
244 1106 352 1179 exlege
368 1105 432 1162 iulia
448 1107 527 1164 bonis
542 1104 660 1179 cedunt;
675 1106 742 1160 item
756 1104 936 1162 iudicatorum
948 1112 1012 1178 post
1027 1113 1147 1178 tempus,

181 1191 252 1266 quod
269 1191 308 1246 eis
324 1191 421 1263 pertin
433 1190 495 1264 lege
507 1206 555 1248 111
566 1189 718 1247 tabularum
735 1190 834 1263 partim
853 1187 943 1244 edicto
962 1191 1097 1262 praetoris
1114 1190 1149 1246 ad

179 1273 373 1348 expediendam
393 1275 535 1348 pecuniam
557 1273 695 1332 tribuitur.
734 1282 904 1331 mortuorum
923 1271 994 1330 bona
1014 1282 1148 1347 aeneunt,

180 1359 378 1430 delusorum,
395 1359 492 1432 quibus
508 1368 612 1416 certum
628 1367 671 1416 est
682 1375 772 1431 neque
782 1357 898 1416 heredes
907 1374 998 1432 usque
1009 1357 1146 1416 bonorum

114 1451 171 1503 148.
181 1457 356 1518 possessores
372 1459 460 1516 neque
476 1442 562 1500 ullum
575 1442 659 1515 atium
678 1439 683 1517 Ι
701 1444 804 1500 iustum
818 1459 1006 1500 suscessorem
1019 1445 1146 1502 existere.

179 1524 229 1586 79.
244 1525 308 1602 (Et)
321 1529 345 1583 si
356 1528 466 1601 quidem
482 1529 538 1584 uiui
549 1526 620 1584 bona
631 1538 756 1598 ueneant,
775 1530 852 1586 iubet
863 1544 895 1584 aa
906 1537 1018 1602 praetor
1029 1545 1078 1603 per
1089 1528 1150 1585 dies

181 1613 327 1670 continuos
347 1629 411 1670 xxx
432 1612 567 1686 possideri
587 1620 617 1668 et
635 1612 778 1685 proscribi,
801 1614 825 1670 si
841 1627 909 1668 uero
930 1614 1042 1686 mortui,
1063 1606 1144 1686 'per¹
1157 1621 1211 1674 [22⁷1

181 1698 239 1754 dies
254 1713 312 1765 xv;
331 1704 427 1770 postea
446 1695 523 1764 iubet
543 1697 692 1776 conuenire
711 1698 861 1755 creditores
881 1706 910 1754 et
925 1715 958 1753 er
978 1714 1146 1755 annumero
1259 1690 1260 1693 ’

182 1782 343 1855 magistrum
359 1783 452 1852 creari,
472 1781 500 1838 id
516 1789 558 1839 est
573 1797 645 1847 euin,
663 1797 713 1856 per
729 1799 809 1857 quem
824 1782 894 1839 bona
908 1792 1040 1840 ueneant:
1055 1785 1148 1857 itaque

111 1859 114 1864 ’
183 1867 205 1922 si
220 1867 279 1922 uiui
293 1865 363 1922 bona
380 1874 505 1937 ueneant,
524 1865 560 1924 ’in
576 1866 672 1924 diebus
688 1863 828 1944 (xtepem
848 1867 987 1926 bonoram
1020 1869 1146 1924 uenden-

187 1953 286 2009 dorum
307 1944 391 2029 fiairi²
407 1951 499 2024 iubet,
513 1953 538 2008 si
553 1954 664 2025 mortui,
685 1954 713 2010 in
728 1951 833 2010 ’delius
851 1946 898 2008 Vi.
928 1947 988 2028 (die
1017 1945 1148 2011 tandem4

253 2090 273 2154 1)
288 2093 334 2142 Ex
353 2091 444 2146 Go'sct.
465 2098 498 2160 ai.
514 2111 583 2145 nanc
602 2099 680 2145 etiam
697 2097 736 2146 ed.
751 2094 825 2146 Stra.
845 2103 901 2160 post
920 2095 946 2146 0.
966 2103 1069 2146 ceterae
1087 2095 1147 2145 edd.

180 2161 202 2233 ²)
217 2163 262 2214 Eas
276 2181 331 2216 mea
346 2169 379 2231 ej.
394 2163 533 2233 (‘Neaam’
545 2183 573 2230 p.
588 2165 639 2232 153)
654 2169 766 2216 restitui.
797 2167 851 2217 Nec
866 2175 933 2217 muto
947 2168 1098 2216 sententiam
1113 2183 1148 2216 eac

185 2233 242 2297 W,
262 2239 289 2286 in
309 2253 358 2302 qao
377 2236 519 2304 (referente
533 2239 584 2286 iarn
599 2236 723 2302 Kritpero
737 2238 800 2287 ierit.
820 2237 954 2288 Versacne
963 2255 992 2302 p.
1007 2236 1057 2303 ist)
1072 2244 1110 2287 est
1124 2239 1148 2286 in

180 2309 282 2358 diebnsu
297 2310 357 2367 iieri,
372 2309 442 2372 qnod
455 2309 614 2371 interpretor
629 2311 669 2358 ael
684 2311 791 2375 corripo
810 2310 834 2359 in
854 2309 917 2360 dieb.
932 2309 967 2374 (x.
982 2311 998 2358 Ι.
1014 2307 1049 2374 b.)
1065 2317 1080 2357 n
1095 2309 1147 2357 iieri

179 2402 213 2423 =
227 2375 405 2443 ποιήσασθαι
419 2380 496 2440 legem
509 2379 626 2430 bonorum
640 2381 819 2431 vendendorum
837 2380 962 2444 Tbenpb„
982 2396 1032 2445 quo
1047 2381 1149 2430 iniuria

175 2450 356 2516 flocaibabito,
377 2448 486 2514 Kritper
504 2449 587 2499 scribi
604 2453 660 2501 cuit
677 2453 702 2500 in
721 2452 805 2501 diebus
819 2467 838 2502 x
854 2452 972 2500 bonorum
985 2451 1148 2500 venditionem

179 2522 239 2571 sieri,
268 2519 321 2570 Sed
338 2536 417 2586 aepre
434 2519 516 2570 Gaias
535 2522 642 2571 eandem
655 2539 710 2573 rem
726 2523 898 2572 diversimode
912 2523 1075 2586 sipnificasse
1089 2537 1146 2572 ere-

178 2592 259 2650 ditur,
270 2593 383 2654 primam
398 2590 483 2640 verbis
498 2592 615 2642 bonorum
629 2594 791 2643 venditionem
806 2593 866 2655 fieri,
877 2599 970 2655 postea
984 2593 1047 2641 bona
1058 2593 1145 2642 addici.

180 2659 202 2727 ³)
217 2663 241 2710 in
251 2662 349 2711 dimidio
360 2663 446 2712 diebus
461 2658 513 2710 pst,
538 2661 618 2714 Omisi
627 2681 649 2714 υ.
661 2665 769 2726 dimidio,
780 2665 850 2728 qaod
858 2665 905 2712 oisc
917 2662 1045 2714 Gaianam
1054 2678 1068 2712 e
1077 2680 1148 2713 mar-

177 2734 239 2798 pine
258 2734 400 2796 inrepsisse
419 2735 447 2782 in
466 2731 556 2796 ipsane
567 2738 711 2786 orationem
729 2736 847 2791 videtum·
867 2749 897 2784 eo
916 2735 983 2782 enim
1001 2741 1148 2793 corrector,

179 2811 207 2853 at
224 2811 301 2867 pato,
321 2819 372 2854 non
390 2805 456 2853 satis
473 2805 570 2856 babens
588 2807 739 2856 adscribere
759 2821 787 2868 u,
807 2820 872 2869 qaae
892 2812 952 2854 nota
972 2805 1046 2852 narie
1060 2806 1149 2868 accipi

174 2882 289 2939 poterat,
303 2877 455 2942 sipnilicare
465 2879 554 2936 uoiait,
569 2879 703 2927 dimidiam
713 2878 770 2926 eius
782 2877 883 2925 numeri
896 2875 1006 2933 dieram,
1020 2875 1066 2939 qui
1075 2883 1147 2926 ante-

179 2955 305 3006 cesserat,
320 2947 469 3012 ponendam
484 2963 552 3005 esse,·
572 2951 673 2999 scilicet
688 2948 773 2997 diebus
790 2947 917 2997 librarius
931 2946 1068 3012 archetypi
1083 2950 1148 2997 maie

174 3034 227 3082 pro
242 3019 306 3069 dieb.
321 3028 336 3068 u
349 3021 502 3083 scripserat.
533 3019 600 3068 Edd.
615 3033 635 3070 1.
651 3032 672 3070 2.
686 3019 859 3082 scripseram:
873 3018 959 3067 diebus
972 3033 998 3082 v,
1018 3033 1035 3067 a
1049 3018 1147 3083 quibas.

178 3088 232 3139 Sed
244 3105 293 3140 sna
306 3097 396 3155 sponte
411 3092 580 3156 intellepitar,
599 3092 745 3141 vicesimum
760 3092 800 3140 aei
813 3091 939 3141 decimum
953 3090 1029 3150 diem,
1050 3091 1096 3155 qui
1107 3105 1148 3139 se-

179 3162 276 3225 quitur,
290 3161 323 3212 ab
337 3163 439 3212 exactis
454 3165 477 3208 Χ
489 3164 528 3211 aet
546 3165 566 3205 V
576 3161 667 3212 diebus
685 3163 872 3212 numerandam
888 3177 951 3212 esse.
985 3163 1007 3211 si
1021 3161 1108 3212 mortni
1124 3162 1148 3210 in

178 3231 286 3285 dimidio.
324 3233 412 3282 Diebus
428 3233 507 3296 itaque
521 3248 557 3282 es
571 3235 603 3296 ej.
619 3233 669 3282 Kr.
684 3232 809 3284 ed.Stad.
842 3233 890 3285 Ubi
903 3235 1002 3297 duplex
1012 3234 1092 3296 iisqne
1102 3233 1149 3281 nio>

175 3303 248 3366 ferri
257 3311 357 3366 potest,·
368 3305 447 3367 prins
461 3311 531 3354 recte
549 3303 629 3355 Gaias
640 3307 742 3369 posuit,
758 3307 820 3371 qaia
835 3313 940 3357 creatas
953 3306 1085 3371 mapister,
1097 3319 1148 3366 per

178 3389 251 3438 quern
269 3373 336 3423 bona
354 3381 476 3437 veneant,
496 3375 630 3426 desiderat
648 3380 728 3444 tepent
747 3377 770 3428 b.
785 3395 809 3428 a.
883 3374 906 3444 ⁴)
922 3378 991 3444 iteret<
1009 3376 1038 3425 V
1038 3371 1059 3408 ⁸²
1080 3375 1150 3440 qaod

250 3495 277 3566 ᾗ.
294 3501 334 3550 77.
357 3498 394 3561 Of.
415 3510 440 3562 t,
459 3510 493 3550 98.
513 3515 557 3563 pr.
573 3499 595 3550 I.
610 3502 643 3552 rie
656 3518 726 3554 saca.
746 3503 810 3554 sabi.
832 3502 868 3570 (e,
882 3501 927 3569 lt).
965 3502 1004 3552 De
1022 3501 1148 3566 privatim

177 3569 253 3632 facta
267 3570 415 3619 venditione
430 3569 554 3622 bonorum
568 3572 600 3622 L.
616 3586 651 3627 er.
670 3577 693 3638 g.
708 3586 730 3627 ε.
756 3576 789 3627 D,
808 3577 840 3626 de
856 3575 931 3625 cond,
946 3573 1031 3624 inm,
1050 3571 1100 3637 (η,
1113 3571 1147 3635 6).
