2542 3909
171 222 230 280 116
521 229 543 265 o.
562 228 657 263 armos
676 226 777 264 emmo.

170 360 263 414 litoius
277 359 305 412 iu
320 356 514 412 commentario
529 354 562 410 de
576 354 681 410 iudiciis
693 352 807 427 publicis
818 352 890 410 bello
902 352 1019 410 Poenico
1030 355 1129 427 primo,

170 440 250 496 Fabio
272 438 364 496 Licino
387 448 415 495 et
437 437 550 495 Otacilio
572 437 669 494 Crasso
692 436 857 494 consulibus.
880 467 918 477 —
940 436 1008 493 Gell.
1033 438 1083 509 10,
1100 439 1128 499 6.

232 603 262 664 3.
286 606 338 662 Sed
366 606 440 681 quod
466 608 503 662 ait
531 585 708 679 (sc.⁰Varro)‚
736 605 1000 661 senatusconsultum
1023 605 1129 661 duobus

170 691 256 746 modis
271 689 330 746 lieri
344 690 445 763 solere,
460 697 506 746 aut
521 690 681 763 conquisitis
696 691 837 746 sententiis
858 698 906 746 aut
925 706 973 763 per
988 689 1186 756 discessio-[51]

170 790 242 846 nem,
257 791 353 849 parum
368 776 514 831 conuenire
531 774 639 829 uidetur
653 790 712 830 cum
730 789 772 844 eo,
795 774 869 847 quod
884 775 977 829 Ateius
993 772 1086 846 Capito
1103 776 1130 830 in

171 859 351 915 coniectaneis
374 860 505 932 scriptum
520 857 640 931 reliquit.
664 857 729 913 Nam
744 859 771 914 in
785 857 856 913 libro
871 849 982 913 'vliltl
1010 857 1131 913 Tubero-

169 942 240 997 nem'
251 942 341 999 dicere
363 943 408 1014 ait,
430 942 534 998 nullum
555 941 821 997 senatusconsultum
836 939 894 997 lieri
909 957 991 1015 posse
1007 958 1061 997 nou
1077 941 1132 997 dis·

169 1028 294 1083 cessione
308 1027 389 1097 lacta,
405 1028 467 1100 quia
487 1028 514 1080 iu
534 1025 659 1081 omnibus
674 1026 930 1094 senatusconsultis,
949 1027 1030 1081 etiam
1046 1028 1072 1081 ln
1088 1027 1131 1097 iis,

170 1126 239 1184 quae
260 1126 309 1184 per
326 1110 484 1167 relationem
499 1108 607 1179 fierent,
622 1109 752 1165 discessio
768 1117 840 1164 esset
855 1110 1014 1165 necessaria.
1049 1109 1132 1182 idque

169 1195 229 1266 ipse
244 1194 336 1267 Capito
352 1210 447 1249 uerum
462 1210 522 1249 csse
537 1192 661 1249 allirmat.
675 1222 714 1233 -
730 1191 797 1249 Gell.
815 1191 865 1263 14,
884 1194 912 1249 7.
928 1192 977 1265 88.
995 1192 1043 1249 12.
1062 1192 1108 1249 13.

233 1274 264 1334 4.
285 1276 319 1333 ll.
344 1287 432 1332 autem
454 1276 538 1332 Varro
560 1277 588 1332 iu
610 1284 708 1350 quarto
728 1277 928 1350 epistolicarum
944 1279 1133 1350 quaestionum

171 1368 201 1415 et
214 1361 310 1416 Ateius
325 1359 419 1433 Capito
434 1362 462 1415 iu
476 1361 715 1417 coniectaneorum
730 1354 836 1418 ’Vllll.¹
854 1360 896 1416 ius
917 1377 978 1416 esse
992 1361 1132 1434 praelecto

171 1439 222 1519 (sc.
239 1444 300 1500 urbi
314 1443 466 1499 Latinarum
481 1460 561 1499 causa
576 1440 683 1517 relicto)
700 1453 822 1501 senatum
834 1443 950 1501 habendi
960 1443 1070 1513 dicunt3
1086 1444 1133 1511 sle·

171 1544 224 1601 que
244 1544 275 1585 ea
294 1544 325 1583 re
340 1527 484 1583 adsensum
498 1543 558 1583 esse
573 1526 666 1601 Capito
682 1525 868 1598 (Varrolnem
884 1527 1020 1584 Tuberoni
1037 1538 1132 1587 eontra

169 1612 331 1669 sententiam
346 1611 415 1667 lunii
430 1610 531 1667 refert:
547 1608 620 1667 ‘nam
635 1619 664 1667 et
675 1606 813 1683 tribunis’‚
829 1614 925 1687 inquit,
943 1611 1039 1685 ‘plebis
1052 1628 1130 1669 sena·

170 1704 215 1752 tus
236 1693 350 1751 babeudi
369 1696 410 1751 ius
431 1703 504 1766 erat,
527 1711 687 1768 quamquam
716 1704 855 1752 senatores
878 1712 933 1753 noa
955 1704 1132 1753 assentante

170 1780 288 1835 Atinium
303 1777 499 1851 plebiscitum’.
515 1807 554 1819 -
570 1778 639 1834 Gell.
660 1778 707 1850 14,
723 1779 753 1835 8.
769 1780 797 1851 S.
814 1779 842 1836 2.

233 1858 262 1919 b.
284 1861 350 1936 legi
368 1862 436 1918 adeo
451 1878 539 1936 nuper
555 1862 583 1918 in
594 1861 731 1935 Capitonis
744 1865 814 1919 Ateii
830 1864 1010 1920 coniectaueis
1021 1869 1132 1919 senatus

171 1948 310 2004 decretum
331 1954 411 2002 uetus
431 1945 460 2003 C.
477 1946 575 2003 Fannio
596 1954 624 2001 et
645 1946 678 2002 ll.
696 1946 799 2003 Valerio
814 1946 935 2003 blessalla
955 1940 1133 2004 consulibus²

171 2031 281 2099 laetum,
299 2032 327 2085 in
344 2047 399 2103 quo
417 2029 543 2086 iubentur
560 2032 695 2103 principes
708 2032 836 2101 ciuitatis,
852 2032 899 2105 qui
910 2026 981 2087 ludis
995 2030 1134 2104 Megalen-

171 2114 245 2171 sibus
264 2115 375 2187 aatiquo
395 2116 451 2170 ritu
470 2116 637 2185 mutilarent,
653 2114 680 2169 id
696 2123 739 2171 est
755 2123 848 2171 mutua
865 2116 936 2171 inter
944 2132 1005 2171 sese
1015 2113 1134 2171 dominia

171 2200 317 2273 agitarent,
333 2201 423 2255 iurare
438 2198 509 2273 apud
530 2197 657 2255 consules
674 2198 763 2254 uerbis
783 2198 931 2271 conceptis,
949 2214 1003 2254 non
1017 2198 1134 2272 amplius

171 2286 199 2339 iu
214 2283 336 2357 singulas
351 2299 431 2339 cenas
449 2288 575 2355 sumptus
596 2299 657 2339 esse
673 2281 805 2353 facturos,
821 2298 900 2356 quam
918 2292 1048 2337 centenos
1059 2282 1134 2339 uice·

170 2383 277 2440 nosque
297 2367 367 2422 aeris
387 2373 496 2439 praeter
510 2364 571 2421 olus
586 2374 615 2420 et
629 2365 671 2421 lar
685 2374 714 2421 et
728 2367 831 2437 omum,
853 2381 941 2439 neque
958 2368 1023 2421 uino
1039 2366 1134 2422 alieni·

172 2466 251 2524 gena,
267 2449 315 2505 sed
329 2450 433 2522 patriae
448 2464 557 2518 usuros,
573 2464 662 2522 neque
676 2450 781 2523 argenti
791 2451 818 2505 in
828 2449 956 2506 conuiuio
967 2448 1029 2523 plus
1040 2450 1133 2523 pondo

171 2549 250 2607 quam
265 2532 348 2588 libras
363 2540 472 2588 centum
485 2530 629 2589 inlaturos.
645 2558 687 2571 -
702 2531 768 2592 Gell.
784 2533 814 2604 2,
830 2533 881 2590 24.
898 2533 926 2604 S.
944 2531 973 2589 2.

244 2703 265 2771 ¹)
278 2703 339 2769 (eol)
352 2703 414 2753 vtltt
423 2704 464 2753 d.
473 2703 563 2755 Hertz.
574 2702 692 2754 cetvuu
706 2703 756 2770 (nel
765 2705 927 2755 ducentesimo
937 2705 1133 2769 quinquagesimo

171 2777 245 2841 nono)
258 2775 317 2827 edd.
331 2775 500 2838 antiquiores.
522 2771 596 2835 Quod
604 2777 737 2839 quominus
746 2767 910 2835 retineamus,
924 2777 952 2825 in
961 2779 1018 2827 sola
1032 2778 1134 2841 quidem

172 2847 273 2896 numeri
285 2845 462 2911 magnitudine
470 2846 562 2896 borum
571 2844 696 2896 librorum
710 2849 782 2896 nulla
796 2846 898 2896 uidetur
912 2862 967 2897 esse
981 2846 1133 2910 difficultas.

173 2918 400 2968 Coniectaneorum
409 2916 476 2965 enim
485 2916 682 2979 eadempoterat
691 2918 916 2981 essesipnificatio‚
927 2918 1133 2982 utDipestbrum

171 2990 200 3038 in
214 3002 279 3051 quae
289 2989 409 3051 plerique
415 2989 464 3036 alii
473 2987 544 3044 libri,
553 2988 608 3037 suis
617 2988 701 3037 titulis
715 2988 842 3053 insipniti,
853 2988 1055 3047 coniicerentur,
1066 2990 1134 3037 sicut

171 3065 197 3108 et
214 3056 280 3107 liber
299 3057 375 3107 VIII.
394 3064 454 3107 erat
465 3058 498 3107 de
508 3057 623 3121 publicis
641 3058 749 3108 iudiciis
767 3056 844 3122 (nam.
860 3056 891 3123 ι).
923 3058 961 3121 Of.
977 3074 1043 3107 nunt.
1059 3070 1079 3109 s.
1095 3058 1132 3108 M.

171 3129 283 3179 Antistii
295 3128 433 3178 Labeonis.
462 3128 498 3177 Et
511 3135 632 3193 quanmm
645 3130 783 3192 scripserit
801 3127 893 3178 Ateius
913 3128 1003 3191 Capito
1022 3129 1134 3179 diuersi-

172 3200 261 3251 modae
271 3200 414 3257 doctrinae,
420 3201 496 3249 etiam
505 3214 540 3248 ea
546 3199 629 3249 Plinii
639 3199 768 3249 indicibus
773 3198 898 3249 librorum
903 3201 1055 3248 existimare
1065 3201 1132 3249 licet.

171 3270 225 3321 Sed
235 3277 305 3320 recte
318 3271 409 3319 docuit
420 3269 554 3331 Hertat'us,
569 3268 624 3318 CCL
638 3277 724 3319 natum
737 3284 791 3319 esse
804 3285 838 3319 ex
848 3270 884 3318 eol
893 3268 932 3335 (ut
945 3276 983 3319 est
998 3271 1024 3317 in
1039 3272 1134 3333 optimo

172 3341 239 3392 libro
253 3339 322 3406 ms),
337 3356 385 3405 qno
400 3342 670 3405 quissipnificaaerat‚
680 3343 777 3390 rectius
788 3340 904 3403 sortasse
918 3341 1135 3390 collectaneorum

171 3413 227 3463 dici
236 3410 372 3477 libros(cs.
387 3409 644 3476 Gai.t‚151in.)‚nec
657 3413 823 3461 collatonum.
837 3422 871 3461 18.
880 3409 1057 3469 dubitandum,
1072 3413 1134 3476 puin

172 3481 252 3547 (quod
269 3481 431 3532 Merclslinus
448 3480 523 3547 uidit)
541 3482 585 3531 bic
604 3480 694 3530 VIIII
703 3483 926 3532 coniectaneorum
945 3480 1010 3530 liber
1021 3483 1134 3545 proprie

172 3554 313 3615 inscriptas
323 3553 408 3614 fuerit
422 3552 453 3603 de
467 3553 555 3616 officio
568 3553 707 3601 senatorio.
738 3548 759 3617 ²)
774 3567 798 3601 a.
814 3568 837 3600 u.
853 3562 900 3603 aaa.
