2542 3909
431 249 497 286 rvmr
510 247 605 285 raum
619 249 691 284 aena.
710 229 730 283 I.
745 227 784 283 tib.
800 235 824 284 t.
1036 229 1100 293 461

149 378 247 435 archae
262 385 290 434 ct
304 379 453 434 stationarii
467 378 599 452 fugitiuos
615 377 799 451 deprehensos
814 385 888 434 recte
907 378 934 432 in
953 372 1103 434 ’custodia¹

149 464 279 519 retinent.
323 458 352 517 4.
383 461 554 535 Magistratus
580 460 755 536 municipales
779 460 812 517 ad
834 460 951 518 cilicium
972 460 1102 534 praesidis

149 547 308 620 prouinciae
322 544 366 602 uei
381 545 553 618 proconsulis
563 546 777 619 comprehensos
790 544 922 619 fugitiuos
934 553 1007 602 recte
1020 554 1104 601 trans·

150 632 273 686 mittunt.
315 625 343 690 6.
368 621 505 703 ²anitiui
527 631 555 686 in
577 628 667 685 fundis
683 628 816 685 iiscaiibus
833 631 925 702 quaeri
940 638 967 686 et
983 645 1105 703 compre·

150 713 232 770 bendi
247 721 373 787 possunt.
410 708 439 769 6.
463 706 607 787 ³i'ugitini,
622 715 669 787 qui
684 731 698 770 a
714 713 823 769 domino
839 729 894 768 non
910 722 1105 786 agnoscuntur,

150 813 201 870 per
216 795 335 853 oiiioium
353 797 481 870 praefecti
503 797 616 870 uigilum
636 797 834 854 distrahuntur.
870 792 897 853 7.
920 797 992 852 intra
1013 796 1106 852 ’trien-

150 873 246 937 nium⁴
261 880 424 938 uenditionis
444 882 529 954 agniti
550 881 659 955 iugitiui
679 887 785 953 emptor
806 880 923 954 pretium
945 896 960 935 a
981 878 1048 936 fisco
1064 895 1105 936 re·

150 965 242 1038 cipere
256 973 359 1038 potest.

374 1151 434 1191 rur.
449 1128 507 1193 η’.
536 1151 578 1191 uu
593 1148 665 1191 nme
680 1128 882 1192 rusurrvrrs.⁵

186 1248 232 1330 [L.
249 1252 329 1324 bpr.
345 1251 394 1325 38.
411 1253 440 1310 1.
457 1252 485 1309 2.
502 1252 532 1310 3.
548 1251 576 1313 4.
600 1251 634 1308 D.
653 1253 692 1308 od
705 1249 757 1308 Sd.
777 1253 897 1324 Turpill.
914 1244 981 1332 (48,
998 1247 1072 1330 lbi]

215 1332 240 1394 l.
264 1329 321 1391 6be
336 1337 377 1392 bis
394 1335 563 1407 criminibus,
588 1335 685 1410 quibus
702 1338 761 1411 quis
777 1335 916 1393 absolutus
933 1345 991 1408 est,
1014 1336 1046 1391 ab
1062 1351 1105 1408 eo,

153 1422 200 1494 qui
226 1422 375 1492 accusauit,
407 1419 527 1476 refricari
554 1421 688 1477 accusando
723 1437 777 1476 non
806 1427 908 1494 potest.
953 1415 980 1476 2.
1004 1411 1106 1475 ⁷Filius

152 1504 317 1560 accusatoris
338 1505 361 1560 si
384 1503 437 1560 hoo
451 1506 569 1576 crimen,
592 1503 665 1576 quod
687 1513 763 1580 pater
777 1503 907 1574 intendit,
932 1511 995 1577 post
1010 1501 1106 1560 libera·

151 1597 210 1644 tum
233 1603 308 1643 reum
330 1589 456 1661 persequi
484 1587 566 1657 uelit,
594 1585 626 1642 nh
655 1588 824 1645 accusatione
850 1587 1031 1644 remouendus
1054 1593 1105 1644 est.

156 1669 187 1730 3.
210 1666 338 1744 ⁸Crimeu,
354 1673 380 1727 in
396 1688 451 1745 quo
467 1671 534 1727 alins
550 1671 654 1727 destitit
669 1672 713 1728 uel
729 1673 818 1727 uictus
832 1673 954 1742 recessit,
977 1671 1044 1727 alius
1060 1669 1106 1727 ob·

152 1757 237 1812 iioere
251 1771 306 1811 non
321 1755 489 1829 prohibetur.
775 1758 796 1792 θ

340 1833 387 1914 [L.
404 1837 453 1895 44.
475 1839 511 1900 D.
528 1841 562 1896 de
576 1843 640 1897 iure
654 1841 721 1911 fisci
736 1835 800 1911 (49,
818 1833 898 1915 14).]

325 2027 388 2070 rlr.
403 2027 460 2069 vn.
491 2027 533 2068 nt:
548 2024 679 2069 inritent
694 2023 935 2068 RESTITVTIONE.

215 2126 239 2186 1.
272 2130 372 2202 iutegri
399 2131 537 2186 restitutio
565 2139 608 2186 est
634 2127 857 2202 redintegrandae
885 2130 924 2184 rei
946 2120 991 2185 uei
1012 2143 1107 2185 causae

154 2215 235 2272 actio.
263 2208 293 2272 2.
311 2207 437 2287 ¹⁰integri
452 2214 652 2270 restitutionem
667 2219 777 2286 praetor
787 2210 884 2268 tribuit
898 2227 931 2268 er
946 2211 988 2268 his
1004 2213 1106 2269 causis:

155 2313 224 2372 quae
238 2313 287 2372 per
302 2305 413 2368 metum,
430 2296 539 2367 doinm,
555 2298 592 2354 'et
605 2305 693 2354 statua
708 2296 949 2370 permutationem,
966 2303 993 2352 et
1006 2297 1107 2352 iustum

83 2374 319 2452 [aeeaerrorem¹¹
343 2388 372 2436 et
392 2379 539 2436 absentiam
554 2380 742 2447 necessariam,
766 2387 793 2436 et
807 2377 989 2436 infirmitatem
1012 2382 1107 2437 aetatis

155 2474 231 2540 gesta
245 2480 306 2520 ease
321 2464 456 2520 dicuutur.
493 2461 522 2523 3.
547 2458 678 2538 ¹²1ntegri
693 2464 831 2520 restitutio
847 2462 908 2538 pins
924 2479 1003 2537 qulam
1024 2464 1107 2520 semel

228 2665 248 2733 ²)
263 2667 324 2733 Dap.
338 2665 471 2717 custodiam
486 2667 532 2717 cd.
551 2667 609 2718 Ver.
619 2667 678 2718 edd.
721 2663 742 2734 ¹)
759 2668 797 2732 Of.
809 2667 840 2717 L.
851 2679 872 2720 a.
887 2668 985 2719 Decri.
1030 2664 1052 2734 ⁸)
1068 2668 1107 2732 Of.

155 2739 187 2788 L.
200 2751 224 2790 t
242 2738 275 2788 D.
288 2739 322 2788 de
335 2739 403 2802 offic.
414 2739 502 2802 praef.
517 2739 567 2804 oip.
582 2737 614 2803 (1.
629 2737 673 2803 15).
688 2738 720 2787 L.
731 2751 751 2789 t.
766 2741 790 2800 ὅ.
805 2750 826 2790 8.
845 2737 877 2788 D.
893 2739 925 2788 de
931 2739 1010 2805 sapit.
1020 2737 1065 2805 (11,
1075 2739 1107 2805 4).

156 2805 179 2875 ⁴)
192 2809 235 2858 An
249 2808 430 2874 quadriennium
444 2807 490 2874 (ec.
505 2811 687 2873 exscriptore
700 2801 852 2875 aidriennium
863 2816 890 2859 ut
899 2820 921 2869 t,
931 2821 964 2862 18.
979 2812 1017 2873 ἓξ.
1029 2822 1049 2860 1.
1059 2810 1109 2875 t.)?

156 2879 195 2943 Of.
211 2879 244 2932 L.
258 2892 279 2931 ι.
295 2880 321 2929 0.
336 2880 368 2929 dc
381 2879 474 2943 quadr.
484 2894 605 2943 praescr.
619 2878 652 2945 (t.
665 2879 710 2947 tt).

229 2949 278 3000 dit.
297 2946 361 3000 1⁷1⁸.
399 2947 421 3015 ³)
435 2951 452 2998 i.
467 2965 489 2999 c.
503 2952 627 3001 accurari
641 2951 746 3016 coeptis.
771 2950 810 3014 Cf.
825 2950 857 3000 L.
872 2962 906 3001 ιι.
921 2951 944 3011 ξ.
959 2961 979 3002 t.
994 2949 1026 2998 D.
1041 2950 1077 3000 ud
1091 2953 1107 2999 t.

154 3019 204 3072 Iat.
219 3021 251 3071 de
265 3021 345 3070 adult
359 3019 404 3085 (cs,
418 3017 449 3084 t).
468 3020 500 3070 Ι..
514 3031 548 3073 ns.
563 3023 586 3083 6.
601 3033 622 3072 t.
641 3021 674 3070 D.
689 3022 721 3071 de
735 3021 808 3084 inoff.
822 3027 878 3070 teet.
894 3017 925 3086 (c.
935 3019 966 3082 a).
986 3020 1107 3069 destitutis

154 3093 188 3155 ej.
203 3091 292 3142 Caice.
338 3087 360 3156 ο)
377 3091 415 3155 Os.
427 3090 479 3141 Gic.
491 3091 754 3154 procaeitatem.
773 3091 805 3140 L.
816 3092 867 3152 ab
886 3102 907 3140 a.
926 3089 958 3138 D.
973 3089 1006 3138 de
1019 3105 1106 3140 accae.

155 3161 200 3227 (a,
214 3160 247 3226 a).
307 3158 328 3228 ¹)
343 3162 382 3226 Of.
397 3161 429 3210 L.
443 3173 464 3213 t.
478 3163 503 3225 fi.
517 3174 537 3214 t.
557 3162 589 3211 D.
604 3163 637 3212 de
650 3177 738 3215 accur.
754 3161 798 3226 (48,
812 3159 844 3227 t).
905 3155 925 3225 ⁸)
942 3159 980 3222 CY.
997 3159 1049 3210 Cic.
1064 3162 1107 3210 ud.

157 3231 187 3292 Q.
198 3232 238 3296 fr.
252 3244 273 3291 a,
287 3243 309 3284 t.
322 3234 346 3295 δ.
362 3244 383 3285 t.
402 3231 505 3283 Sueton.
521 3232 615 3283 Domit.
629 3245 650 3284 8.
665 3233 697 3282 L.
713 3244 733 3284 t.
748 3234 771 3294 ξ.
786 3243 806 3282 a.
825 3230 858 3278 D.
873 3229 905 3279 de
919 3243 1006 3279 occur.
1021 3228 1066 3299 (48,
1076 3230 1107 3296 a).

155 3303 187 3355 L.
201 3314 223 3355 t.
239 3304 264 3364 fi.
277 3316 298 3354 ι.
317 3303 350 3352 D.
365 3303 397 3352 de
406 3317 531 3368 praecor.
547 3302 592 3371 (it,
606 3301 651 3369 tt).
679 3303 718 3353 De
731 3303 868 3353 desistente
881 3300 913 3348 L.
923 3312 944 3350 4.
959 3301 982 3362 ς,
994 3313 1014 3351 1.
1029 3301 1109 3350 Ded

153 3371 202 3424 SC.
220 3373 299 3437 Lirrp.
314 3373 359 3440 (48,
373 3372 417 3439 tt).
436 3374 588 3437 L.11.§.a.
606 3373 640 3423 D.
654 3374 687 3424 de
700 3388 785 3425 accur.
801 3370 845 3438 (aa,
855 3369 885 3436 a).
938 3365 959 3436 ⁹)
976 3370 1014 3434 Of.
1029 3370 1061 3421 L.
1074 3382 1107 3422 tt.

151 3459 195 3507 pr.
209 3444 242 3494 r.
257 3445 289 3494 ae
304 3446 322 3496 r.
333 3446 394 3508 fisos
406 3443 451 3509 (n.
466 3444 510 3509 u).

228 3514 277 3564 dit.
292 3515 353 3565 VII.
389 3511 421 3581 ¹⁰)
438 3516 476 3580 Cf.
491 3516 522 3565 J..
534 3527 554 3566 1.
565 3527 584 3566 a.
600 3515 633 3564 Ι),
648 3516 680 3566 de
694 3516 720 3564 in
735 3515 780 3564 int.
791 3519 851 3562 rect.
867 3510 898 3576 (e,
909 3510 939 3576 ι).
1003 3508 1036 3579 ¹¹)
1051 3511 1106 3562 Ecc-

152 3592 223 3635 atont
235 3593 332 3636 mutata
345 3587 373 3636 in
387 3585 419 3636 L.
434 3598 455 3637 t.
469 3587 502 3637 Ι),
515 3585 548 3636 ib.
601 3582 634 3652 ¹¹)
651 3585 686 3649 Cf
696 3584 728 3634 J..
741 3597 762 3636 a.
784 3584 809 3633 0.
823 3584 848 3632 ai
860 3583 965 3645 coeptare
979 3580 1010 3649 (a,
1024 3582 1070 3650 u).
