2542 3909
167 223 208 281 94
512 228 534 263 c.
553 225 647 263 naurs
666 225 775 263 omnus.

166 359 312 430 reputaris
329 359 363 425 fit
382 357 461 425 filius
480 363 508 410 et
528 370 595 409 suns
610 354 691 409 heres
707 362 738 409 ut
752 356 845 425 patris
860 356 1015 410 naturalis.
1042 355 1128 411 Haec

166 445 208 496 ait
223 440 287 496 Ser.
303 438 439 512 Sulpicius
457 440 485 493 in
505 454 537 493 ea
552 439 692 509 oratione,
715 455 800 510 qnam
815 438 916 494 habuit
931 445 1035 494 contra
1049 438 1127 495 Mes-

166 526 269 580 sallam
293 539 345 596 pro
369 515 497 581 Aufidia)
520 552 557 563 -
579 521 643 577 llest
669 539 693 576 v.
719 521 883 595 llancipatus
906 518 1128 595 ¹(llanoipatione)

165 626 183 683 p
228 685 272 747 16.
295 689 353 746 Silii
368 705 475 746 oausam
488 697 518 745 te
532 689 623 745 docui.
654 689 678 745 ls
694 698 788 763 postea
804 689 855 745 luit
871 689 941 762 apud
956 706 1008 746 me.
1039 688 1128 756 Quum

166 778 190 831 ei
206 775 339 845 dicerem,
360 774 409 829 tibi
424 774 510 829 uideri
525 776 700 847 sponsionem
715 774 789 830 illam
810 790 859 829 nos
874 774 933 830 sine
947 773 1069 847 periurio
1084 773 1127 829 ia-

166 875 228 916 cere
254 875 350 932 posse:
379 859 407 913 ni
435 858 569 915 bonorum
592 858 729 931 Turpiliae
751 859 952 930 possessionem
975 856 1006 924 Q.
1029 856 1128 931 Caepio

166 933 322 1017 praetores
337 942 427 998 edicto
441 958 494 998 sno
508 943 572 997 mihi
588 941 706 1013 dederit,
722 957 823 1015 negare
838 940 926 997 aiebat
937 941 1073 1012 Seruium,
1088 950 1129 996 ta·

51 1076 58 1093 ,
165 1026 242 1083 bulas
265 1027 421 1083 testamenti
442 1043 503 1082 esse
526 1042 581 1097 eas,
604 1042 672 1099 quas
687 1026 850 1081 instituisset
865 1027 898 1096 is,
922 1027 969 1099 qui
984 1025 1128 1081 factionem

169 1111 322 1168 testamenti
338 1127 393 1166 non
407 1110 549 1167 habuerit:
564 1111 617 1167 hoo
630 1110 701 1166 idem
717 1106 824 1164 illilium
839 1102 955 1165 dicere.²
968 1140 1011 1149 —
1025 1108 1080 1165 Cia.
1096 1108 1128 1164 ad

166 1193 221 1252 div.
238 1190 412 1265 (Trebatium)
430 1194 460 1266 7,
476 1193 527 1249 21.

230 1274 362 1335 lindum
376 1292 460 1345 nero,
475 1280 518 1333 cui
533 1278 600 1336 dens
613 1278 738 1349 deesset,
760 1276 871 1334 Seruius
887 1276 1021 1333 redhiberi
1036 1292 1130 1350 posse,

167 1362 317 1436 respoudit.
332 1391 375 1402 --
390 1360 460 1417 Gell.
476 1360 506 1431 4,
523 1361 552 1417 2.
568 1362 597 1432 S.
615 1361 664 1417 12.

416 1489 452 1555 0.
480 1488 662 1556 AELIVS
687 1489 879 1555 GALLVS
1135 1500 1183 1550 [so]

491 1596 609 1661 (eiusdem
623 1597 673 1646 iere
688 1593 807 1661 aetatis).³

213 1688 255 1743 lle
277 1686 480 1755 uerborum,
504 1703 590 1760 quae
612 1687 651 1742 ad
673 1689 726 1742 ius
749 1687 856 1744 ciuile
877 1688 1076 1760 pertinent,

505 1770 788 1845 significatione.

229 1868 253 1929 1.
280 1864 475 1927 'Postlimini04
500 1879 641 1945 receptum
663 1870 754 1926 Gallus
776 1870 868 1927 delius
895 1872 923 1927 in
950 1870 1019 1927 libro
1042 1873 1132 1946 primo

166 1954 416 2030 significationum,
432 1972 500 2029 quae
515 1956 604 2012 adius
619 1956 768 2029 pertinent,
785 1957 822 2011 ait
836 1971 897 2011 esse
912 1971 985 2027 eum,
1001 1954 1133 2028 quilibet·

167 2057 200 2096 ex
216 2056 268 2113 qua
284 2042 394 2095 ciuitate
409 2041 436 2095 iu
452 2040 528 2095 aliam
543 2040 679 2096 ciuitatem
695 2038 805 2110 abierat,
822 2041 850 2095 in
865 2039 977 2095 eandem
993 2040 1133 2095 ciuitatem

167 2124 238 2179 redit
254 2124 370 2194 ealdre,
392 2123 466 2198 quod
481 2126 662 2179 constitutum
678 2130 720 2179 est
736 2122 769 2179 de
783 2122 968 2196 postliminiis.
998 2122 1065 2179 ltem
1085 2124 1132 2197 qui

166 2224 263 2265 seruus
278 2224 293 2263 a
307 2207 386 2264 nobis
400 2210 428 2263 in
443 2208 564 2264 hostium
581 2214 745 2281 potestatem
760 2209 899 2280 peruenit,
919 2215 1016 2280 postea
1031 2206 1063 2261 ad
1079 2223 1132 2263 nos

166 2292 237 2348 redit
257 2293 285 2347 in
305 2293 363 2348 eins
384 2299 565 2365 potestatem,
586 2292 663 2347 cuius
683 2297 761 2347 autea
784 2292 851 2357 luit,
877 2292 937 2347 iure
961 2289 1131 2364 postliminii.

166 2376 235 2450 Equi
256 2385 285 2433 et
305 2375 372 2431 muli
393 2384 422 2431 et
442 2376 520 2430 nanis
542 2375 635 2429 eadem
657 2376 728 2430 ratio
750 2384 793 2430 est
813 2374 990 2448 ’postliminio
1012 2374 1132 2448 receptis

165 2455 224 2532 iis,⁵
240 2475 308 2533 quae
324 2461 407 2514 serui.
438 2456 511 2525 Quae
526 2474 626 2531 genera
641 2469 734 2514 rerum
750 2457 782 2514 ab
798 2458 922 2515 hostibus
941 2459 974 2514 ad
987 2473 1039 2514 nos
1053 2467 1132 2531 post·

166 2544 271 2600 liminio
286 2542 419 2613 redeunt,
441 2541 533 2597 eadem
549 2556 651 2614 genera
665 2558 755 2598 rerum
771 2558 784 2597 a
799 2543 877 2598 nobis
894 2542 926 2597 ad
941 2542 1028 2598 hostis
1043 2542 1133 2598 redire

242 2704 263 2773 ¹)
280 2706 368 2757 Totum
382 2707 466 2755 locam
475 2707 568 2768 paullo
581 2708 660 2756 aliter
673 2708 790 2770 supplevi
802 2722 835 2757 aa
850 2705 980 2757 Millerus
992 2708 1131 2771 actamque.

168 2776 190 2845 ¹)
205 2778 244 2827 De
254 2792 336 2827 caasa
345 2775 449 2826 Siliana
458 2776 493 2839 af.
503 2775 547 2826 lid.
558 2792 637 2826 meam
649 2775 769 2827 ‘Studien
781 2778 806 2827 d.
823 2776 854 2825 R.
866 2774 910 2825 R.'
925 2792 951 2840 p.
969 2789 989 2827 1.
1000 2804 1034 2813 -
1044 2775 1133 2826 Servii

167 2851 302 2914 epistolam
316 2847 531 2910 consolatoriam,
545 2863 610 2912 quae
624 2850 721 2913 legitur
734 2850 804 2898 inter
819 2847 871 2897 Oia.
887 2862 925 2910 ep.
941 2848 984 2897 ad.
999 2848 1051 2897 div.
1064 2859 1087 2909 4,
1101 2857 1133 2909 5.,

167 2920 312 2971 omittimus.
321 2945 355 2954 -
363 2916 492 2967 Seruiliae
501 2920 559 2983 qais
567 2921 602 2968 sit
611 2920 639 2967 in
649 2919 698 2969 ltoc
708 2920 765 2969 loco
775 2915 853 2981 (Fert.
862 2934 885 2967 o.
892 2918 1029 2982 Municeps
1030 2932 1059 2981 p.
1066 2918 1132 2982 ml:

167 2992 196 3039 dt
211 2989 327 3039 Seruilius
341 2988 421 3038 aiebat
434 2989 502 3039 initio
517 2990 600 3052 inisse,
615 2990 655 3053 qui
670 3004 697 3037 ea
710 2988 847 3039 conditione
857 2989 923 3038 ciues
933 2989 976 3037 lio.
987 2989 1097 3049 luissent,
1107 2995 1134 3037 nt

167 3074 264 3124 semper
276 3074 351 3123 remp.
367 3062 494 3124 separatim
509 3076 523 3109 a
536 3061 624 3124 populo
640 3060 682 3109 llo.
702 3060 825 3122 haberent,
844 3058 971 3121 Cumanos,
989 3059 1133 3119 Acerranos,

166 3132 295 3193 Atellanos,
308 3131 349 3195 qni
361 3146 437 3195 aeque
451 3132 517 3181 ciues
528 3132 571 3185 llo.
581 3138 649 3180 eraut
661 3137 684 3179 et
694 3131 718 3179 in
727 3130 819 3191 legione
829 3131 961 3191 merebant,
976 3129 1019 3178 sed
1029 3130 1133 3191 dignita-

167 3211 204 3252 tes
218 3217 267 3251 non
282 3202 421 3265 capiebant,
436 3218 489 3254 non
503 3208 610 3252 constas.
639 3200 717 3250 Alina
730 3201 834 3250 videtur
849 3200 880 3251 P.
894 3199 1023 3250 Servilius
1037 3215 1134 3264 anper,

167 3274 243 3325 caius
252 3275 364 3323 meminit
375 3273 441 3323 Fert.
452 3290 475 3323 a.
485 3272 591 3322 Stellam
596 3288 624 3335 p.
634 3282 683 3323 351.
697 3270 772 3334 Sunt,
782 3273 827 3335 qui
837 3273 975 3337 corripiant
982 3271 1052 3320 Serui
1060 3270 1132 3319 lilius.

168 3341 190 3410 ³)
207 3344 245 3408 Of.
258 3344 285 3393 0.
298 3344 365 3394 (luit.
375 3343 518 3394 Heimdacli
531 3343 557 3393 0.
569 3341 641 3392 Aeta·
657 3342 727 3393 Galli
736 3342 793 3392 1012·
807 3343 838 3392 de
852 3342 920 3393 verb.
936 3356 959 3406 q.
977 3342 1013 3390 ad
1027 3343 1069 3390 ias
1083 3342 1132 3391 cia.

165 3422 232 3480 pert.
240 3417 331 3481 sipnis.
338 3416 488 3480 fragmenta
498 3414 571 3477 Lips.
577 3424 638 3465 182³.
650 3413 676 3462 0.
687 3413 838 3463 Lachmann
849 3414 876 3463 in
887 3411 1132 3477 Zeitecltrspcsclt.

168 3486 391 3550 RW.lll.p.1ra
429 3483 452 3551 ⁴)
471 3484 644 3549 postliminium
661 3484 706 3535 Gd.
719 3485 763 3535 dia
777 3491 802 3533 et
816 3484 880 3548 infr.
919 3480 941 3549 ⁶)
960 3482 1134 3547 postliminium

166 3565 290 3622 receptum
303 3558 325 3605 is
341 3556 385 3605 cd.
