2542 3909
135 184 197 247 158
569 203 656 239 aiivs.
728 220 731 224 ,

133 324 196 379 Gaii
213 324 293 378 libris
310 326 346 377 ad
364 324 487 379 edictam
504 324 633 377 urbicum
651 325 755 378 alteros
773 326 809 379 ad
828 326 952 380 edictam
973 327 1086 395 provin-

132 392 203 446 ciale
220 392 386 445 substitutos
404 408 471 453 esse,
490 391 652 445 solennibus
668 392 764 445 tainen
780 393 909 461 partibus
927 395 957 447 et
967 394 1085 448 nomini·

131 459 185 512 bus
203 460 329 521 retentis,
346 458 376 512 id
394 476 457 513 cnm
474 474 505 512 re
521 459 584 526 ipsa
599 458 750 513 verisimile
770 461 835 523 est‚¹
854 462 916 514 tani
935 476 968 515 eo
987 461 1085 515 confir-

131 527 233 590 matur,
253 528 329 593 qaod
345 526 494 579 lastiniani
511 526 570 579 tem
593 541 639 579 ore
651 526 717 579 libri
730 527 765 580 ad
778 527 901 581 edictam
912 528 1085 597 provinciale

131 593 237 669 integri
248 594 391 657 extabant,
411 610 445 646 ex
456 592 535 645 libris
552 542 590 646 ad
601 594 645 649 ed.
657 593 785 647 urbicum
802 610 869 648 vero
886 596 916 648 in
934 595 1085 663 provinciis

133 659 241 713 scilicet
257 661 394 732 neglectis
410 660 521 715 tanturn
539 660 637 713 deceni
655 663 828 737 supererant.

177 726 291 804 ¹Etiam
313 729 399 781 libros
421 743 456 781 ex
478 726 624 805 Q3Macio
642 726 747 798 [laium
773 729 803 781 in
826 729 983 783 scholarum
1005 746 1140 801 niumm]

132 810 285 860 sensisse,
309 796 385 849 certe
406 794 554 864 probabile
576 795 626 847 est.
666 794 739 847 Nam
761 812 824 849 cum
847 795 883 849 ad
906 812 953 849 eos
974 812 1086 863 quoque

131 861 180 914 iux
229 862 318 917 edicti·
335 862 597 929 interpretationem
619 860 753 915 lectorem
776 863 902 933 ablegat,
926 864 1006 931 quasi
1023 880 1086 931 pro·

131 928 259 982 mulsidis
285 930 348 984 loco
370 928 477 996 aliquid
500 928 605 981 addens
627 928 721 981 verbis
744 929 813 983 ‘hoc
836 930 926 984 solum
947 931 1087 999 tantisper

71 1004 76 1010 '
132 995 237 1049 sufficit
261 997 448 1051 admonuisse’
476 999 515 1060 (1,
538 1000 595 1050 188.
617 994 652 1049 of.
672 1002 701 1060 2,
723 999 790 1064 97.),
815 1014 908 1052 nonno
935 996 1087 1066 discipulos

131 1062 245 1117 videtur
261 1064 410 1133 respicere,
428 1079 463 1117 ex
479 1063 535 1116 illis
551 1062 631 1116 libris
669 1064 747 1117 ostea
758 1064 872 1119 uberius
889 1065 1085 1118 instruendos?

132 1128 275 1197 Suspicari
292 1132 380 1207 igitur
396 1130 471 1191 licet,
488 1130 518 1182 in
536 1080 704 1208 scholisiivos
719 1131 808 1208 libros
820 1135 904 1186 antea
915 1147 980 1185 eam
991 1131 1086 1185 losum

132 1197 296 1261 obtinuisse,
313 1216 343 1250 in
361 1213 446 1265 quern
484 1198 562 1253 ostea
577 1197 727 1265 Papiniani
743 1215 877 1267 responsa
893 1198 1029 1253 venerint.

200 1266 329 1342 Denique
346 1264 453 1332 primus
492 1264 560 1329 aius,
578 1264 684 1318 utiam
703 1266 769 1331 dixi,
788 1267 929 1321 elementa
946 1265 1084 1333 quaedam

131 1330 199 1384 iuris
217 1331 307 1385 civilis
325 1332 483 1398 composuit
499 1333 529 1384 et
545 1331 580 1385 ab
597 1332 665 1399 ipsis
681 1332 859 1387 instituendis
877 1333 1007 1387 studiosis
1025 1348 1085 1387 ora-

131 1399 225 1475 torum
243 1398 403 1467 exemplam
415 1398 542 1475 pecatps²
554 1398 710 1466 appellavit
722 1394 923 1465 Institutiones‚
942 1401 988 1453 vel
1001 1416 1086 1478 quem

131 1466 275 1535 integrum
292 1466 311 1521 i.
325 1482 349 1519 e.
368 1481 386 1519 a
401 1465 523 1518 librariis
539 1466 665 1519 nondum
677 1467 838 1520 mutilatum
851 1468 988 1521 eiusmodi
1000 1467 1085 1521 libro-

130 1549 194 1585 rum
210 1533 294 1587 fuisse
312 1532 428 1586 titulum
439 1532 536 1585 malini
551 1533 669 1599 opinari,
688 1534 891 1589 ‘Institutiones
902 1534 970 1587 iaris
982 1534 1083 1587 civilis’

132 1602 245 1654 anctore
268 1600 526 1664 Lactant.1,1.§.
548 1606 586 1652 12.
623 1599 675 1653 ‘Et
696 1601 720 1653 si
741 1602 856 1678 qnidam
878 1600 1032 1669 prudentes
1055 1602 1085 1654 et

131 1666 231 1721 arbitri
251 1666 402 1734 aequitatis
423 1666 613 1720 institutiones
635 1667 725 1722 civilis
747 1669 814 1721 iuris
836 1668 1003 1736 compositas
1026 1667 1084 1720 edi-

131 1734 246 1798 derunt,
274 1734 375 1801 quibus
397 1734 501 1787 civium
527 1734 720 1787 dissidentium
746 1735 811 1789 lites
837 1735 1084 1803 contentionesque

131 1816 161 1854 so
182 1801 264 1866 irent,
283 1802 388 1868 quanto
410 1800 510 1854 melius
526 1817 576 1854 nos
598 1802 628 1855 et
644 1802 747 1855 rectius
769 1802 877 1857 divinas
894 1801 1085 1855 institutiones

130 1867 151 1920 li
180 1869 234 1923 eris
263 1882 344 1935 perse
365 1873 494 1920 uemur’?
524 1868 623 1935 Neque
646 1869 801 1923 audiendus
823 1871 866 1923 est
886 1868 1083 1934 Mommsenus‚

131 1936 187 2012 qai·
201 1885 422 1988 Iractantiiioco
444 1934 575 2012 ignorato
590 1936 620 1989 et
642 1952 654 1988 s
675 1937 742 1990 retis
764 1936 939 2003 collationis,
963 1934 1083 2003 Boethii,

130 2002 340 2071 Visigothoram
358 2003 387 2054 et
403 2002 551 2055 Iustiniani
566 2019 596 2055 in
613 1953 719 2056 Laiinis
740 2004 986 2060 constitutionibus
1009 2006 1039 2057 et
1054 2005 1084 2056 in

129 2070 198 2191 aa
220 2068 844 2193 cassinensis
871 2071 1085 2207 cites

195 2154 243 2189 arn
293 2154 325 2190 ns
447 2154 476 2189 in
571 2155 595 2190 ri
710 2155 772 2191 nius
831 2156 929 2193 isoiani
975 2156 1012 2191 i.
1079 2184 1084 2196 .

152 2246 158 2258 .
177 2210 226 2258 726
244 2204 290 2271 Ρ.)
308 2204 475 2258 auctoritate
493 2204 570 2271 (addi
588 2207 684 2258 tamen
702 2207 816 2274 poterat
832 2206 930 2261 Boeth.
945 2222 1043 2264 comm.
1055 2206 1084 2259 in

129 2222 187 2325 gio.
200 2271 270 2340 Top.
289 2270 324 2324 ΙΙ.
343 2272 617 2339 pertentarent),
637 2288 700 2325 curn
719 2272 825 2326 dudam
837 2273 886 2328 Ev.
900 2274 968 2328 Otto
985 2289 1084 2331 comm.

130 2339 165 2392 ad
182 2339 250 2391 lnst.
289 2378 294 2390 .
314 2345 338 2392 3.
363 2337 468 2404 aliique
490 2338 543 2391 viri
566 2338 642 2392 docti
665 2340 849 2404 ostendeiint‚
873 2343 1022 2409 scriptores
1043 2342 1084 2393 in-

130 2405 213 2482 finias
231 2356 390 2481 Latinitatis
409 2405 438 2480 et
455 2406 484 2457 in
501 2405 545 2481 liis
563 2406 649 2459 etiarn
667 2407 817 2484 scriptores
827 2408 970 2486 ‘quosdam
989 2424 1084 2485 'exem-

129 2473 251 2541 plarium
274 2471 420 2524 Iustiniani
443 2471 653 2527 Institutionum
680 2490 739 2527 eius
760 2491 790 2529 in
811 2475 894 2527 titulo
917 2490 1010 2542 operis
1031 2475 1084 2529 hoc

130 2540 216 2593 verbo
234 2552 298 2591 asos
317 2554 377 2590 esse
396 2538 563 2617 enlicentia
581 2539 765 2607 Graecorum,
784 2542 876 2619 totuin
894 2558 964 2610 opus
982 2536 1017 2595 τὰ
1031 2536 1085 2623 ’Ia-

127 2605 1084 2751 taessalatisassistatadetestantis:

126 2734 354 2795 Ἰνστιτουτίωνα
372 2740 585 2807 appellantium.
622 2741 781 2796 Secundum
800 2758 834 2796 ea
851 2757 930 2806 vero,
954 2756 1026 2807 quae
1049 2740 1083 2793 dc

130 2807 217 2862 edicti
234 2806 315 2860 libris
327 2807 514 2876 singularibus
527 2808 677 2877 disputavi,
690 2825 742 2863 nec
755 2808 861 2874 dubito,
875 2806 976 2861 Gaium
992 2808 1084 2875 ipsum

202 2964 223 3033 l)
238 2967 384 3015 provinciale
405 2968 467 3017 enim
487 2968 590 3017 edictum
609 2974 632 3016 et
651 2970 729 3031 ipsum
744 2968 879 3017 continebat
898 2966 1000 3016 edictam
1019 2966 1086 3017 arbl-

129 3053 196 3101 cam,
215 3038 279 3103 qaod
293 3045 318 3087 ut
332 3038 436 3087 lulianus
450 3045 548 3101 praetor
562 3045 729 3101 composuerat
749 3045 771 3087 et
785 3044 943 3101 proposuerat
960 3044 1016 3101 post
1028 3052 1085 3101 per-

127 3118 199 3173 petuo
218 3109 328 3159 similiter
346 3110 539 3173 proponendam,
561 3110 594 3159 ita
612 3109 746 3159 Hadrianus
765 3109 893 3172 proconsul
911 3109 935 3157 in
954 3109 1085 3172 provinciis

127 3182 178 3230 sais
196 3181 352 3244 proposuisse
371 3187 395 3229 et
414 3178 552 3229 scrofano
572 3179 649 3244 (caius
664 3180 807 3230 lastinianus
822 3186 898 3229 const.
927 3179 1002 3229 Tanta
1020 3180 1085 3228 eirca

126 3253 150 3313 §-
165 3263 198 3303 18.
213 3252 330 3313 meminit)
346 3266 359 3299 a
374 3251 475 3300 caeteris
490 3252 673 3313 proconsulibus
692 3251 871 3315 proponendam
891 3264 988 3299 curasse
1003 3250 1085 3298 existi·

127 3323 226 3372 mandas
246 3329 289 3371 est.
319 3322 385 3371 Unde
404 3320 504 3369 Paeanio
524 3327 585 3370 teste
600 3321 640 3386 (ad
654 3322 752 3386 Eutrop.
771 3334 791 3375 8.
811 3322 834 3387 9)
854 3322 957 3371 edictam
976 3320 1040 3384 qaod
1060 3320 1084 3368 in

126 3394 192 3441 ltalia
207 3392 289 3442 Latine
305 3392 429 3442 dicebatur
442 3398 595 3454 perpetuam,
614 3394 685 3443 etiam
705 3408 748 3443 sao
764 3400 870 3457 tempore
885 3386 917 3443 ad
930 3383 1084 3455 Ἀδριάνιον

126 3464 253 3512 vocitatam
274 3471 318 3511 est.
393 3456 413 3524 2)
429 3461 487 3510 Nam
507 3470 531 3510 st
549 3462 704 3519 Quintilianus
723 3464 897 3513 institutionem
917 3462 1045 3511 oratoriam
1060 3467 1084 3509 et

128 3532 210 3580 Celsus
225 3539 306 3581 orator
325 3537 386 3579 teste
401 3531 480 3579 Schol.
496 3532 526 3579 ad
541 3532 642 3582 luvenal.
659 3545 678 3595 s,
694 3546 740 3585 aas.
766 3535 928 3584 institutiones
943 3533 1081 3595 scripserat.
