2542 3909
548 223 686 260 mum.

498 374 747 444 *VERANIVS

400 486 516 551 (incertae
530 485 574 533 sed
587 485 657 532 huius
672 484 722 531 fere
737 480 840 545 aetatis).
902 540 904 543 .

454 609 792 681 Auspiciorum.

203 726 231 786 1.
255 728 370 785 ‘Referri
395 727 465 783 diem
491 726 650 800 prodictam,
673 725 699 780 id
722 730 764 779 est
784 721 923 789 anteferri,
945 719 1106 793 religiosum

141 813 207 885 est',
230 821 261 868 ut
280 814 316 868 ait
331 812 459 867 Veranius
479 812 508 866 in
528 827 570 879 eo,
594 811 641 881 qui
663 816 704 863 est
725 807 904 878 auspiciorum
926 802 959 857 de
980 804 1106 873 comitiis,

140 898 222 970 idque
243 896 364 969 exemplo
385 894 542 969 comprobat
562 892 592 950 L.
607 892 668 948 lulii
689 900 716 946 et
730 889 760 945 P.
776 888 868 944 Licinii
884 903 1038 956 censorum,
1060 889 1106 960 qui

140 981 168 1037 id
185 982 298 1037 fecerint
313 981 371 1036 sine
387 978 443 1034 ullo
459 978 569 1033 decreto
585 991 728 1049 angurum,
745 981 773 1029 et
788 972 822 1028 oh
836 971 864 1026 id
879 970 995 1026 lustrum
1011 986 1107 1044 parum

141 1064 206 1121 felix
220 1065 312 1120 fucrit.
327 1092 371 1105 -
385 1062 457 1117 Vest.
475 1080 500 1116 v.
517 1060 621 1116 Referri
636 1077 663 1132 p.
680 1057 752 1115 289.

205 1144 234 1205 2.
257 1149 387 1202 Veranius
410 1148 457 1215 ait,
479 1162 534 1201 non
557 1146 652 1218 utique
675 1158 708 1198 er
729 1140 812 1211 lecto,
835 1138 883 1195 sed
906 1153 938 1193 ex
960 1135 1043 1193 cubili
1059 1133 1107 1208 (sc.

142 1249 258 1305 surgere
280 1247 341 1286 eum
363 1229 485 1299 silentio,
507 1229 553 1302 qui
575 1227 763 1300 auspicaturus
783 1220 840 1296 sit),
862 1238 912 1277 nec
924 1237 1019 1277 rursus
1035 1236 1064 1275 se
1079 1222 1108 1275 in
1257 1262 1258 1313 p

141 1317 243 1372 lectum
258 1316 378 1385 recipere
392 1328 504 1367 necesse
519 1328 589 1367 esse.
607 1340 649 1349 -
666 1309 738 1365 uest.
754 1326 778 1368 v.
794 1306 907 1363 Silentio
923 1322 950 1378 p.
968 1303 1039 1361 348.
1257 1318 1258 1365 t

206 1396 235 1456 3.
259 1396 391 1452 ‘Paludati
413 1394 536 1450 inlibris
558 1393 733 1467 auguralibus
753 1389 910 1466 significat’,
932 1396 962 1444 ut
978 1390 1013 1443 ait
1027 1388 1163 1445 Vera-[41]

146 1484 218 1553 nius,
244 1480 361 1552 ‘armati
383 1480 495 1538 ornati'.
525 1480 613 1533 omnia
635 1478 706 1532 enim
720 1477 846 1532 militaria
861 1481 1018 1531 ornamenta
1032 1472 1109 1545 palu·

144 1567 268 1621 damenta
283 1564 346 1621 diei.
362 1592 404 1603 -
419 1562 491 1618 Vest.
507 1579 534 1617 v.
549 1560 671 1616 Paludati
683 1577 710 1633 p.
727 1558 798 1616 253.

355 1686 608 1755 Quaestionum
629 1685 900 1759 pontificalium.

208 1804 240 1863 4.
264 1806 392 1861 Veranius
415 1804 535 1860 enimin
558 1801 760 1878 pontificalibus
784 1805 988 1875 quaestionibus
1017 1805 1109 1877 docet,

146 1892 256 1947 eximias
278 1889 363 1945 dictas
384 1890 499 1959 hostias,
518 1903 588 1960 quae
603 1886 635 1941 ad
651 1884 810 1942 sacrificium
826 1887 975 1944 destinatae
990 1890 1110 1944 eximun-

146 1984 192 2031 tur
206 1991 221 2030 e
236 1989 331 2046 grege,
348 1972 391 2027 uel
407 1971 480 2045 quod
495 1973 589 2027 eximia
604 1970 696 2043 specie
711 1972 787 2043 quasi
803 1970 939 2028 offerenda
954 1972 1111 2029 numinibus

147 2059 293 2131 eligantur.
309 2086 350 2096 —
365 2055 481 2111 llacrob.
496 2055 552 2111 Sat.
568 2055 597 2125 3,
614 2052 643 2110 5.
660 2049 688 2127 S.
705 2054 734 2111 6.

208 2137 235 2200 5.
258 2142 301 2196 tiit
323 2142 393 2196 enim
416 2139 544 2196 Veranius
568 2140 601 2195 de
624 2138 715 2194 uerbis
737 2135 972 2211 pontificalibus:¹
996 2138 1111 2197 ‘Felices

146 2226 257 2283 arbores
272 2232 405 2299 potantur
417 2240 477 2279 esse
491 2240 618 2297 quercus,
640 2221 774 2291 aesculus,
790 2222 856 2295 ilex,
871 2222 1002 2290 suberies,
1019 2223 1110 2297 fagus,

146 2309 267 2383 corylus,
282 2307 392 2379 sorbus,
407 2306 475 2364 ficus
490 2306 559 2378 alba,
574 2308 662 2379 pirus,
674 2305 771 2377 matus,
783 2306 859 2378 uitis,
871 2323 987 2381 prunus,
999 2324 1110 2380 eortius,

145 2392 244 2450 lotus'.
260 2421 301 2432 -·
317 2390 432 2447 llacrob.
448 2390 503 2446 Sat.
520 2390 550 2459 3,
566 2389 616 2445 20.
633 2385 661 2461 S.
679 2388 708 2443 2.

210 2472 238 2534 6.
264 2519 271 2531 .
286 2516 313 2530 ..
329 2477 401 2529 sicut
416 2473 544 2529 Veranius
560 2490 593 2528 er
608 2474 696 2545 primo
712 2471 782 2528 libro
797 2472 913 2530 Pictoris
928 2482 981 2531 etc.
995 2504 1036 2514 -
1051 2474 1113 2532 Vid.

146 2576 230 2633 supra
245 2558 320 2615 llum.
335 2556 443 2611 Vabium
458 2557 591 2612 Pictorem
608 2556 636 2612 2.

212 2638 239 2698 V.
263 2640 479 2697 ‘Praesentanea
501 2656 583 2713 porca
606 2638 727 2711 dicitur',
751 2648 782 2696 ut
803 2642 840 2696 ait
858 2642 1004 2711 Veranius,
1032 2642 1112 2715 'quae

148 2726 263 2783 familiae
284 2724 440 2798 purgandae
462 2741 541 2780 causa
564 2723 655 2779 Cereri
676 2724 841 2797 immolatur,
865 2725 939 2799 quod
954 2742 1018 2799 pars
1031 2742 1113 2798 quae·

148 2810 208 2865 dam
228 2811 287 2864 eius
308 2806 433 2864 sacrificii
453 2807 484 2863 lit
504 2810 531 2863 in
550 2816 701 2880 conspectu
721 2810 822 2864 mortui
844 2810 914 2881 eius,
936 2811 1013 2865 cuius
1029 2809 1113 2865 funus

146 2894 323 2949 instituitur’.
339 2921 381 2932 -—
395 2891 468 2949 Fest.
484 2910 509 2947 v.
525 2891 719 2948 Praesentanea
734 2908 761 2965 p.
779 2891 850 2949 250.

210 2974 241 3033 8.
264 2975 415 3047 Prodiguae
430 2977 535 3032 hostiae
550 2985 695 3047 nocentur,
710 2982 741 3031 ut
756 2978 794 3031 ait
809 2976 949 3047 Veranius,
965 2992 1033 3049 quae
1048 2994 1114 3033 cou-

148 3068 302 3130 sumuntur,
328 3059 398 3115 unde
420 3061 542 3115 homines
565 3076 675 3134 quoque
697 3059 830 3115 luxuriosi
845 3060 963 3135 prodigi.
980 3090 1022 3102 -
1036 3058 1112 3121 Fest.

147 3163 173 3201 v.
190 3144 344 3217 Prodiguae
359 3162 386 3217 p.
403 3143 472 3202 250.

211 3225 241 3289 9.
264 3227 414 3285 offendices
436 3230 474 3285 ait
495 3245 556 3285 csse
571 3229 659 3284 Titius
680 3226 778 3299 nodos,
800 3227 899 3301 quibus
914 3244 982 3301 apex
996 3230 1114 3285 retinea-

148 3322 203 3369 tur.
235 3315 270 3368 m
285 3312 414 3368 Veranius
434 3313 535 3369 coriola
556 3313 700 3381 existimat,
722 3328 790 3384 quae
811 3314 867 3368 sint
887 3314 915 3368 in
935 3312 1002 3368 loris
1019 3314 1113 3385 apicis,

223 3475 242 3543 ¹)
250 3477 318 3527 Puta
328 3476 395 3527 libro
404 3480 492 3543 aliquo
499 3478 675 3542 quaestionum
677 3478 867 3540 pontificalium
878 3478 916 3525 ite
926 3477 1062 3540 inscripto.
1075 3477 1115 3540 Cf.

149 3564 215 3596 nune.
231 3560 264 3597 tu.
