2542 3909
402 249 468 285 rvnn
486 249 580 284 ravum
599 249 669 284 saur.
694 231 727 283 11.
747 237 842 284 9-11.
1033 228 1099 290 475

45 393 128 442 [aas]
144 372 268 454 dislue)'¹
287 377 490 451 uendendisque
502 377 624 451 frugibus
641 380 810 451 praepositus
823 386 876 448 est,
891 395 923 436 er
936 378 1097 444 eonomine,

143 463 220 538 quod
243 479 304 520 cnm
327 461 375 518 illo
398 471 566 519 contractum
589 472 642 526 est,
664 464 692 516 in
714 462 830 518 solidum
846 461 1007 534 ’(peeaniae
1023 453 1098 529 uell²

142 547 223 604 fundi
247 547 372 603 dominus
394 545 544 620 obligatum
567 549 767 616 recimerem,
790 562 886 602 seruus
909 562 940 600 au
964 545 1032 600 liber
1054 545 1098 600 sit.

141 629 174 688 8.
196 630 274 698 Quod
289 647 351 686 cum
365 630 504 703 discipulis
520 646 623 703 corum,
642 631 688 703 qui
704 629 817 686 officinis
833 629 877 685 uel
891 627 1010 684 tabernis
1025 645 1100 702 prae·

143 724 222 786 sunt,
244 723 413 783 contractum
436 723 489 786 est,
511 715 540 770 in
555 716 701 788 magistros
718 714 762 770 uel
776 715 915 769 institores
932 711 1057 769 tabernae
1073 713 1101 767 in

142 799 263 856 solidum
278 800 348 855 actio
363 790 476 854 ‘datur.³

401 933 464 973 TIT·
481 933 522 973 lx.
552 934 594 973 Dii
610 934 643 974 IN
658 935 722 973 Ram
736 931 845 974 VERSO.

211 1017 238 1076 1.
263 1013 384 1074 ⁴Seruus
400 1017 444 1073 uel
460 1017 642 1072 filiusfamilias
658 1020 679 1072 si
696 1026 831 1091 acceptam
846 1019 986 1090 pecuniam
1002 1019 1028 1072 in
1044 1033 1101 1072 rem

143 1105 231 1179 patris
247 1101 291 1158 uel
307 1102 408 1157 domini
424 1103 556 1172 uerterit,
579 1103 631 1157 boc
652 1102 750 1173 modo,
772 1118 866 1174 agrum
889 1111 954 1175 puta
976 1099 1100 1172 colendo,

144 1189 255 1243 domum
272 1185 425 1256 fulciendo,
448 1186 579 1258 mancipia
593 1178 766 1255 nesciendo?
782 1185 939 1254 mercando,
956 1184 1000 1240 uel
1015 1185 1102 1240 credi-

146 1273 200 1327 tori
215 1269 359 1341 soluendo,
374 1269 419 1326 uel
434 1269 499 1342 quid
515 1270 568 1324 tale
583 1269 717 1339 iaciendo,
733 1269 766 1324 de
781 1271 809 1323 in
824 1285 881 1324 rem
897 1285 976 1324 uerso
992 1271 1020 1324 in
1036 1268 1101 1323 soli·

144 1355 211 1410 dum
227 1354 270 1409 uel
284 1362 386 1426 patrem
401 1353 446 1408 uel
461 1352 598 1408 dominum
614 1352 731 1426 obligat:
754 1355 778 1408 si
800 1361 888 1408 tamen
904 1352 938 1408 ob
954 1353 1025 1409 lianc
1039 1368 1100 1408 cau·

144 1455 204 1493 sam
217 1439 330 1512 pecunia
344 1436 406 1492 data
421 1429 482 1494 sit.⁶

327 1515 372 1596 [z.
391 1521 439 1576 17.
461 1521 499 1578 a.
514 1521 549 1576 ae
562 1520 617 1577 so.
633 1521 749 1578 nucea.
767 1515 833 1596 (14,
850 1516 906 1598 ct]

242 1656 305 1698 TIT.
321 1659 350 1696 X.
380 1657 422 1696 Dii
438 1654 575 1697 SENATVS
592 1655 754 1697 CONSVLTO
770 1655 1006 1696 mnonnonmrto.

210 1740 237 1799 1.
260 1735 325 1808 ⁸Qui
341 1739 512 1796 filiofamilias
529 1749 623 1797 contra
638 1741 812 1802 interdictum
828 1741 986 1813 amplissimi
1002 1741 1102 1796 ordinis

147 1827 290 1899 pecuniam
305 1834 425 1881 mutuam
442 1823 596 1895 crediderit,
613 1833 806 1897 postmortem
822 1827 906 1898 patris
922 1841 954 1880 es
970 1843 1012 1896 eo,
1031 1825 1103 1898 quod

147 1912 212 1965 uiuo
227 1916 304 1983 patre
319 1907 442 1978 credidit,
459 1925 520 1963 cum
535 1924 568 1963 eo
582 1925 664 1982 agere
679 1925 735 1962 non
750 1916 850 1980 potest.

225 2045 290 2085 ula.
305 2043 349 2086 11.
379 2042 422 2083 An
438 2041 576 2084 SENATVS
593 2041 779 2084 CONSVLTVM
793 2019 1017 2084 vnnnnlnttvm.⁹

211 2129 236 2187 l.
261 2122 318 2185 ¹⁰ln
333 2131 407 2185 omni
421 2144 522 2202 genere
538 2130 711 2201 negotiorum
726 2136 754 2183 et
769 2125 965 2200 obligationum
982 2136 1035 2184 tam
1052 2145 1102 2200 pro
1123 2186 1124 2190 ,

148 2217 213 2271 uiris
242 2230 323 2286 quam
350 2228 400 2286 pro
429 2213 535 2268 ieminis
563 2211 731 2268 intercedere
757 2211 883 2266 mulieres
912 2211 1099 2284 prohibemur.

147 2296 176 2361 2.
204 2299 314 2368 Mulier,
342 2313 411 2368 quae
432 2312 482 2369 pro
504 2289 606 2370 ’(se)¹¹
631 2293 767 2352 tutoribus
789 2293 906 2351 filiorum
929 2311 1040 2351 suorum
1063 2297 1102 2350 in·

222 2454 242 2523 ²)
260 2456 416 2506 Geminando
430 2456 531 2504 addidi.
557 2455 596 2519 Os.
606 2455 720 2518 Iuterpr.
772 2451 793 2520 2)
809 2453 946 2517 Suppleai,·
960 2454 1060 2504 eccidit
1072 2454 1103 2517 pir

147 2529 178 2580 ab
191 2535 325 2592 sequentes
338 2530 440 2576 litteras
453 2527 485 2574 iu.
537 2522 558 2591 ³)
575 2526 697 2590 Plerique
713 2526 775 2576 Cdd.
794 2525 889 2574 dabitur
903 2527 951 2574 alii
967 2525 1028 2574 Cdd.
1044 2526 1101 2574 edd.

149 2600 264 2649 Ceterum
278 2598 313 2660 cs.
328 2597 359 2646 L.
375 2607 396 2648 5·
411 2598 434 2658 §-
449 2609 482 2648 10.
498 2595 530 2645 D.
544 2596 569 2645 d.
584 2604 602 2646 t.

222 2668 269 2717 att.
285 2668 338 2717 IX.
376 2666 397 2731 ⁴)
415 2666 527 2730 Cf.§.4.
547 2666 803 2730 Lquodcamcaq.
820 2667 940 2717 inalien.
956 2664 1035 2732 (m).

149 2739 170 2806 ³)
186 2738 605 2789 discidisseuideturlrumentum.
632 2737 671 2800 Os.
682 2737 714 2785 L.
724 2749 745 2788 a.
760 2738 800 2798 §5-
812 2749 831 2786 1.
843 2748 863 2787 t.
878 2736 910 2785 D.
922 2736 945 2786 d.
957 2744 974 2788 t.
1020 2733 1102 2802 θ)ἰ.ε.

147 2813 171 2861 ai
181 2811 315 2874 filiusfam.
330 2825 360 2859 eo
374 2811 468 2865 animo,
481 2814 511 2857 ut
520 2810 608 2870 patris
622 2810 726 2872 repotia
738 2814 850 2872 peraret,
861 2809 1000 2870 pecuniam
1010 2809 1038 2856 in
1048 2811 1103 2856 eius

147 2897 201 2931 rem
215 2881 330 2930 uerterit.
356 2879 394 2942 Cf.
414 2879 599 2928 Uuterboizner
612 2877 781 2928 Sciatdverb.
796 2879 819 2940 ὅ.
834 2890 881 2928 eoo.
896 2894 927 2926 m.
980 2875 1001 2942 π)
1018 2878 1103 2927 Pteri-

148 2968 196 3017 pue
209 2951 234 3004 lt.
249 2953 266 3001 i.
281 2950 318 3000 ad
329 2957 471 3014 sequentem
485 2951 523 2999 tit.
538 2951 690 2998 retulerunt.

223 3021 271 3071 Pit.
289 3021 323 3070 X.
362 3019 383 3086 Β)
401 3020 439 3083 Cf.
454 3019 485 3068 L.
502 3032 567 3082 rpr.
587 3019 619 3068 b.
635 3020 667 3068 de
681 3017 728 3068 SC.
745 3019 846 3069 Maced.
862 3017 908 3084 (14,
922 3016 955 3084 o).

222 3092 271 3142 iit.
294 3091 343 3141 XI.
385 3087 407 3157 ⁹)
428 3091 540 3154 Proprie
565 3089 743 3148 Vellaeauum,
763 3105 787 3140 a.
807 3099 840 3140 tt.
876 3089 914 3151 Of.
929 3087 1054 3152 Borpbes.
1075 3090 1102 3137 iu

148 3164 244 3213 Annal.
258 3163 317 3212 deil’
332 3161 396 3211 Iasi.
411 3161 483 3210 arclt.
499 3172 559 3212 1849.
570 3177 598 3225 p.
608 3172 643 3212 ts.
692 3158 725 3226 ¹⁰)
741 3159 861 3209 Recisum
875 3173 929 3208 esse
940 3165 1006 3221 puta
1023 3155 1101 3207 ‘soro

153 3229 307 3285 Velleiana'.
386 3228 421 3298 ¹¹)
434 3229 564 3294 Supplevi.
593 3231 727 3296 Inteltipe:
740 3236 769 3278 ut
782 3232 840 3293 ipsa
854 3229 1104 3278 administrationem
1123 3255 1125 3260 ,

147 3321 234 3355 rerum
240 3305 355 3367 filiorum
363 3317 468 3352 suorum
475 3304 613 3365 acciperet,
624 3317 676 3366 pra
687 3302 736 3351 dac
745 3301 977 3350 administratione.
998 3299 1029 3348 L.
1039 3311 1052 3350 o
1058 3314 1102 3362 pr.

150 3375 175 3425 C.
188 3375 223 3424 ad
230 3373 278 3424 SC.
295 3373 378 3423 Vellei
388 3373 420 3439 (4,
430 3370 476 3438 aa).
495 3373 527 3421 11·
537 3385 558 3423 a.
575 3373 601 3424 0.
611 3375 636 3422 si
651 3379 732 3422 niater
746 3372 877 3420 indemnit.
889 3368 921 3435 (5,
931 3366 978 3434 to).
1003 3369 1103 3418 Vocula

147 3460 174 3494 se
189 3461 246 3495 cum
259 3445 414 3502 excidisset,
428 3442 562 3506 Interpres
581 3443 664 3508 Visip.
679 3445 761 3492 iocum
776 3442 877 3504 accepit
895 3441 928 3488 dc
945 3446 1027 3488 matre
1038 3441 1103 3502 filiis

143 3530 195 3579 pro
208 3522 292 3566 tutore
306 3531 323 3564 a
336 3529 364 3564 ae
374 3515 456 3578 petito
467 3515 634 3576 fideiussione
649 3512 770 3577 obligata,
785 3526 860 3575 qnam
869 3525 919 3559 non
931 3512 1009 3558 aliter
1019 3510 1103 3558 teneri

146 3593 255 3646 constat,
270 3587 323 3634 nisi
336 3586 360 3634 si
373 3585 421 3634 boc
436 3586 587 3647 specialiter
600 3584 703 3633 decreto
719 3581 925 3644 comprehensum
939 3581 981 3629 sit.
1007 3579 1039 3628 L.
1051 3592 1070 3629 1.
1081 3591 1102 3631 s.
