2542 3909
175 203 238 268 610
360 214 464 251 norum
482 214 589 251 cornuue
606 214 704 250 runem
723 194 807 250 XXV,
829 201 942 251 14-18.

68 348 165 397 201³oe
236 342 278 403 14.
304 338 358 410 ¹1s,
376 345 422 418 qui
439 336 444 421 Ι
460 352 573 418 rogatus
588 351 630 400 est
646 343 689 400 alii
704 345 847 401 restituere
862 342 1051 415 hereditatem,
1068 342 1135 416 lege

176 430 283 505 quidem
298 425 412 484 Falcidia
429 424 540 502 (locum)
555 444 611 484 non
626 426 757 499 habente,
775 428 901 501 quoniam
916 442 972 485 uon
986 426 1048 500 plus
1063 434 1135 501 puta

174 530 256 589 quam
275 511 433 569 dodrantem
452 513 595 568 restituere
613 519 726 585 rogatus
741 519 799 583 est,
820 527 853 569 er
868 509 1038 570 Trebelliano
1053 527 1135 568 sena·

176 606 220 654 tus
242 596 367 653 consulto
389 598 525 668 restitnit,
547 604 579 652 ut
592 598 618 651 ei
633 604 660 652 et
675 598 702 652 iu
722 612 783 653 eum
805 595 905 653 dentur
926 596 1063 667 actiones,
1085 596 1134 657 cui

173 683 301 739 restituta
323 688 365 737 est
386 679 531 738 hereditas.
580 680 643 753 lege
668 688 756 737 autern
778 678 894 737 Falcidia
919 680 1133 751 interueniente,

175 766 301 839 qnoniam
313 764 374 838 plus
387 764 546 821 dodrantem
557 764 602 820 uel
613 765 693 822 etiam
705 772 788 821 totam
798 763 973 825 hereditatem
986 765 1134 823 restituere

175 858 287 924 rogatus
302 842 380 915 'est,²
401 865 434 905 ex
448 847 597 922 Pegasiano
612 856 723 905 senatus
739 848 865 905 consulta
880 848 1016 922 restituit,
1038 855 1070 902 ut
1084 846 1133 903 de·

174 934 255 990 dueta
269 941 347 1007 parte
361 940 456 1007 quarta
470 934 538 1007 ipsi,
560 934 607 1007 qui
622 934 741 1007 scriptus
757 932 906 1003 ascherus,
927 923 984 987 'et³
997 931 1026 987 in
1041 931 1133 1003 ipsum

174 1020 295 1075 actiones
305 1024 516 1091 conseruentur3
533 1018 557 1072 is
568 1024 667 1087 autern,
684 1018 730 1089 qui
741 1016 838 1089 recipit
853 1014 1041 1085 hereditatem,
1055 1014 1132 1087 lega-

174 1103 235 1158 tarii
261 1102 324 1159 loeo
351 1101 492 1159 hahentur.
542 1097 583 1157 15.
613 1094 669 1156 ⁴En
690 1100 837 1174 Pepasiauo
865 1108 976 1156 senatus
1003 1098 1133 1155 consulto

173 1186 299 1243 restituta
321 1184 469 1241 hereditate
490 1185 630 1242 commoda
646 1192 674 1239 et
693 1183 862 1240 incommoda
878 1181 1035 1240 hereditatis
1057 1197 1133 1239 com·

174 1272 345 1327 municantur
359 1271 432 1325 iuter
447 1268 573 1326 heredem
588 1277 616 1325 et
631 1284 703 1337 eum,
719 1270 763 1325 cui
777 1267 899 1341 reliquae
914 1273 1006 1340 partes
1020 1266 1133 1322 restitu-

176 1363 217 1410 tae
238 1361 318 1423 sunt,
341 1354 508 1426 interpositis
530 1351 749 1426 stipulationibus
765 1350 805 1410 ‚ad
827 1350 980 1424 exemplum
1002 1352 1088 1423 partis
1103 1356 1134 1405 et

174 1453 224 1511 pro
246 1444 322 1511 parte
345 1436 560 1510 stipulationum.
603 1438 689 1510 partis
704 1444 794 1491 autem
809 1442 836 1491 et
851 1451 902 1509 pro
924 1442 1002 1507 parte
1016 1432 1133 1507 stipula·

174 1523 264 1577 tiones
284 1522 394 1594 proprie
416 1518 558 1591 dicuntur,
580 1535 651 1592 quae
673 1518 706 1575 de
721 1518 797 1575 lucro
818 1526 846 1575 et
863 1518 959 1575 damno
982 1518 1132 1575 communi·

174 1604 261 1661 cando
276 1603 367 1659 solent
381 1604 517 1677 interponi
527 1604 599 1659 iuter
610 1601 737 1660 heredem
749 1611 777 1659 et
787 1602 947 1677 legatarium
961 1602 1130 1675 partiarr’unr,

175 1688 201 1743 id
222 1694 280 1757 est,
302 1702 363 1744 cunr
384 1703 439 1760 quo
461 1686 572 1760 'partire‘
592 1680 706 1744 iussus⁵
727 1694 770 1742 est
791 1686 881 1746 heres.
924 1679 966 1743 16.
990 1680 1036 1745 ⁰Si
1051 1685 1132 1741 heres

175 1771 328 1828 damnosam
350 1770 526 1828 hereditatem
548 1770 634 1841 dieat,
657 1774 767 1843 cogitur
781 1787 795 1826 a
811 1778 937 1843 praetore
957 1768 1031 1825 adire
1045 1776 1205 1835 stre-[5151

174 1857 287 1913 stituere
303 1863 402 1922 totam,
426 1856 462 1911 ita
478 1862 509 1911 ut
523 1856 548 1910 ei
564 1863 591 1911 et
613 1856 640 1910 in
656 1870 732 1925 eaor,
756 1856 801 1927 qui
823 1854 920 1927 recipit
941 1852 1131 1925 hereditatem,

175 1940 294 1998 actiones
310 1938 421 2009 dentur,
445 1938 559 2012 proinde
574 1946 655 2011 atque
670 1940 693 1993 si
708 1954 739 1995 ex
755 1936 925 1993 'l'rehelliano
940 1944 1132 2013 senatuscon-

175 2023 248 2081 sulta
268 2025 394 2080 restituta
414 2023 520 2081 fuisset.
564 2021 647 2095 idque
662 2030 692 2079 ut
707 2023 745 2077 ita
767 2018 830 2093 liat,
851 2020 998 2093 Pegasiano
1019 2028 1131 2077 senatus

173 2107 300 2165 consulto
316 2114 434 2165 cautum.

236 2188 275 2249 la.
300 2184 348 2247 ⁷Si
370 2193 431 2265 quis
448 2193 476 2246 in
498 2188 619 2246 iraudem
643 2190 747 2247 tacitam
770 2186 850 2245 fidem
872 2186 1130 2260 adcommodauerit,

67 2279 205 2349 201aput
226 2292 282 2333 non
303 2276 418 2348 capienti
440 2272 679 2330 fideicommissum
700 2274 840 2344 restituat,
862 2264 932 2351 inec
954 2270 1130 2346 quadrantem

174 2376 235 2417 euni
251 2358 384 2415 deducere
404 2366 513 2413 senatus
535 2358 656 2428 censuit,
678 2372 729 2413 nec
749 2356 877 2414 caducum
897 2356 1034 2413 uindicare
1048 2371 1081 2413 ex
1096 2372 1130 2411 eo

175 2450 346 2512 testamento,
361 2442 385 2497 si
400 2440 500 2497 liberos
515 2438 622 2496 haheat.

236 2524 280 2585 18.
304 2519 444 2581 ⁸Lihertas
458 2523 515 2580 dari
529 2532 622 2598 potest
637 2539 687 2598 per
702 2522 948 2582 fideicommissum.

247 2709 267 2778 ¹)
283 2712 321 2775 Cf.
339 2710 396 2761 dai.
411 2723 432 2770 a,
447 2721 494 2762 255.
510 2712 586 2760 Paul.
599 2722 621 2769 4,
636 2720 656 2760 a.
672 2712 695 2772 §-
711 2723 731 2761 1.
784 2704 805 2775 ⁹)
819 2709 852 2758 sit
869 2709 928 2759 Vat.
943 2709 1001 2759 edd.
1023 2709 1128 2770 Fuerat,

174 2791 202 2834 at
211 2790 276 2847 puta
291 2790 313 2843 e,
328 2783 397 2847 qaod
415 2797 471 2831 cum
485 2781 516 2832 ah
529 2796 637 2846 repuens
657 2795 684 2829 ex
699 2781 834 2843 periisset,
854 2781 927 2843 infra
941 2786 1003 2843 past
1019 2796 1042 2829 a.
1058 2781 1128 2829 heres

174 2856 292 2905 omissum
304 2854 377 2903 ethic
389 2854 548 2902 intrarantet
557 2858 695 2913 corrogatas
703 2850 899 2903 adhaerentem
906 2850 995 2913 fronte
1005 2865 1017 2899 s
1028 2851 1128 2913 factum

174 2933 212 2975 est
226 2926 264 2976 sit..
330 2920 569 2988 ⁹)Hacreaocaat',
583 2923 634 2972 oid.
650 2928 700 2970 aot.
716 2933 735 2971 2.
752 2918 798 2986 (et)
812 2920 851 2970 ed.
866 2919 915 2986 Bp.
975 2917 997 2985 ⁴)
1014 2920 1052 2984 Cf.
1070 2920 1126 2971 Gai.

174 3009 194 3054 2,
210 3006 257 3047 254.
278 2996 353 3044 Paul.
368 3006 389 3057 t,
404 3006 423 3045 a.
439 2998 462 3057 ξ.
478 3007 498 3045 t.
512 3008 594 3057 capra
607 3004 641 3051 24,
656 3000 690 3045 25.
756 2990 776 3056 ⁶)
791 2991 893 3054 partitus
912 2988 976 3056 (pra
989 2992 1128 3057 perliniens)

179 3067 237 3116 Vat.
252 3066 310 3116 edd.
340 3064 393 3115 Nec
412 3081 472 3115 aera
491 3065 587 3113 demam
605 3079 640 3113 ex
655 3063 730 3125 saeta
743 3063 888 3125 partitione
905 3062 970 3112 haec
988 3064 1127 3125 appellatio

174 3139 280 3189 dieitur.
303 3136 393 3186 Simile
406 3138 495 3185 vitium
509 3135 559 3184 aid.
575 3136 602 3183 t'rt
616 3146 650 3192 16,
660 3144 680 3183 ti.
733 3128 754 3198 ο)
770 3132 808 3195 Cf.
827 3132 883 3181 Gai.
894 3142 915 3195 2,
925 3143 972 3185 aaa.
989 3132 1064 3183 Paul.
1075 3144 1096 3191 4,
1106 3145 1126 3185 ι.

174 3210 233 3269 §.n
286 3204 361 3271 7)0[.
376 3205 407 3263 L.
424 3218 457 3258 ιο.
472 3219 505 3256 11.
525 3205 557 3253 Ι).
572 3206 605 3253 de
618 3205 659 3253 his
674 3219 697 3268 q.
713 3210 740 3253 ut
754 3204 807 3252 iod.
824 3204 868 3267 (er,
878 3202 910 3267 e).
930 3202 961 3251 L.
972 3213 1004 3254 te.
1021 3203 1043 3264 ξ.
1055 3216 1075 3254 t.
1095 3204 1125 3251 Ι).

175 3279 240 3327 adt.
257 3276 327 3326 Fata.
343 3275 388 3342 (aa,
404 3276 434 3342 a).
449 3276 575 3338 haam.
591 3274 622 3323 L.
638 3286 671 3326 ae.
692 3274 723 3326 D.
739 3273 932 3338 dei.fisci(4e,
948 3274 992 3339 14).
1051 3270 1072 3338 8)
1089 3272 1126 3335 Cf.

174 3363 257 3411 cupra
274 3358 299 3407 a,
318 3359 330 3398 a
348 3362 399 3411 seq.
437 3346 552 3395 Ceterum
577 3344 677 3394 deabus
697 3343 842 3394 rationibus
862 3351 932 3393 recte
953 3344 1017 3393 daec
1037 3346 1128 3408 reputa

175 3417 287 3466 breuiter
301 3419 376 3465 etiam
390 3418 414 3465 h.
430 3418 447 3466 1.
462 3417 552 3465 addita
566 3416 651 3463 rideri
667 3414 753 3471 deden
767 3416 880 3477 primum
897 3430 929 3464 rec
947 3429 999 3464 aare
1014 3416 1128 3478 capienti

175 3486 224 3536 hoa
238 3501 301 3535 aare
311 3487 533 3548 fideicommissum
550 3500 626 3535 cervo
647 3485 709 3533 dari
722 3491 799 3547 putes
816 3484 861 3548 (cf.
877 3484 908 3533 L.
922 3496 943 3535 4.
965 3484 991 3533 O.
1006 3485 1038 3533 ale
1052 3487 1126 3549 legat.

177 3567 198 3613 a,
212 3555 260 3619 aa),
279 3557 372 3605 deinde
391 3558 452 3621 quia
470 3568 487 3604 a
505 3556 616 3619 sinprrh's
634 3553 710 3603 rebus
724 3570 775 3618 per
790 3556 1011 3617 fideicommissum
1029 3557 1128 3605 relictis
