2542 3909
361 207 420 243 uos.
439 208 472 243 nn
489 206 551 243 nou.
570 208 661 244 unauna
679 206 787 245 conus.
806 190 865 244 xli.
886 196 909 247 7.
1044 191 1107 257 687

153 336 222 395 libro
238 353 278 396 vx.
295 353 327 393 ex
341 336 453 393 Viuiano
468 336 583 394 relatum
599 345 655 394 est:
679 339 703 395 si
722 337 832 396 inunum
852 340 1000 397 secundum
1022 341 1109 413 parie-

153 429 209 479 tem
223 436 391 481 communem
411 420 538 488 haberes,
562 438 596 478 an
618 422 708 479 damni
730 424 826 479 iniuria
850 425 983 481 tenearis?
1019 423 1053 481 Et
1071 426 1110 480 ait

153 501 352 580 ’(Prooulus),¹
375 506 418 580 agi
433 522 488 563 non
510 504 607 580 'posse
623 500 739 565 tecum²
760 507 864 581 Aquilia
884 508 960 583 lege,
982 509 1044 584 quia
1059 524 1111 565 nec

155 606 216 648 cum
231 607 275 665 eo,
291 590 337 664 qui
352 588 441 646 iocum
456 588 582 648 haberet:
604 599 632 647 et
646 590 708 647 ideo
724 607 839 666 aequum
854 600 941 666 putat,
964 594 992 651 ln
1010 592 1109 649 iactum

154 676 288 733 actionem
304 673 425 730 dandam.
455 674 507 731 Sed
521 690 576 731 non
591 674 722 749 proponit
733 685 856 732 exustum
872 679 1013 750 parietem.
1040 676 1111 732 Sane

154 760 224 818 enim
239 760 332 834 quaeri
347 765 450 833 potest,
465 752 535 834 '(si)³
549 758 670 815 nondum
685 758 750 815 mihi
765 759 890 815 damnum
905 759 1022 832 dederis,
1037 754 1111 817 ’sed⁴

152 845 192 901 ita
206 847 296 919 ignem
311 842 418 915 habeas,
429 897 431 901 .
442 851 473 900 ut
486 852 615 911 metuam,
631 859 666 899 ne
680 843 744 900 mihi
759 842 848 915 detur,
869 859 984 917 aequum
999 845 1044 913 sit,
1067 860 1113 900 mo

153 929 262 985 interim
276 928 408 985 actionem
422 928 450 983 ln
465 926 565 985 iactum
580 927 743 1000 impetrare?
773 926 906 983 Fortassis
922 928 994 984 enim
1009 926 1043 984 de
1057 927 1111 985 hoc

154 1014 269 1071 senserit
284 1011 428 1067 Proculus:
451 1013 503 1068 nisi
525 1012 584 1085 quis
599 1010 710 1081 dixerit,
733 1010 823 1067 damni
846 1005 963 1068 'iniecti⁵
983 1009 1113 1069 sulficere

153 1099 316 1154 cautionem.
360 1091 389 1152 9.
413 1088 480 1151 ⁶Sod
495 1097 545 1150 etsi
567 1096 613 1167 qni
629 1095 703 1149 serui
718 1094 841 1169 inquilini
864 1094 978 1152 insulam
1000 1111 1111 1153 exusse-

82 1189 144 1240 [591]
154 1183 220 1257 rint,
235 1179 304 1237 libro
316 1197 344 1237 x.
357 1178 466 1235 Urseius
477 1179 571 1250 refert,
587 1176 716 1234 Sabinum
730 1176 915 1252 respondisse,
930 1179 992 1253 lege
1004 1179 1111 1254 Aquilia

153 1280 297 1323 seruorum
313 1264 420 1319 nomine
435 1262 571 1318 dominum
591 1259 683 1317 noxali
702 1261 804 1319 iudicio
826 1263 1055 1321 conueniendum:
1078 1279 1111 1319 ex

153 1349 244 1406 locato
260 1338 349 1402 antem
364 1344 501 1401 dominnm
517 1346 603 1403 teneri
619 1352 710 1419 negat.
747 1344 879 1403 Proculus
892 1355 982 1404 autem
994 1363 1109 1421 respon·

154 1431 208 1489 dit:
224 1446 285 1488 cum
296 1429 386 1487 coloni
397 1430 470 1485 serui
483 1428 575 1486 uillam
590 1428 752 1497 exusserint,
769 1429 897 1489 colonum
908 1430 953 1489 uel
965 1447 997 1487 ex
1010 1430 1110 1503 locato,

155 1515 199 1573 nel
221 1515 283 1589 loge
299 1513 403 1590 Aquilia
426 1515 524 1587 teneri,
543 1516 580 1572 ita
602 1521 633 1570 nt
648 1514 762 1571 colonus
783 1529 893 1571 seruum
915 1516 1003 1590 possit
1017 1528 1114 1573 ¹noxae

155 1599 268 1657 dedere:
291 1600 364 1657 etsi
386 1614 440 1655 uno
462 1598 561 1657 iudicio
584 1614 627 1655 res
649 1591 710 1654 ’slt⁷
732 1596 863 1672 iudicata,
887 1600 974 1657 altero
997 1602 1115 1675 amplius

155 1700 209 1741 non
225 1676 384 1758 agendum.⁸
428 1678 475 1740 10.
499 1678 805 1742 ⁹Celsuslihroxxv11.
822 1683 990 1758 digestorum
1005 1686 1113 1743 scribit:

155 1770 179 1825 si
194 1783 254 1824 cnm
269 1782 332 1841 apes
347 1781 422 1823 meae
437 1766 470 1822 ad
485 1774 544 1824 tuas
559 1766 745 1840 aduolasseut,
766 1773 796 1823 tu
806 1783 852 1823 eas
867 1770 1013 1834 exusseris,
1030 1786 1112 1843 qnos·

155 1851 214 1908 dam
230 1865 341 1925 negare,
357 1859 512 1924 competere
527 1849 595 1924 legis
611 1850 732 1925 Aquiliae
746 1852 895 1923 actionem,
910 1853 983 1908 inter
998 1868 1068 1926 quos
1084 1860 1112 1909 et

155 1935 314 2008 Proculum,
330 1935 406 2008 qnasi
421 1949 485 2009 apes
501 1933 609 1992 dominii
624 1935 746 1990 melnen
761 1933 871 1992 luerint.
902 1934 955 1993 Sed
970 1936 997 1993 id
1012 1936 1112 1993 falsum

156 2035 226 2092 esse,
249 2018 342 2076 Celsus
363 2019 423 2091 ait,
438 2032 499 2075 curn
514 2034 577 2092 apes
599 2018 724 2074 reuenire
739 2016 854 2089 soleant,
878 2026 906 2075 et
924 2018 1025 2076 fructui
1047 2021 1113 2078 mihi

155 2105 219 2164 sint.
261 2102 314 2160 Sed
337 2101 468 2159 Proculus
489 2108 683 2173 eo·mouetur,
705 2100 778 2176 quod
801 2117 851 2158 neo
872 2110 1039 2177 mansuetae,
1063 2119 1114 2161 nec
1183 2132 1188 2139 ·

154 2180 259 2245 'cistam
275 2187 379 2245 clausae
395 2186 504 2245 inerint.
542 2186 601 2261 lpse
616 2194 704 2242 autom
720 2185 813 2243 Celsus
829 2187 878 2258 ait,
895 2186 961 2243 nihil
977 2190 1048 2245 inter
1063 2188 1112 2245 has

155 2278 184 2328 et
197 2269 334 2328 columbas
348 2271 494 2344 interesse,
518 2286 587 2345 qnae
602 2272 625 2326 si
647 2268 756 2327 'manus
771 2263 943 2345 effugiunt,¹¹
967 2265 1114 2329 domitae¹²

156 2363 245 2411 tamen
261 2354 378 2429 lugiunt.

420 2435 522 2499 Explicit
536 2435 617 2486 titulus
632 2436 661 2485 de
677 2435 839 2497 incendiariis.

154 2638 187 2686 Ι).
202 2638 257 2688 eod.
272 2637 422 2702 quibusdam
436 2638 547 2688 mutatis.
607 2634 627 2702 ¹)
641 2637 687 2687 Ee
700 2638 760 2705 nep.
775 2642 901 2705 supplevi.
953 2636 1073 2707 ¹)posset
1087 2640 1114 2690 id

154 2706 186 2757 B.
205 2722 302 2770 possem
316 2708 341 2759 id
359 2709 405 2759 Ve.
424 2722 496 2772 posse
511 2707 535 2758 id
554 2707 595 2757 Vi.
625 2708 716 2759 licerit
735 2711 811 2761 initio
832 2712 885 2761 tee‘.
905 2710 947 2760 Bl.
962 2713 1018 2761 ed:
1031 2725 1111 2775 posse.

157 2773 178 2843 ⁸)
192 2777 311 2844 Exuep.
372 2775 394 2846 ⁴)
408 2779 469 2843 Dip.
484 2785 508 2828 et
524 2778 585 2828 cad.
601 2778 697 2829 edlu.
761 2777 857 2846 ⁵)Di9.
872 2782 989 2831 nonlacti
1005 2780 1110 2848 (ex(i)ir

113 2842 122 2861 ⁰
156 2847 223 2913 lecti)
239 2848 302 2901 Odd.
316 2849 375 2899 edd.
396 2849 435 2913 Cf.
449 2848 481 2897 L.
497 2859 529 2900 24.
545 2850 568 2909 ἓ.
578 2859 599 2899 t.
618 2848 652 2897 D.
666 2848 699 2899 de
712 2850 796 2900 damn.
808 2852 856 2915 ius.
867 2850 913 2917 (eu,
922 2850 956 2916 a).
1008 2849 1031 2917 ⁶)
1043 2852 1117 2901 Pare

156 2925 242 2969 euolat
256 2918 287 2969 L.
302 2931 335 2971 aa.
351 2922 374 2982 ξ.
389 2932 423 2971 11.
446 2919 479 2969 D.
494 2919 530 2970 ad
543 2921 591 2982 lep.
606 2918 695 2983 Aquil.
709 2919 742 2986 (e,
756 2919 789 2985 x).
856 2918 876 2986 ⁷)
891 2928 957 2970 esset
972 2921 1034 2971 odd.
1050 2923 1111 2986 Dip.

99 3017 102 3025 ·
154 2986 209 3039 seu
222 3002 261 3039 es·
275 3005 309 3039 em
323 3005 362 3039 res
377 2990 503 3041 adhaesit.
568 2987 589 3054 8)
606 2988 678 3049 Quae
691 2997 834 3055 sequuntur
848 2992 875 3040 in
890 2990 964 3055 Diffi,
984 2993 1039 3054 ipae
1055 2992 1113 3042 Gol-

156 3061 225 3109 lator
243 3061 345 3111 uidetur
362 3063 511 3111 resecuisse.
582 3056 604 3125 ⁹)
622 3059 656 3109 Iu
675 3059 750 3110 brem
769 3067 861 3111 coacta
878 3060 1006 3111 labentur
1024 3062 1056 3112 L.
1076 3072 1110 3113 at.

155 3131 179 3192 §-
194 3139 227 3181 12.
251 3129 284 3179 D.
303 3131 340 3181 ad
357 3133 404 3196 lep.
422 3131 511 3196 Aquil.
527 3130 563 3197 (9,
578 3131 609 3195 a).
677 3126 710 3196 ¹⁰)
724 3131 758 3180 itu
773 3130 836 3182 cdd.
850 3132 909 3181 edd.
936 3132 995 3181 Alii
1007 3134 1057 3195 ej:
1075 3134 1115 3183 in·

155 3201 236 3251 clusae
250 3208 296 3249 aul
310 3201 334 3251 in
347 3201 416 3251 alnoo
431 3202 534 3263 clausae,
548 3207 594 3249 aut
607 3206 686 3252 tamen
701 3201 803 3252 clausae.
866 3198 900 3268 ¹¹)
914 3201 959 3251 aa
975 3202 1062 3253 Ouiae.
1078 3206 1112 3268 ci.

154 3284 225 3321 mann
244 3272 364 3333 refugiunt
384 3271 446 3321 Octa.
466 3271 523 3321 edd.
542 3270 583 3321 Bi.
615 3270 713 3322 Sensus
733 3280 786 3323 est:
806 3274 856 3323 etei
874 3287 964 3322 manue
983 3273 1113 3324 hominum

154 3343 253 3391 evitant
266 3357 299 3391 ao
310 3343 430 3407 fugiunt,
449 3348 476 3391 ut
494 3356 541 3391 nec
559 3349 706 3393 mansuetae
723 3358 771 3394 neo
790 3343 983 3406 mansuefactae
1000 3347 1114 3408 proprie

149 3412 210 3461 'diei
218 3412 327 3475 possint.
395 3407 427 3477 ¹²)
442 3412 506 3460 domi
522 3410 584 3461 Gdd.
599 3414 674 3469 odda
692 3420 743 3464 -me
757 3413 788 3465 ol
802 3428 909 3478 sequens
924 3422 1002 3464 tamen
1017 3417 1109 3478 periit.

154 3481 204 3531 Eat
217 3496 278 3532 nera
292 3482 407 3532 domitae:
427 3483 455 3531 iu
469 3482 616 3533 uniuersum
629 3483 748 3547 deposita
759 3485 880 3548 feritate,
895 3491 923 3535 ut
936 3492 961 3535 et
974 3486 1033 3550 ipra
1043 3485 1113 3551 supa

154 3552 204 3602 lua
217 3551 348 3602 domitura
361 3554 532 3603 continentur.
