2542 3909
169 182 208 239 26
509 184 537 219 ld.
556 182 667 219 TVLLIVS
685 181 786 216 CICERO.

228 314 262 370 A.
285 310 460 379 Rectissime,
488 315 516 363 et
544 306 653 379 quidem
679 308 733 363 ista
754 306 823 363 duce
844 308 930 364 errari
951 306 1028 364 nullo
1050 315 1132 381 pacto

170 402 271 471 potest.

229 477 282 532 Vll.
306 473 351 534 21.
372 476 414 533 M.
437 474 521 531 llasue
536 475 622 547 igitur
636 474 690 530 hoc
703 473 793 547 nobis,
810 473 953 547 Pomponi,
966 474 1134 543 namsoumu

166 562 232 617 noui
244 561 418 631 seutentiam,
438 558 551 616 deorum
566 559 750 615 inmortalium
771 560 809 629 ui,
831 567 937 629 natura,
953 561 1068 631 ratione,
1083 576 1135 633 po·

166 650 276 715 testate,
291 650 396 714 mente,
411 644 537 714 numine,
552 643 610 697 siue
627 642 700 715 quod
715 652 757 697 εει
771 641 843 698 aliud
858 642 989 714 uerbum,
1005 659 1060 716 quo
1075 642 1134 717 pla-

166 730 227 783 nius
247 724 396 802 significem
412 726 485 801 quod
500 726 580 797 uolo,
602 736 725 782 naturam
741 743 847 782 omnem
862 727 937 799 regi?
958 743 1020 781 nam
1043 728 1066 782 si
1081 727 1134 783 hoc

167 828 222 867 uon
237 810 345 885 probas,
362 811 394 867 ab
409 827 442 867 εο
458 810 536 867 nobis
552 824 632 866 causa
649 810 777 867 ordienda
793 818 836 865 est
849 812 1030 884 potissimum.

230 896 264 953 A.
288 894 325 952 llo
337 912 411 967 sane,
432 895 456 951 si
473 894 610 968 postulas;
634 896 734 950 etenim
750 902 864 967 propter
880 895 953 950 hunc
971 903 1133 951 concentum

167 981 256 1036 auium
272 982 470 1054 strepitumque
485 978 626 1034 [luminum
641 994 697 1034 non
712 994 810 1034 uereor
828 978 1077 1052 condiscipulorum
1098 995 1134 1035 ue

170 1066 231 1138 quis
247 1064 380 1120 exaudiat.

230 1149 271 1205 M.
295 1148 376 1219 Atqui
398 1146 546 1202 cauendum
568 1154 629 1215 est,
652 1144 742 1201 solent
763 1146 845 1216 euim,
867 1145 896 1201 id
917 1145 991 1217 quod
1011 1147 1135 1202 uirorum

166 1230 301 1288 hortorum
322 1239 375 1301 est,
395 1229 538 1285 admodum
559 1230 654 1300 irasci,
676 1245 726 1285 nec
740 1245 807 1285 uero
819 1228 925 1299 ferent,
945 1231 970 1285 si
989 1229 1134 1302 audierint,

167 1323 195 1371 te
209 1316 326 1388 primum
340 1320 423 1386 caput
437 1312 498 1368 libri
513 1314 608 1385 optimi
627 1312 788 1384 prodidisse,
806 1314 833 1367 in
850 1329 904 1385 quo
919 1314 1039 1386 scripsit,
1055 1313 1135 1370 ‘nihil

169 1415 263 1455 curare
278 1398 357 1454 deum
374 1414 423 1453 uec
438 1398 480 1452 sui
496 1412 546 1452 nec
562 1396 664 1452 alieui.'

231 1478 277 1541 22.
300 1480 335 1537 A.
357 1481 455 1553 Perge,
471 1496 585 1551 quaeso:
605 1495 666 1534 nam
680 1479 716 1549 id,
739 1479 815 1552 quod
835 1478 885 1535 tibi
901 1482 1035 1553 concessi,
1052 1497 1135 1554 quor·

168 1582 215 1622 sus
229 1566 363 1639 pertineat
379 1572 502 1637 expecto.

230 1650 271 1706 M.
294 1648 353 1703 Nou
375 1647 468 1705 faciam
487 1647 612 1720 longius,
641 1646 695 1702 huc
715 1648 786 1702 enim
810 1649 946 1720 pertinet,
967 1648 1063 1705 animal
1082 1649 1135 1705 hoc

167 1734 322 1808 prouidum,
337 1748 428 1805 sagas,
444 1730 595 1803 multiplex,
616 1739 736 1806 acutum,
756 1746 869 1801 memor,
893 1732 1004 1805 pleuum
1018 1734 1133 1788 rationis

168 1826 196 1873 et
218 1816 340 1888 consilii,
362 1832 442 1889 quem
462 1828 590 1870 uocamus
610 1815 762 1884 homiuem,
784 1814 919 1887 praeclara
940 1816 1054 1888 quadam
1068 1832 1134 1873 corr·

168 1900 273 1956 dicione
288 1907 447 1973 generatum
462 1914 522 1954 esse
537 1915 552 1952 a
567 1914 694 1971 supremo
709 1898 771 1955 deo.
798 1898 887 1954 solum
902 1907 945 1955 εει
961 1901 1032 1955 enim
1047 1917 1079 1957 ex
1091 1908 1135 1957 tot

168 1985 340 2039 animantium
355 1982 499 2056 generibus
515 1990 596 2055 atque
611 1984 713 2038 naturis
728 1984 864 2055 particeps
886 1985 999 2039 rationis
1015 1994 1043 2039 ει
1056 1986 1134 2059 cogi·

170 2068 291 2137 tationis,
315 2083 397 2140 quom
419 2074 508 2122 cetera
530 2068 583 2121 sint
605 2067 693 2121 omnia
713 2068 842 2139 expertia.
878 2068 943 2140 quid
968 2076 1011 2123 est
1032 2077 1133 2142 autem,

168 2167 223 2209 nou
238 2151 325 2209 dicam
339 2152 367 2207 iu
382 2151 501 2223 homine,
516 2150 564 2206 sed
579 2152 606 2205 in
622 2152 695 2206 omni
716 2150 791 2207 caelo
811 2159 895 2224 atque
915 2160 1001 2223 terra,
1027 2154 1133 2208 ratione

168 2235 302 2292 diuiniusl
325 2252 393 2310 quae
417 2251 498 2307 quom
520 2234 641 2289 adoleuit
661 2241 742 2307 atque
760 2234 880 2307 perlecta
899 2242 958 2304 est,
978 2237 1135 2291 nominatur

167 2321 220 2375 rite
234 2321 374 2392 sapientia.
405 2314 453 2375 23.
468 2326 510 2373 est
524 2319 618 2389 igitur,
634 2319 760 2391 quoniam
774 2318 841 2374 nihil
856 2327 899 2374 est
912 2318 1027 2374 ratione,
1036 2318 1134 2374 melius

168 2398 267 2474 eaque¹
289 2410 316 2457 ει
330 2404 357 2456 iu
373 2402 481 2456 homine
496 2403 565 2456 etin
582 2402 641 2471 deo,
664 2404 750 2475 prima
764 2401 867 2458 homini
879 2418 938 2458 cum
953 2401 1005 2457 deo
1020 2402 1133 2459 rationis

169 2487 292 2541 societas.
328 2486 398 2540 inter
424 2500 492 2557 quos
516 2492 604 2540 autem
625 2487 710 2558 ratio,
732 2488 804 2541 iuter
825 2485 935 2543 cosdem
956 2489 1038 2541 etiam
1058 2495 1133 2544 recta

168 2562 253 2625 ratio²
273 2569 423 2625 communis
445 2576 504 2637 est3
528 2584 596 2641 quae
618 2586 679 2626 cum
700 2571 736 2625 sit
755 2570 810 2641 les,
831 2569 892 2645 lege
910 2587 1020 2644 quoque
1035 2586 1133 2627 conso·

169 2654 229 2710 ciati
249 2653 371 2708 homiues
392 2668 452 2707 curn
472 2651 513 2707 dis
534 2653 646 2725 putandi
666 2670 770 2710 sumus.
803 2656 876 2710 inter
895 2672 965 2728 quos
986 2671 1069 2729 porro
1091 2664 1134 2711 est

168 2738 322 2792 communio
344 2734 424 2809 legis,
445 2737 515 2792 inter
535 2752 582 2791 eos
598 2739 750 2793 commuuio
766 2738 832 2792 iuris
847 2745 905 2806 est3
929 2738 1028 2812 quibos
1043 2747 1133 2795 autem

168 2820 234 2876 haec
254 2828 318 2875 sunt
336 2820 407 2874 inter
429 2836 477 2875 eos
502 2822 668 2892 communia,
690 2823 715 2876 ei
737 2822 853 2876 ciuitatis
875 2821 996 2878 eiusdem
1019 2822 1132 2878 habendi

167 2912 241 2960 sunt.
271 2905 294 2959 si
310 2919 376 2959 uero
391 2904 475 2959 isdem
490 2906 607 2977 imperiis
623 2913 650 2959 et
665 2902 847 2977 potestatibus
862 2915 968 2975 parent,
984 2906 1132 2962 multoiam

168 2988 270 3061 mugis;
293 2995 389 3061 parent
409 2996 498 3043 autem
514 2989 577 3044 huic
592 2988 702 3044 caelesti
717 2987 894 3060 descriptioni
909 2992 1049 3062 mentique
1064 2990 1133 3046 diui·

166 3086 216 3127 uae
232 3078 259 3125 et
274 3072 444 3144 praepotenti
461 3071 522 3128 deo.
551 3079 580 3127 ut
595 3073 647 3126 iam
663 3073 807 3126 uniuersus
822 3072 866 3129 hic
881 3073 998 3128 mundus
1011 3068 1066 3146 (sit)
1081 3090 1133 3129 una

167 3156 261 3211 ciuitas
274 3158 421 3211 communis
432 3156 545 3212 deorum
557 3162 639 3227 atque
650 3155 788 3211 homiuum
799 3155 985 3212 existimanda.
1016 3164 1045 3211 et
1060 3157 1133 3229 quod

166 3240 195 3295 iu
217 3237 372 3295 ciuitatibus
393 3241 497 3295 ratione
520 3238 650 3312 quadam,
679 3237 712 3293 de
734 3255 785 3311 qua
808 3235 915 3297 dicetur
936 3239 1035 3296 idoneo
1058 3239 1132 3314 loco,

240 3425 259 3493 1)
275 3427 325 3475 ΑΒ
337 3435 374 3476 εει
387 3443 421 3476 esc
436 3426 566 3490 Madvigii
583 3428 616 3488 cj.
635 3427 740 3477 addidit
754 3429 785 3477 V.
819 3425 841 3495 ²)
856 3436 881 3478 et
899 3429 1000 3479 addunt
1013 3429 1069 3488 AB,
1091 3432 1130 3480 ed.

171 3498 202 3547 V.
221 3514 265 3562 par
284 3506 308 3547 ει
322 3500 353 3559 qj.
370 3498 443 3546 idem.
