<?xml version="1.0" encoding="UTF-8"?>
<!DOCTYPE html PUBLIC "-//W3C//DTD XHTML 1.0 Transitional//EN"
    "http://www.w3.org/TR/xhtml1/DTD/xhtml1-transitional.dtd">
<html xmlns="http://www.w3.org/1999/xhtml" xml:lang="en" lang="en">
 <head>
  <title>
</title>
<meta http-equiv="Content-Type" content="text/html;charset=utf-8" />
  <meta name='ocr-system' content='tesseract 3.04.00' />
  <meta name='ocr-capabilities' content='ocr_page ocr_carea ocr_par ocr_line ocrx_word'/>
</head>
<body>
  <div class='ocr_page' id='page_1' title='image "./iurisprudentiae01huscgoog_0059.png"; bbox 0 0 2542 3909; ppageno 0'>
   <div class='ocr_carea' id='block_1_1' title="bbox 465 235 1096 293">
    <p class='ocr_par' dir='ltr' id='par_1_1' title="bbox 465 235 1096 293">
     <span class='ocr_line' id='line_1_1' title="bbox 465 235 1096 293; baseline 0.006 -20"><span class='ocrx_word' id='word_1_1' title='bbox 465 240 501 273; x_wconf 80' lang='lat' dir='ltr'><strong>on</strong></span> <span class='ocrx_word' id='word_1_2' title='bbox 519 240 631 275; x_wconf 75' lang='lat' dir='ltr'><strong>merere</strong></span> <span class='ocrx_word' id='word_1_3' title='bbox 650 240 729 275; x_wconf 78' lang='lat' dir='ltr'><strong>menn</strong></span> <span class='ocrx_word' id='word_1_4' title='bbox 745 242 766 275; x_wconf 84' lang='lat'><strong>1.</strong></span> <span class='ocrx_word' id='word_1_5' title='bbox 1055 235 1096 293; x_wconf 79' lang='lat'><strong>35</strong></span> 
     </span>
    </p>
   </div>
   <div class='ocr_carea' id='block_1_2' title="bbox 129 364 1098 691">
    <p class='ocr_par' dir='ltr' id='par_1_2' title="bbox 129 364 1098 691">
     <span class='ocr_line' id='line_1_2' title="bbox 131 364 1098 439; baseline 0.003 -16"><span class='ocrx_word' id='word_1_6' title='bbox 131 366 253 436; x_wconf 89' lang='lat' dir='ltr'><strong>dubium,</strong></span> <span class='ocrx_word' id='word_1_7' title='bbox 269 366 381 439; x_wconf 89' lang='lat' dir='ltr'><strong>quinis,</strong></span> <span class='ocrx_word' id='word_1_8' title='bbox 397 367 443 438; x_wconf 93' lang='lat' dir='ltr'><strong>qui</strong></span> <span class='ocrx_word' id='word_1_9' title='bbox 455 365 573 421; x_wconf 87' lang='lat' dir='ltr'><strong>liberalis</strong></span> <span class='ocrx_word' id='word_1_10' title='bbox 589 364 760 439; x_wconf 78' lang='lat' dir='ltr'><strong>benignusne</strong></span> <span class='ocrx_word' id='word_1_11' title='bbox 774 366 882 439; x_wconf 89' lang='lat' dir='ltr'><strong>dicitur,</strong></span> <span class='ocrx_word' id='word_1_12' title='bbox 898 366 1028 439; x_wconf 85' lang='lat' dir='ltr'><strong>cilicium,</strong></span> <span class='ocrx_word' id='word_1_13' title='bbox 1043 386 1098 427; x_wconf 88' lang='lat' dir='ltr'><strong>non</strong></span> 
     </span>
     <span class='ocr_line' id='line_1_3' title="bbox 130 450 1096 525; baseline 0.002 -20"><span class='ocrx_word' id='word_1_14' title='bbox 130 451 249 507; x_wconf 79' lang='lat' dir='ltr'><strong>fructum</strong></span> <span class='ocrx_word' id='word_1_15' title='bbox 265 458 411 522; x_wconf 66' lang='lat' dir='ltr'><strong>sequutum</strong></span> <span class='ocrx_word' id='word_1_16' title='bbox 427 466 494 523; x_wconf 82' lang='lat' dir='ltr'><strong>ergo</strong></span> <span class='ocrx_word' id='word_1_17' title='bbox 509 451 574 507; x_wconf 88' lang='lat' dir='ltr'><strong>item</strong></span> <span class='ocrx_word' id='word_1_18' title='bbox 590 451 693 505; x_wconf 88' lang='lat' dir='ltr'><strong>iustitia</strong></span> <span class='ocrx_word' id='word_1_19' title='bbox 705 450 772 506; x_wconf 89' lang='lat' dir='ltr'><strong>nihil</strong></span> <span class='ocrx_word' id='word_1_20' title='bbox 785 454 887 524; x_wconf 82' lang='lat' dir='ltr'><strong>expetit</strong></span> <span class='ocrx_word' id='word_1_21' title='bbox 898 454 1021 525; x_wconf 84' lang='lat' dir='ltr'><strong>praemii,</strong></span> <span class='ocrx_word' id='word_1_22' title='bbox 1032 452 1096 509; x_wconf 88' lang='lat' dir='ltr'><strong>nihil</strong></span> 
     </span>
     <span class='ocr_line' id='line_1_4' title="bbox 129 534 1097 608; baseline 0.001 -17"><span class='ocrx_word' id='word_1_23' title='bbox 129 536 225 608; x_wconf 89' lang='lat' dir='ltr'><strong>pretii:</strong></span> <span class='ocrx_word' id='word_1_24' title='bbox 249 550 352 607; x_wconf 90' lang='lat' dir='ltr'><strong>perse</strong></span> <span class='ocrx_word' id='word_1_25' title='bbox 375 535 460 607; x_wconf 82' lang='lat' dir='ltr'><strong>igitur</strong></span> <span class='ocrx_word' id='word_1_26' title='bbox 483 536 627 607; x_wconf 78' lang='lat' dir='ltr'><strong>expetitur.</strong></span> <span class='ocrx_word' id='word_1_27' title='bbox 659 534 807 607; x_wconf 87' lang='lat' dir='ltr'><strong>eademque</strong></span> <span class='ocrx_word' id='word_1_28' title='bbox 829 537 948 592; x_wconf 90' lang='lat' dir='ltr'><strong>omnium</strong></span> <span class='ocrx_word' id='word_1_29' title='bbox 964 538 1097 593; x_wconf 74' lang='lat' dir='ltr'><strong>uirtutum</strong></span> 
     </span>
     <span class='ocr_line' id='line_1_5' title="bbox 131 613 1096 691; baseline 0.002 -16"><span class='ocrx_word' id='word_1_30' title='bbox 131 635 210 675; x_wconf 86' lang='lat' dir='ltr'><strong>causa</strong></span> <span class='ocrx_word' id='word_1_31' title='bbox 232 625 315 689; x_wconf 88' lang='lat' dir='ltr'><strong>atque</strong></span> <span class='ocrx_word' id='word_1_32' title='bbox 336 619 471 673; x_wconf 88' lang='lat' dir='ltr'><strong>sententia</strong></span> <span class='ocrx_word' id='word_1_33' title='bbox 493 625 543 673; x_wconf 88' lang='lat' dir='ltr'><strong>est.</strong></span> <span class='ocrx_word' id='word_1_34' title='bbox 579 613 627 676; x_wconf 83' lang='lat'><strong>49.</strong></span> <span class='ocrx_word' id='word_1_35' title='bbox 649 624 732 691; x_wconf 86' lang='lat' dir='ltr'><strong>atque</strong></span> <span class='ocrx_word' id='word_1_36' title='bbox 752 621 832 675; x_wconf 89' lang='lat' dir='ltr'><strong>etiam</strong></span> <span class='ocrx_word' id='word_1_37' title='bbox 853 621 878 675; x_wconf 89' lang='lat' dir='ltr'><strong>si</strong></span> <span class='ocrx_word' id='word_1_38' title='bbox 896 619 1096 691; x_wconf 82' lang='lat' dir='ltr'><strong>emolumentis,</strong></span> 
     </span>
    </p>
   </div>
   <div class='ocr_carea' id='block_1_3' title="bbox 130 696 1195 777">
    <p class='ocr_par' dir='ltr' id='par_1_3' title="bbox 130 696 1195 777">
     <span class='ocr_line' id='line_1_6' title="bbox 130 696 1195 777; baseline 0.001 -18"><span class='ocrx_word' id='word_1_39' title='bbox 130 719 185 759; x_wconf 90' lang='lat' dir='ltr'><strong>non</strong></span> <span class='ocrx_word' id='word_1_40' title='bbox 200 710 299 774; x_wconf 84' lang='lat' dir='ltr'><strong>suapte</strong></span> <span class='ocrx_word' id='word_1_41' title='bbox 316 696 370 775; x_wconf 81' lang='lat' dir='ltr'><strong>(ut)</strong></span> <span class='ocrx_word' id='word_1_42' title='bbox 386 702 474 757; x_wconf 89' lang='lat' dir='ltr'><strong>uirtus</strong></span> <span class='ocrx_word' id='word_1_43' title='bbox 489 703 636 773; x_wconf 81' lang='lat' dir='ltr'><strong>expetitur,</strong></span> <span class='ocrx_word' id='word_1_44' title='bbox 653 717 706 756; x_wconf 90' lang='lat' dir='ltr'><strong>una</strong></span> <span class='ocrx_word' id='word_1_45' title='bbox 720 704 772 759; x_wconf 87' lang='lat' dir='ltr'><strong>erit</strong></span> <span class='ocrx_word' id='word_1_46' title='bbox 786 704 890 773; x_wconf 88' lang='lat' dir='ltr'><strong>uirtus,</strong></span> <span class='ocrx_word' id='word_1_47' title='bbox 912 720 981 777; x_wconf 88' lang='lat' dir='ltr'><strong>quae</strong></span> <span class='ocrx_word' id='word_1_48' title='bbox 996 704 1098 761; x_wconf 81' lang='lat' dir='ltr'><strong>malitia</strong></span> <span class='ocrx_word' id='word_1_49' title='bbox 1192 741 1195 746; x_wconf 93' lang='lat'>-</span> 
     </span>
    </p>
   </div>
   <div class='ocr_carea' id='block_1_4' title="bbox 89 784 1159 3289">
    <p class='ocr_par' dir='ltr' id='par_1_4' title="bbox 89 784 1159 3289">
     <span class='ocr_line' id='line_1_7' title="bbox 129 784 1097 858; baseline 0.002 -17"><span class='ocrx_word' id='word_1_50' title='bbox 129 787 281 844; x_wconf 82' lang='lat' dir='ltr'><strong>rectissime</strong></span> <span class='ocrx_word' id='word_1_51' title='bbox 297 784 419 853; x_wconf 80' lang='lat' dir='ltr'><strong>dicetur;</strong></span> <span class='ocrx_word' id='word_1_52' title='bbox 436 794 466 839; x_wconf 93' lang='lat' dir='ltr'><strong>ut</strong></span> <span class='ocrx_word' id='word_1_53' title='bbox 481 786 554 841; x_wconf 87' lang='lat' dir='ltr'><strong>enirn</strong></span> <span class='ocrx_word' id='word_1_54' title='bbox 568 787 683 858; x_wconf 86' lang='lat' dir='ltr'><strong>quisque</strong></span> <span class='ocrx_word' id='word_1_55' title='bbox 697 802 820 842; x_wconf 77' lang='lat' dir='ltr'><strong>maxume</strong></span> <span class='ocrx_word' id='word_1_56' title='bbox 835 786 868 841; x_wconf 90' lang='lat' dir='ltr'><strong>ad</strong></span> <span class='ocrx_word' id='word_1_57' title='bbox 882 803 962 845; x_wconf 90' lang='lat' dir='ltr'><strong>suum</strong></span> <span class='ocrx_word' id='word_1_58' title='bbox 977 804 1097 845; x_wconf 86' lang='lat' dir='ltr'><strong>eommo-</strong></span> 
     </span>
     <span class='ocr_line' id='line_1_8' title="bbox 130 869 1098 944; baseline 0.003 -19"><span class='ocrx_word' id='word_1_59' title='bbox 130 870 194 926; x_wconf 89' lang='lat' dir='ltr'><strong>dum</strong></span> <span class='ocrx_word' id='word_1_60' title='bbox 214 869 302 926; x_wconf 87' lang='lat' dir='ltr'><strong>relert</strong></span> <span class='ocrx_word' id='word_1_61' title='bbox 322 885 507 941; x_wconf 88' lang='lat' dir='ltr'><strong>quaecumque</strong></span> <span class='ocrx_word' id='word_1_62' title='bbox 524 870 591 942; x_wconf 83' lang='lat' dir='ltr'><strong>agit,</strong></span> <span class='ocrx_word' id='word_1_63' title='bbox 611 871 648 925; x_wconf 89' lang='lat' dir='ltr'><strong>ita</strong></span> <span class='ocrx_word' id='word_1_64' title='bbox 662 871 771 925; x_wconf 91' lang='lat' dir='ltr'><strong>minime</strong></span> <span class='ocrx_word' id='word_1_65' title='bbox 782 877 826 925; x_wconf 92' lang='lat' dir='ltr'><strong>est</strong></span> <span class='ocrx_word' id='word_1_66' title='bbox 837 872 879 927; x_wconf 87' lang='lat' dir='ltr'><strong>uir</strong></span> <span class='ocrx_word' id='word_1_67' title='bbox 889 869 989 942; x_wconf 88' lang='lat' dir='ltr'><strong>bonus,</strong></span> <span class='ocrx_word' id='word_1_68' title='bbox 1004 879 1037 927; x_wconf 86' lang='lat' dir='ltr'><strong>ut</strong></span> <span class='ocrx_word' id='word_1_69' title='bbox 1052 874 1098 944; x_wconf 90' lang='lat' dir='ltr'><strong>qui</strong></span> 
     </span>
     <span class='ocr_line' id='line_1_9' title="bbox 129 952 1097 1025; baseline 0.002 -16"><span class='ocrx_word' id='word_1_70' title='bbox 129 954 262 1010; x_wconf 91' lang='lat' dir='ltr'><strong>uirtutem</strong></span> <span class='ocrx_word' id='word_1_71' title='bbox 290 953 410 1025; x_wconf 89' lang='lat' dir='ltr'><strong>praemio</strong></span> <span class='ocrx_word' id='word_1_72' title='bbox 434 954 598 1023; x_wconf 88' lang='lat' dir='ltr'><strong>metiuntur,</strong></span> <span class='ocrx_word' id='word_1_73' title='bbox 620 952 722 1009; x_wconf 84' lang='lat' dir='ltr'><strong>nullam</strong></span> <span class='ocrx_word' id='word_1_74' title='bbox 744 954 876 1008; x_wconf 89' lang='lat' dir='ltr'><strong>uirtutem</strong></span> <span class='ocrx_word' id='word_1_75' title='bbox 897 956 949 1011; x_wconf 83' lang='lat' dir='ltr'><strong>nisi</strong></span> <span class='ocrx_word' id='word_1_76' title='bbox 971 955 1097 1011; x_wconf 88' lang='lat' dir='ltr'><strong>malitiam</strong></span> 
     </span>
     <span class='ocr_line' id='line_1_10' title="bbox 129 1034 1097 1111; baseline -0.001 -17"><span class='ocrx_word' id='word_1_77' title='bbox 129 1045 241 1111; x_wconf 83' lang='lat' dir='ltr'><strong>putent:</strong></span> <span class='ocrx_word' id='word_1_78' title='bbox 264 1034 311 1091; x_wconf 75' lang='lat' dir='ltr'><strong>ulai</strong></span> <span class='ocrx_word' id='word_1_79' title='bbox 333 1038 405 1091; x_wconf 88' lang='lat' dir='ltr'><strong>enim</strong></span> <span class='ocrx_word' id='word_1_80' title='bbox 426 1034 573 1106; x_wconf 85' lang='lat' dir='ltr'><strong>beneficus,</strong></span> <span class='ocrx_word' id='word_1_81' title='bbox 595 1039 619 1091; x_wconf 93' lang='lat' dir='ltr'><strong>si</strong></span> <span class='ocrx_word' id='word_1_82' title='bbox 642 1052 721 1093; x_wconf 91' lang='lat' dir='ltr'><strong>nemo</strong></span> <span class='ocrx_word' id='word_1_83' title='bbox 743 1036 854 1093; x_wconf 89' lang='lat' dir='ltr'><strong>alterius</strong></span> <span class='ocrx_word' id='word_1_84' title='bbox 875 1053 954 1093; x_wconf 87' lang='lat' dir='ltr'><strong>causa</strong></span> <span class='ocrx_word' id='word_1_85' title='bbox 982 1036 1097 1111; x_wconf 81' lang='lat' dir='ltr'><strong>benigne</strong></span> 
     </span>
     <span class='ocr_line' id='line_1_11' title="bbox 129 1118 1097 1195; baseline 0.001 -19"><span class='ocrx_word' id='word_1_86' title='bbox 129 1121 212 1179; x_wconf 81' lang='lat' dir='ltr'><strong>lacit?</strong></span> <span class='ocrx_word' id='word_1_87' title='bbox 234 1118 282 1175; x_wconf 90' lang='lat' dir='ltr'><strong>ubi</strong></span> <span class='ocrx_word' id='word_1_88' title='bbox 296 1128 400 1193; x_wconf 82' lang='lat' dir='ltr'><strong>gratus,</strong></span> <span class='ocrx_word' id='word_1_89' title='bbox 417 1121 440 1177; x_wconf 91' lang='lat' dir='ltr'><strong>si</strong></span> <span class='ocrx_word' id='word_1_90' title='bbox 454 1136 510 1176; x_wconf 87' lang='lat' dir='ltr'><strong>non</strong></span> <span class='ocrx_word' id='word_1_91' title='bbox 525 1136 587 1179; x_wconf 86' lang='lat' dir='ltr'><strong>eum</strong></span> <span class='ocrx_word' id='word_1_92' title='bbox 602 1123 692 1193; x_wconf 89' lang='lat' dir='ltr'><strong>ipsum</strong></span> <span class='ocrx_word' id='word_1_93' title='bbox 707 1128 822 1176; x_wconf 87' lang='lat' dir='ltr'><strong>cernunt</strong></span> <span class='ocrx_word' id='word_1_94' title='bbox 836 1122 919 1194; x_wconf 82' lang='lat' dir='ltr'><strong>grati,</strong></span> <span class='ocrx_word' id='word_1_95' title='bbox 942 1122 1009 1195; x_wconf 91' lang='lat' dir='ltr'><strong>quoi</strong></span> <span class='ocrx_word' id='word_1_96' title='bbox 1027 1122 1097 1177; x_wconf 88' lang='lat' dir='ltr'><strong>rele-</strong></span> 
     </span>
     <span class='ocr_line' id='line_1_12' title="bbox 129 1203 1126 1280; baseline 0.002 -20"><span class='ocrx_word' id='word_1_97' title='bbox 129 1213 194 1261; x_wconf 90' lang='lat' dir='ltr'><strong>rnnt</strong></span> <span class='ocrx_word' id='word_1_98' title='bbox 209 1204 343 1277; x_wconf 80' lang='lat' dir='ltr'><strong>gratiam?</strong></span> <span class='ocrx_word' id='word_1_99' title='bbox 364 1204 413 1259; x_wconf 88' lang='lat' dir='ltr'><strong>ubi</strong></span> <span class='ocrx_word' id='word_1_100' title='bbox 427 1203 472 1260; x_wconf 89' lang='lat' dir='ltr'><strong>illa</strong></span> <span class='ocrx_word' id='word_1_101' title='bbox 486 1211 577 1259; x_wconf 88' lang='lat' dir='ltr'><strong>sancta</strong></span> <span class='ocrx_word' id='word_1_102' title='bbox 596 1204 725 1268; x_wconf 85' lang='lat' dir='ltr'><strong>amicitia,</strong></span> <span class='ocrx_word' id='word_1_103' title='bbox 746 1206 770 1259; x_wconf 91' lang='lat' dir='ltr'><strong>si</strong></span> <span class='ocrx_word' id='word_1_104' title='bbox 790 1220 844 1259; x_wconf 91' lang='lat' dir='ltr'><strong>non</strong></span> <span class='ocrx_word' id='word_1_105' title='bbox 861 1205 919 1277; x_wconf 92' lang='lat' dir='ltr'><strong>ipse</strong></span> <span class='ocrx_word' id='word_1_106' title='bbox 934 1206 1034 1261; x_wconf 88' lang='lat' dir='ltr'><strong>amicus</strong></span> <span class='ocrx_word' id='word_1_107' title='bbox 1047 1221 1098 1280; x_wconf 87' lang='lat' dir='ltr'><strong>per</strong></span> <span class='ocrx_word' id='word_1_108' title='bbox 1118 1206 1126 1214; x_wconf 82' lang='grc'><strong>’</strong></span> 
     </span>
     <span class='ocr_line' id='line_1_13' title="bbox 129 1287 1097 1361; baseline 0.001 -17"><span class='ocrx_word' id='word_1_109' title='bbox 129 1304 159 1344; x_wconf 92' lang='lat' dir='ltr'><strong>se</strong></span> <span class='ocrx_word' id='word_1_110' title='bbox 182 1294 288 1343; x_wconf 89' lang='lat' dir='ltr'><strong>amatur</strong></span> <span class='ocrx_word' id='word_1_111' title='bbox 307 1295 369 1343; x_wconf 91' lang='lat' dir='ltr'><strong>toto</strong></span> <span class='ocrx_word' id='word_1_112' title='bbox 390 1295 513 1361; x_wconf 84' lang='lat' dir='ltr'>pectore,</span> <span class='ocrx_word' id='word_1_113' title='bbox 537 1295 569 1343; x_wconf 90' lang='lat' dir='ltr'><strong>ut</strong></span> <span class='ocrx_word' id='word_1_114' title='bbox 590 1287 704 1343; x_wconf 78' lang='lat' dir='ltr'><strong>dicitur?</strong></span> <span class='ocrx_word' id='word_1_115' title='bbox 726 1290 772 1361; x_wconf 91' lang='lat' dir='ltr'><strong>qui</strong></span> <span class='ocrx_word' id='word_1_116' title='bbox 793 1290 873 1344; x_wconf 88' lang='lat' dir='ltr'><strong>etiam</strong></span> <span class='ocrx_word' id='word_1_117' title='bbox 888 1288 1054 1346; x_wconf 87' lang='lat' dir='ltr'><strong>deserendus</strong></span> <span class='ocrx_word' id='word_1_118' title='bbox 1070 1296 1097 1346; x_wconf 91' lang='lat' dir='ltr'><strong>et</strong></span> 
     </span>
     <span class='ocr_line' id='line_1_14' title="bbox 132 1370 1098 1447; baseline 0 -20"><span class='ocrx_word' id='word_1_119' title='bbox 132 1370 288 1427; x_wconf 86' lang='lat' dir='ltr'><strong>abiciendus</strong></span> <span class='ocrx_word' id='word_1_120' title='bbox 308 1378 350 1427; x_wconf 90' lang='lat' dir='ltr'><strong>est</strong></span> <span class='ocrx_word' id='word_1_121' title='bbox 372 1370 521 1445; x_wconf 89' lang='lat' dir='ltr'><strong>desperatis</strong></span> <span class='ocrx_word' id='word_1_122' title='bbox 543 1371 731 1428; x_wconf 80' lang='lat' dir='ltr'><strong>emolumentis</strong></span> <span class='ocrx_word' id='word_1_123' title='bbox 755 1378 784 1427; x_wconf 91' lang='lat' dir='ltr'><strong>et</strong></span> <span class='ocrx_word' id='word_1_124' title='bbox 798 1372 946 1429; x_wconf 80' lang='lat' dir='ltr'><strong>fructibus:</strong></span> <span class='ocrx_word' id='word_1_125' title='bbox 962 1390 1016 1447; x_wconf 90' lang='lat' dir='ltr'><strong>quo</strong></span> <span class='ocrx_word' id='word_1_126' title='bbox 1033 1374 1098 1447; x_wconf 92' lang='lat' dir='ltr'><strong>quid</strong></span> 
     </span>
     <span class='ocr_line' id='line_1_15' title="bbox 130 1452 1097 1529; baseline 0.002 -18"><span class='ocrx_word' id='word_1_127' title='bbox 130 1461 228 1529; x_wconf 88' lang='lat' dir='ltr'><strong>potest</strong></span> <span class='ocrx_word' id='word_1_128' title='bbox 241 1452 293 1510; x_wconf 89' lang='lat' dir='ltr'><strong>diei</strong></span> <span class='ocrx_word' id='word_1_129' title='bbox 306 1455 466 1511; x_wconf 81' lang='lat' dir='ltr'><strong>immanius?</strong></span> <span class='ocrx_word' id='word_1_130' title='bbox 490 1455 563 1527; x_wconf 92' lang='lat' dir='ltr'><strong>quod</strong></span> <span class='ocrx_word' id='word_1_131' title='bbox 578 1457 600 1511; x_wconf 92' lang='lat' dir='ltr'><strong>si</strong></span> <span class='ocrx_word' id='word_1_132' title='bbox 616 1456 730 1511; x_wconf 90' lang='lat' dir='ltr'><strong>amicitia</strong></span> <span class='ocrx_word' id='word_1_133' title='bbox 745 1472 794 1529; x_wconf 92' lang='lat' dir='ltr'><strong>per</strong></span> <span class='ocrx_word' id='word_1_134' title='bbox 808 1472 838 1511; x_wconf 87' lang='lat' dir='ltr'><strong>se</strong></span> <span class='ocrx_word' id='word_1_135' title='bbox 854 1455 967 1513; x_wconf 85' lang='lat' dir='ltr'><strong>colenda</strong></span> <span class='ocrx_word' id='word_1_136' title='bbox 984 1465 1037 1527; x_wconf 89' lang='lat' dir='ltr'><strong>est,</strong></span> <span class='ocrx_word' id='word_1_137' title='bbox 1052 1472 1097 1513; x_wconf 92' lang='lat' dir='ltr'><strong>so·</strong></span> 
     </span>
     <span class='ocr_line' id='line_1_16' title="bbox 129 1539 1096 1615; baseline 0.001 -20"><span class='ocrx_word' id='word_1_138' title='bbox 129 1540 214 1595; x_wconf 91' lang='lat' dir='ltr'><strong>cictas</strong></span> <span class='ocrx_word' id='word_1_139' title='bbox 237 1554 346 1611; x_wconf 91' lang='lat' dir='ltr'><strong>quoque</strong></span> <span class='ocrx_word' id='word_1_140' title='bbox 367 1539 505 1594; x_wconf 87' lang='lat' dir='ltr'><strong>hominurn</strong></span> <span class='ocrx_word' id='word_1_141' title='bbox 525 1546 552 1594; x_wconf 89' lang='lat' dir='ltr'><strong>et</strong></span> <span class='ocrx_word' id='word_1_142' title='bbox 574 1540 722 1612; x_wconf 80' lang='lat' dir='ltr'><strong>aequalitas</strong></span> <span class='ocrx_word' id='word_1_143' title='bbox 742 1548 770 1594; x_wconf 92' lang='lat' dir='ltr'><strong>et</strong></span> <span class='ocrx_word' id='word_1_144' title='bbox 789 1540 892 1595; x_wconf 89' lang='lat' dir='ltr'><strong>iustitia</strong></span> <span class='ocrx_word' id='word_1_145' title='bbox 906 1556 957 1615; x_wconf 88' lang='lat' dir='ltr'><strong>per</strong></span> <span class='ocrx_word' id='word_1_146' title='bbox 970 1556 1000 1595; x_wconf 89' lang='lat' dir='ltr'><strong>se</strong></span> <span class='ocrx_word' id='word_1_147' title='bbox 1015 1556 1096 1614; x_wconf 81' lang='lat' dir='ltr'><strong>expe·</strong></span> 
     </span>
     <span class='ocr_line' id='line_1_17' title="bbox 130 1621 1097 1694; baseline 0 -16"><span class='ocrx_word' id='word_1_148' title='bbox 130 1624 224 1680; x_wconf 88' lang='lat' dir='ltr'><strong>tenda:</strong></span> <span class='ocrx_word' id='word_1_149' title='bbox 246 1621 321 1694; x_wconf 85' lang='lat' dir='ltr'><strong>quod</strong></span> <span class='ocrx_word' id='word_1_150' title='bbox 340 1624 368 1677; x_wconf 92' lang='lat' dir='ltr'><strong>ni</strong></span> <span class='ocrx_word' id='word_1_151' title='bbox 383 1624 421 1678; x_wconf 90' lang='lat' dir='ltr'><strong>ita</strong></span> <span class='ocrx_word' id='word_1_152' title='bbox 436 1629 489 1694; x_wconf 92' lang='lat' dir='ltr'><strong>est,</strong></span> <span class='ocrx_word' id='word_1_153' title='bbox 512 1624 621 1678; x_wconf 90' lang='lat' dir='ltr'><strong>omnino</strong></span> <span class='ocrx_word' id='word_1_154' title='bbox 637 1624 741 1678; x_wconf 88' lang='lat' dir='ltr'><strong>iustitia</strong></span> <span class='ocrx_word' id='word_1_155' title='bbox 756 1622 830 1679; x_wconf 84' lang='lat' dir='ltr'><strong>nulla</strong></span> <span class='ocrx_word' id='word_1_156' title='bbox 845 1631 904 1693; x_wconf 82' lang='lat' dir='ltr'><strong>est3</strong></span> <span class='ocrx_word' id='word_1_157' title='bbox 924 1624 951 1679; x_wconf 91' lang='lat' dir='ltr'><strong>id</strong></span> <span class='ocrx_word' id='word_1_158' title='bbox 970 1625 1041 1680; x_wconf 88' lang='lat' dir='ltr'><strong>enim</strong></span> <span class='ocrx_word' id='word_1_159' title='bbox 1056 1627 1097 1679; x_wconf 91' lang='lat' dir='ltr'><strong>in·</strong></span> 
     </span>
     <span class='ocr_line' id='line_1_18' title="bbox 89 1703 1097 1779; baseline 0.001 -15"><span class='ocrx_word' id='word_1_160' title='bbox 89 1734 97 1751; x_wconf 92' lang='lat'><strong>·</strong></span> <span class='ocrx_word' id='word_1_161' title='bbox 129 1707 309 1764; x_wconf 89' lang='lat' dir='ltr'><strong>iustissimum</strong></span> <span class='ocrx_word' id='word_1_162' title='bbox 324 1708 413 1779; x_wconf 90' lang='lat' dir='ltr'><strong>ipsum</strong></span> <span class='ocrx_word' id='word_1_163' title='bbox 428 1714 482 1778; x_wconf 88' lang='lat' dir='ltr'><strong>est,</strong></span> <span class='ocrx_word' id='word_1_164' title='bbox 496 1708 613 1762; x_wconf 88' lang='lat' dir='ltr'><strong>iustitiae</strong></span> <span class='ocrx_word' id='word_1_165' title='bbox 628 1706 777 1763; x_wconf 77' lang='lat' dir='ltr'><strong>mercedem</strong></span> <span class='ocrx_word' id='word_1_166' title='bbox 793 1723 930 1779; x_wconf 84' lang='lat' dir='ltr'><strong>quaerere.</strong></span> <span class='ocrx_word' id='word_1_167' title='bbox 956 1708 1021 1763; x_wconf 82' lang='grc' dir='ltr'><strong>ΧΙΧ,</strong></span> <span class='ocrx_word' id='word_1_168' title='bbox 1048 1703 1097 1766; x_wconf 78' lang='grc'><strong>60.</strong></span> 
     </span>
     <span class='ocr_line' id='line_1_19' title="bbox 130 1789 1096 1864; baseline 0 -17"><span class='ocrx_word' id='word_1_169' title='bbox 130 1792 194 1864; x_wconf 89' lang='lat' dir='ltr'><strong>quid</strong></span> <span class='ocrx_word' id='word_1_170' title='bbox 210 1805 277 1845; x_wconf 91' lang='lat' dir='ltr'><strong>uero</strong></span> <span class='ocrx_word' id='word_1_171' title='bbox 293 1789 327 1846; x_wconf 91' lang='lat' dir='ltr'><strong>de</strong></span> <span class='ocrx_word' id='word_1_172' title='bbox 341 1790 482 1861; x_wconf 89' lang='lat' dir='ltr'><strong>modestia,</strong></span> <span class='ocrx_word' id='word_1_173' title='bbox 499 1790 565 1863; x_wconf 90' lang='lat' dir='ltr'><strong>quid</strong></span> <span class='ocrx_word' id='word_1_174' title='bbox 580 1790 613 1846; x_wconf 91' lang='lat' dir='ltr'><strong>de</strong></span> <span class='ocrx_word' id='word_1_175' title='bbox 628 1792 817 1863; x_wconf 82' lang='lat' dir='ltr'><strong>temperantia,</strong></span> <span class='ocrx_word' id='word_1_176' title='bbox 833 1791 942 1864; x_wconf 87' lang='lat' dir='ltr'><strong>quidde</strong></span> <span class='ocrx_word' id='word_1_177' title='bbox 953 1794 1096 1849; x_wconf 86' lang='lat' dir='ltr'><strong>continen-</strong></span> 
     </span>
     <span class='ocr_line' id='line_1_20' title="bbox 131 1873 1096 1948; baseline 0 -17"><span class='ocrx_word' id='word_1_178' title='bbox 131 1876 177 1946; x_wconf 88' lang='lat' dir='ltr'><strong>tia,</strong></span> <span class='ocrx_word' id='word_1_179' title='bbox 199 1874 266 1948; x_wconf 91' lang='lat' dir='ltr'><strong>quid</strong></span> <span class='ocrx_word' id='word_1_180' title='bbox 289 1874 322 1929; x_wconf 93' lang='lat' dir='ltr'><strong>de</strong></span> <span class='ocrx_word' id='word_1_181' title='bbox 344 1874 515 1945; x_wconf 86' lang='lat' dir='ltr'><strong>uerecundia,</strong></span> <span class='ocrx_word' id='word_1_182' title='bbox 538 1873 643 1947; x_wconf 89' lang='lat' dir='ltr'><strong>pudore</strong></span> <span class='ocrx_word' id='word_1_183' title='bbox 665 1874 847 1947; x_wconf 85' lang='lat' dir='ltr'><strong>pudicitiaque</strong></span> <span class='ocrx_word' id='word_1_184' title='bbox 869 1875 1011 1932; x_wconf 80' lang='lat' dir='ltr'><strong>dicemus?</strong></span> <span class='ocrx_word' id='word_1_185' title='bbox 1030 1876 1096 1931; x_wconf 88' lang='lat' dir='ltr'><strong>inla-</strong></span> 
     </span>
     <span class='ocr_line' id='line_1_21' title="bbox 130 1958 1095 2031; baseline 0 -16"><span class='ocrx_word' id='word_1_186' title='bbox 130 1960 234 2015; x_wconf 88' lang='lat' dir='ltr'><strong>miaene</strong></span> <span class='ocrx_word' id='word_1_187' title='bbox 248 1965 325 2013; x_wconf 90' lang='lat' dir='ltr'><strong>metu</strong></span> <span class='ocrx_word' id='word_1_188' title='bbox 338 1974 394 2013; x_wconf 93' lang='lat' dir='ltr'><strong>non</strong></span> <span class='ocrx_word' id='word_1_189' title='bbox 409 1974 469 2014; x_wconf 90' lang='lat' dir='ltr'><strong>esse</strong></span> <span class='ocrx_word' id='word_1_190' title='bbox 484 1958 632 2031; x_wconf 92' lang='lat' dir='ltr'><strong>petulantis</strong></span> <span class='ocrx_word' id='word_1_191' title='bbox 648 1975 681 2014; x_wconf 93' lang='lat' dir='ltr'><strong>an</strong></span> <span class='ocrx_word' id='word_1_192' title='bbox 696 1958 787 2031; x_wconf 84' lang='lat' dir='ltr'><strong>legum</strong></span> <span class='ocrx_word' id='word_1_193' title='bbox 807 1968 835 2014; x_wconf 87' lang='lat' dir='ltr'><strong>et</strong></span> <span class='ocrx_word' id='word_1_194' title='bbox 854 1959 1033 2015; x_wconf 86' lang='lat' dir='ltr'><strong>iudiciorum?</strong></span> <span class='ocrx_word' id='word_1_195' title='bbox 1055 1961 1095 2016; x_wconf 92' lang='lat' dir='ltr'><strong>in·</strong></span> 
     </span>
     <span class='ocr_line' id='line_1_22' title="bbox 131 2041 1096 2116; baseline 0.002 -19"><span class='ocrx_word' id='word_1_196' title='bbox 131 2049 261 2099; x_wconf 83' lang='lat' dir='ltr'><strong>nocentes</strong></span> <span class='ocrx_word' id='word_1_197' title='bbox 277 2058 345 2115; x_wconf 85' lang='lat' dir='ltr'><strong>ergo</strong></span> <span class='ocrx_word' id='word_1_198' title='bbox 361 2050 389 2098; x_wconf 89' lang='lat' dir='ltr'><strong>et</strong></span> <span class='ocrx_word' id='word_1_199' title='bbox 403 2042 550 2099; x_wconf 85' lang='lat' dir='ltr'><strong>uerecundi</strong></span> <span class='ocrx_word' id='word_1_200' title='bbox 565 2050 639 2114; x_wconf 92' lang='lat' dir='ltr'><strong>sunt,</strong></span> <span class='ocrx_word' id='word_1_201' title='bbox 655 2050 686 2098; x_wconf 94' lang='lat' dir='ltr'><strong>ut</strong></span> <span class='ocrx_word' id='word_1_202' title='bbox 700 2041 768 2098; x_wconf 89' lang='lat' dir='ltr'><strong>bene</strong></span> <span class='ocrx_word' id='word_1_203' title='bbox 784 2042 901 2116; x_wconf 89' lang='lat' dir='ltr'><strong>audiant,</strong></span> <span class='ocrx_word' id='word_1_204' title='bbox 917 2054 945 2100; x_wconf 90' lang='lat' dir='ltr'><strong>et</strong></span> <span class='ocrx_word' id='word_1_205' title='bbox 960 2051 991 2099; x_wconf 90' lang='lat' dir='ltr'><strong>nt</strong></span> <span class='ocrx_word' id='word_1_206' title='bbox 1004 2059 1096 2099; x_wconf 91' lang='lat' dir='ltr'><strong>rumo-</strong></span> 
     </span>
     <span class='ocr_line' id='line_1_23' title="bbox 130 2124 1095 2201; baseline -0.001 -19"><span class='ocrx_word' id='word_1_207' title='bbox 130 2142 188 2185; x_wconf 90' lang='lat' dir='ltr'><strong>rem</strong></span> <span class='ocrx_word' id='word_1_208' title='bbox 202 2124 304 2187; x_wconf 83' lang='lat' dir='ltr'><strong>honum</strong></span> <span class='ocrx_word' id='word_1_209' title='bbox 319 2126 464 2199; x_wconf 80' lang='lat' dir='ltr'><strong>colligant,</strong></span> <span class='ocrx_word' id='word_1_210' title='bbox 480 2124 765 2201; x_wconf 87' lang='lat' dir='ltr'><strong>erubescunt,··pudct</strong></span> <span class='ocrx_word' id='word_1_211' title='bbox 785 2129 864 2182; x_wconf 91' lang='lat' dir='ltr'><strong>etiam</strong></span> <span class='ocrx_word' id='word_1_212' title='bbox 880 2126 956 2198; x_wconf 91' lang='lat' dir='ltr'><strong>loqui</strong></span> <span class='ocrx_word' id='word_1_213' title='bbox 970 2126 1003 2181; x_wconf 90' lang='lat' dir='ltr'><strong>de</strong></span> <span class='ocrx_word' id='word_1_214' title='bbox 1018 2126 1095 2199; x_wconf 92' lang='lat' dir='ltr'><strong>pudi-</strong></span> 
     </span>
     <span class='ocr_line' id='line_1_24' title="bbox 130 2208 1096 2283; baseline -0.001 -17"><span class='ocrx_word' id='word_1_215' title='bbox 130 2212 206 2267; x_wconf 88' lang='lat' dir='ltr'><strong>citia:</strong></span> <span class='ocrx_word' id='word_1_216' title='bbox 220 2218 250 2267; x_wconf 89' lang='lat' dir='ltr'><strong>at</strong></span> <span class='ocrx_word' id='word_1_217' title='bbox 264 2225 307 2265; x_wconf 91' lang='lat' dir='ltr'><strong>me</strong></span> <span class='ocrx_word' id='word_1_218' title='bbox 323 2210 439 2266; x_wconf 89' lang='lat' dir='ltr'><strong>istorum</strong></span> <span class='ocrx_word' id='word_1_219' title='bbox 455 2210 680 2283; x_wconf 88' lang='lat' dir='ltr'><strong>philosophorum</strong></span> <span class='ocrx_word' id='word_1_220' title='bbox 696 2208 791 2281; x_wconf 89' lang='lat' dir='ltr'><strong>pudet,</strong></span> <span class='ocrx_word' id='word_1_221' title='bbox 807 2211 853 2280; x_wconf 90' lang='lat' dir='ltr'><strong>qui</strong></span> <span class='ocrx_word' id='word_1_222' title='bbox 870 2208 954 2264; x_wconf 90' lang='lat' dir='ltr'><strong>ullum</strong></span> <span class='ocrx_word' id='word_1_223' title='bbox 969 2208 1096 2265; x_wconf 90' lang='lat' dir='ltr'><strong>iudicium</strong></span> 
     </span>
     <span class='ocr_line' id='line_1_25' title="bbox 130 2288 1159 2369; baseline -0.004 -18"><span class='ocrx_word' id='word_1_224' title='bbox 130 2295 210 2351; x_wconf 90' lang='lat' dir='ltr'><strong>uitari</strong></span> <span class='ocrx_word' id='word_1_225' title='bbox 233 2294 286 2349; x_wconf 91' lang='lat' dir='ltr'><strong>nisi</strong></span> <span class='ocrx_word' id='word_1_226' title='bbox 307 2294 375 2349; x_wconf 91' lang='lat' dir='ltr'><strong>uitio</strong></span> <span class='ocrx_word' id='word_1_227' title='bbox 396 2296 457 2369; x_wconf 90' lang='lat' dir='ltr'><strong>ipso</strong></span> <span class='ocrx_word' id='word_1_228' title='bbox 479 2295 564 2351; x_wconf 89' lang='lat' dir='ltr'><strong>uitato</strong></span> <span class='ocrx_word' id='word_1_229' title='bbox 584 2288 705 2367; x_wconf 85' lang='lat' dir='ltr'><strong>putant¹</strong></span> <span class='ocrx_word' id='word_1_230' title='bbox 738 2288 783 2348; x_wconf 77' lang='lat'><strong>51.</strong></span> <span class='ocrx_word' id='word_1_231' title='bbox 805 2290 869 2364; x_wconf 91' lang='lat' dir='ltr'><strong>quid</strong></span> <span class='ocrx_word' id='word_1_232' title='bbox 889 2293 978 2347; x_wconf 80' lang='lat' dir='ltr'><strong>enim?</strong></span> <span class='ocrx_word' id='word_1_233' title='bbox 999 2308 1096 2365; x_wconf 89' lang='lat' dir='ltr'><strong>possu·</strong></span> <span class='ocrx_word' id='word_1_234' title='bbox 1156 2342 1159 2347; x_wconf 79' lang='grc'>,</span> 
     </span>
     <span class='ocr_line' id='line_1_26' title="bbox 130 2373 1095 2451; baseline -0.003 -17"><span class='ocrx_word' id='word_1_235' title='bbox 130 2394 264 2447; x_wconf 85' lang='lat' dir='ltr'><strong>muscos,</strong></span> <span class='ocrx_word' id='word_1_236' title='bbox 281 2378 328 2449; x_wconf 91' lang='lat' dir='ltr'><strong>qui</strong></span> <span class='ocrx_word' id='word_1_237' title='bbox 344 2395 359 2434; x_wconf 89' lang='lat' dir='ltr'><strong>a</strong></span> <span class='ocrx_word' id='word_1_238' title='bbox 373 2386 469 2451; x_wconf 89' lang='lat' dir='ltr'><strong>stupro</strong></span> <span class='ocrx_word' id='word_1_239' title='bbox 485 2384 612 2434; x_wconf 88' lang='lat' dir='ltr'><strong>arcentur</strong></span> <span class='ocrx_word' id='word_1_240' title='bbox 626 2376 752 2433; x_wconf 77' lang='lat' dir='ltr'><strong>infamiae</strong></span> <span class='ocrx_word' id='word_1_241' title='bbox 766 2384 851 2448; x_wconf 88' lang='lat' dir='ltr'><strong>metu,</strong></span> <span class='ocrx_word' id='word_1_242' title='bbox 866 2373 979 2449; x_wconf 90' lang='lat' dir='ltr'><strong>pudicos</strong></span> <span class='ocrx_word' id='word_1_243' title='bbox 994 2376 1095 2441; x_wconf 84' lang='lat' dir='ltr'><strong>dicere,</strong></span> 
     </span>
     <span class='ocr_line' id='line_1_27' title="bbox 130 2460 1096 2536; baseline -0.002 -18"><span class='ocrx_word' id='word_1_244' title='bbox 130 2478 214 2534; x_wconf 90' lang='lat' dir='ltr'><strong>quom</strong></span> <span class='ocrx_word' id='word_1_245' title='bbox 228 2464 287 2535; x_wconf 89' lang='lat' dir='ltr'><strong>ipsa</strong></span> <span class='ocrx_word' id='word_1_246' title='bbox 302 2461 410 2517; x_wconf 79' lang='lat' dir='ltr'><strong>infamia</strong></span> <span class='ocrx_word' id='word_1_247' title='bbox 424 2467 539 2536; x_wconf 90' lang='lat' dir='ltr'><strong>propter</strong></span> <span class='ocrx_word' id='word_1_248' title='bbox 552 2463 590 2517; x_wconf 88' lang='lat' dir='ltr'><strong>rei</strong></span> <span class='ocrx_word' id='word_1_249' title='bbox 607 2460 804 2535; x_wconf 88' lang='lat' dir='ltr'><strong>turpitudinem</strong></span> <span class='ocrx_word' id='word_1_250' title='bbox 818 2461 1019 2533; x_wconf 81' lang='lat' dir='ltr'><strong>consequatur?</strong></span> <span class='ocrx_word' id='word_1_251' title='bbox 1034 2477 1096 2517; x_wconf 90' lang='lat' dir='ltr'><strong>nam</strong></span> 
     </span>
     <span class='ocr_line' id='line_1_28' title="bbox 129 2544 1096 2620; baseline 0 -19"><span class='ocrx_word' id='word_1_252' title='bbox 129 2545 197 2618; x_wconf 89' lang='lat' dir='ltr'><strong>quid</strong></span> <span class='ocrx_word' id='word_1_253' title='bbox 218 2554 263 2601; x_wconf 90' lang='lat' dir='ltr'><strong>aut</strong></span> <span class='ocrx_word' id='word_1_254' title='bbox 284 2544 388 2601; x_wconf 88' lang='lat' dir='ltr'><strong>laudari</strong></span> <span class='ocrx_word' id='word_1_255' title='bbox 408 2548 461 2601; x_wconf 91' lang='lat' dir='ltr'><strong>rite</strong></span> <span class='ocrx_word' id='word_1_256' title='bbox 481 2553 527 2601; x_wconf 89' lang='lat' dir='ltr'><strong>aut</strong></span> <span class='ocrx_word' id='word_1_257' title='bbox 546 2546 697 2619; x_wconf 83' lang='lat' dir='ltr'><strong>uituperari</strong></span> <span class='ocrx_word' id='word_1_258' title='bbox 715 2552 818 2620; x_wconf 89' lang='lat' dir='ltr'><strong>potest,</strong></span> <span class='ocrx_word' id='word_1_259' title='bbox 840 2546 863 2599; x_wconf 92' lang='lat' dir='ltr'><strong>si</strong></span> <span class='ocrx_word' id='word_1_260' title='bbox 880 2544 912 2600; x_wconf 90' lang='lat' dir='ltr'><strong>ab</strong></span> <span class='ocrx_word' id='word_1_261' title='bbox 928 2546 985 2601; x_wconf 90' lang='lat' dir='ltr'><strong>eius</strong></span> <span class='ocrx_word' id='word_1_262' title='bbox 1001 2552 1096 2601; x_wconf 88' lang='lat' dir='ltr'><strong>natura</strong></span> 
     </span>
     <span class='ocr_line' id='line_1_29' title="bbox 128 2628 1095 2703; baseline -0.002 -17"><span class='ocrx_word' id='word_1_263' title='bbox 128 2630 287 2700; x_wconf 85' lang='lat' dir='ltr'><strong>recesseris,</strong></span> <span class='ocrx_word' id='word_1_264' title='bbox 309 2629 383 2701; x_wconf 88' lang='lat' dir='ltr'><strong>quod</strong></span> <span class='ocrx_word' id='word_1_265' title='bbox 405 2637 451 2685; x_wconf 90' lang='lat' dir='ltr'><strong>aut</strong></span> <span class='ocrx_word' id='word_1_266' title='bbox 472 2628 634 2686; x_wconf 90' lang='lat' dir='ltr'><strong>laudandum</strong></span> <span class='ocrx_word' id='word_1_267' title='bbox 654 2637 701 2685; x_wconf 88' lang='lat' dir='ltr'><strong>aut</strong></span> <span class='ocrx_word' id='word_1_268' title='bbox 722 2628 928 2703; x_wconf 89' lang='lat' dir='ltr'><strong>uituperandum</strong></span> <span class='ocrx_word' id='word_1_269' title='bbox 944 2630 1040 2702; x_wconf 79' lang='lat' dir='ltr'><strong>putes?</strong></span> <span class='ocrx_word' id='word_1_270' title='bbox 1062 2646 1095 2685; x_wconf 93' lang='lat' dir='ltr'><strong>an</strong></span> 
     </span>
     <span class='ocr_line' id='line_1_30' title="bbox 128 2710 1096 2791; baseline -0.004 -20"><span class='ocrx_word' id='word_1_271' title='bbox 128 2714 255 2791; x_wconf 82' lang='lat' dir='ltr'><strong>corporis</strong></span> <span class='ocrx_word' id='word_1_272' title='bbox 276 2714 442 2787; x_wconf 87' lang='lat' dir='ltr'><strong>prauitates,</strong></span> <span class='ocrx_word' id='word_1_273' title='bbox 470 2714 494 2769; x_wconf 91' lang='lat' dir='ltr'><strong>si</strong></span> <span class='ocrx_word' id='word_1_274' title='bbox 516 2721 597 2769; x_wconf 88' lang='lat' dir='ltr'><strong>erunt</strong></span> <span class='ocrx_word' id='word_1_275' title='bbox 618 2714 807 2786; x_wconf 77' lang='lat' dir='ltr'><strong>perinsigncs,</strong></span> <span class='ocrx_word' id='word_1_276' title='bbox 835 2710 973 2768; x_wconf 89' lang='lat' dir='ltr'><strong>habebunt</strong></span> <span class='ocrx_word' id='word_1_277' title='bbox 995 2712 1096 2786; x_wconf 91' lang='lat' dir='ltr'><strong>aliquid</strong></span> 
     </span>
     <span class='ocr_line' id='line_1_31' title="bbox 129 2795 1095 2870; baseline -0.003 -16"><span class='ocrx_word' id='word_1_278' title='bbox 129 2797 300 2869; x_wconf 76' lang='lat' dir='ltr'><strong>offensionis,</strong></span> <span class='ocrx_word' id='word_1_279' title='bbox 321 2798 403 2853; x_wconf 91' lang='lat' dir='ltr'><strong>animi</strong></span> <span class='ocrx_word' id='word_1_280' title='bbox 417 2795 573 2854; x_wconf 79' lang='lat' dir='ltr'><strong>deformitas</strong></span> <span class='ocrx_word' id='word_1_281' title='bbox 588 2812 645 2853; x_wconf 95' lang='lat' dir='ltr'><strong>non</strong></span> <span class='ocrx_word' id='word_1_282' title='bbox 660 2796 778 2866; x_wconf 85' lang='lat' dir='ltr'><strong>habebit,</strong></span> <span class='ocrx_word' id='word_1_283' title='bbox 800 2797 878 2852; x_wconf 89' lang='lat' dir='ltr'><strong>cuius</strong></span> <span class='ocrx_word' id='word_1_284' title='bbox 899 2796 1041 2870; x_wconf 90' lang='lat' dir='ltr'><strong>turpitudo</strong></span> <span class='ocrx_word' id='word_1_285' title='bbox 1063 2812 1095 2851; x_wconf 82' lang='lat' dir='ltr'><strong>ex</strong></span> 
     </span>
     <span class='ocr_line' id='line_1_32' title="bbox 128 2879 1094 2956; baseline -0.002 -19"><span class='ocrx_word' id='word_1_286' title='bbox 128 2882 196 2956; x_wconf 89' lang='lat' dir='ltr'><strong>ipsis</strong></span> <span class='ocrx_word' id='word_1_287' title='bbox 211 2883 287 2937; x_wconf 90' lang='lat' dir='ltr'><strong>uitiis</strong></span> <span class='ocrx_word' id='word_1_288' title='bbox 302 2880 427 2937; x_wconf 81' lang='lat' dir='ltr'><strong>facillime</strong></span> <span class='ocrx_word' id='word_1_289' title='bbox 442 2882 544 2956; x_wconf 84' lang='lat' dir='ltr'><strong>percipi</strong></span> <span class='ocrx_word' id='word_1_290' title='bbox 559 2882 671 2953; x_wconf 83' lang='lat' dir='ltr'><strong>potest?</strong></span> <span class='ocrx_word' id='word_1_291' title='bbox 694 2879 759 2953; x_wconf 92' lang='lat' dir='ltr'><strong>quid</strong></span> <span class='ocrx_word' id='word_1_292' title='bbox 774 2881 845 2936; x_wconf 93' lang='lat' dir='ltr'><strong>enim</strong></span> <span class='ocrx_word' id='word_1_293' title='bbox 856 2879 962 2936; x_wconf 91' lang='lat' dir='ltr'><strong>loedius</strong></span> <span class='ocrx_word' id='word_1_294' title='bbox 974 2882 1094 2943; x_wconf 88' lang='lat' dir='ltr'><strong>auaritia,</strong></span> 
     </span>
     <span class='ocr_line' id='line_1_33' title="bbox 129 2963 1095 3039; baseline -0.003 -18"><span class='ocrx_word' id='word_1_295' title='bbox 129 2966 195 3039; x_wconf 90' lang='lat' dir='ltr'><strong>qnid</strong></span> <span class='ocrx_word' id='word_1_296' title='bbox 214 2967 350 3022; x_wconf 89' lang='lat' dir='ltr'><strong>inmanius</strong></span> <span class='ocrx_word' id='word_1_297' title='bbox 368 2964 488 3037; x_wconf 84' lang='lat' dir='ltr'><strong>libidine,</strong></span> <span class='ocrx_word' id='word_1_298' title='bbox 510 2964 574 3037; x_wconf 93' lang='lat' dir='ltr'><strong>quid</strong></span> <span class='ocrx_word' id='word_1_299' title='bbox 593 2965 776 3037; x_wconf 85' lang='lat' dir='ltr'><strong>contemptius</strong></span> <span class='ocrx_word' id='word_1_300' title='bbox 797 2964 950 3034; x_wconf 88' lang='lat' dir='ltr'><strong>timiditate,</strong></span> <span class='ocrx_word' id='word_1_301' title='bbox 971 2964 1036 3037; x_wconf 88' lang='lat' dir='ltr'><strong>quid</strong></span> <span class='ocrx_word' id='word_1_302' title='bbox 1051 2963 1095 3019; x_wconf 91' lang='lat' dir='ltr'><strong>ab·</strong></span> 
     </span>
     <span class='ocr_line' id='line_1_34' title="bbox 128 3047 1096 3123; baseline -0.002 -19"><span class='ocrx_word' id='word_1_303' title='bbox 128 3050 227 3107; x_wconf 86' lang='lat' dir='ltr'><strong>iectius</strong></span> <span class='ocrx_word' id='word_1_304' title='bbox 244 3048 371 3105; x_wconf 83' lang='lat' dir='ltr'><strong>tarditate</strong></span> <span class='ocrx_word' id='word_1_305' title='bbox 385 3057 414 3106; x_wconf 85' lang='lat' dir='ltr'><strong>et</strong></span> <span class='ocrx_word' id='word_1_306' title='bbox 432 3049 548 3106; x_wconf 90' lang='lat' dir='ltr'><strong>stultitia</strong></span> <span class='ocrx_word' id='word_1_307' title='bbox 570 3048 622 3105; x_wconf 90' lang='lat' dir='ltr'><strong>dici</strong></span> <span class='ocrx_word' id='word_1_308' title='bbox 644 3047 756 3123; x_wconf 78' lang='lat' dir='ltr'><strong>potest?</strong></span> <span class='ocrx_word' id='word_1_309' title='bbox 777 3049 842 3121; x_wconf 86' lang='lat' dir='ltr'><strong>quid</strong></span> <span class='ocrx_word' id='word_1_310' title='bbox 863 3048 948 3121; x_wconf 80' lang='lat' dir='ltr'><strong>ergo‘l</strong></span> <span class='ocrx_word' id='word_1_311' title='bbox 969 3064 1026 3117; x_wconf 91' lang='lat' dir='ltr'><strong>eos,</strong></span> <span class='ocrx_word' id='word_1_312' title='bbox 1050 3048 1096 3121; x_wconf 92' lang='lat' dir='ltr'><strong>qui</strong></span> 
     </span>
     <span class='ocr_line' id='line_1_35' title="bbox 129 3131 1096 3208; baseline -0.004 -19"><span class='ocrx_word' id='word_1_313' title='bbox 129 3134 248 3208; x_wconf 79' lang='lat' dir='ltr'><strong>singulis</strong></span> <span class='ocrx_word' id='word_1_314' title='bbox 264 3134 339 3189; x_wconf 90' lang='lat' dir='ltr'><strong>uitiis</strong></span> <span class='ocrx_word' id='word_1_315' title='bbox 354 3134 492 3191; x_wconf 83' lang='lat' dir='ltr'><strong>excellunt</strong></span> <span class='ocrx_word' id='word_1_316' title='bbox 507 3140 553 3189; x_wconf 91' lang='lat' dir='ltr'><strong>aut</strong></span> <span class='ocrx_word' id='word_1_317' title='bbox 568 3133 646 3188; x_wconf 89' lang='lat' dir='ltr'><strong>etiam</strong></span> <span class='ocrx_word' id='word_1_318' title='bbox 661 3131 795 3207; x_wconf 90' lang='lat' dir='ltr'><strong>pluribus,</strong></span> <span class='ocrx_word' id='word_1_319' title='bbox 810 3140 925 3207; x_wconf 87' lang='lat' dir='ltr'><strong>propter</strong></span> <span class='ocrx_word' id='word_1_320' title='bbox 939 3131 1034 3188; x_wconf 90' lang='lat' dir='ltr'><strong>damna</strong></span> <span class='ocrx_word' id='word_1_321' title='bbox 1049 3138 1096 3186; x_wconf 89' lang='lat' dir='ltr'><strong>aut</strong></span> 
     </span>
     <span class='ocr_line' id='line_1_36' title="bbox 130 3216 1097 3289; baseline -0.005 -16"><span class='ocrx_word' id='word_1_322' title='bbox 130 3218 291 3275; x_wconf 88' lang='lat' dir='ltr'><strong>detrimenta</strong></span> <span class='ocrx_word' id='word_1_323' title='bbox 303 3226 350 3273; x_wconf 89' lang='lat' dir='ltr'><strong>aut</strong></span> <span class='ocrx_word' id='word_1_324' title='bbox 360 3219 497 3275; x_wconf 86' lang='lat' dir='ltr'><strong>eruciatus</strong></span> <span class='ocrx_word' id='word_1_325' title='bbox 509 3217 614 3289; x_wconf 90' lang='lat' dir='ltr'><strong>aliquos</strong></span> <span class='ocrx_word' id='word_1_326' title='bbox 625 3218 740 3273; x_wconf 88' lang='lat' dir='ltr'><strong>miseros</strong></span> <span class='ocrx_word' id='word_1_327' title='bbox 751 3232 812 3274; x_wconf 90' lang='lat' dir='ltr'><strong>esse</strong></span> <span class='ocrx_word' id='word_1_328' title='bbox 823 3216 936 3286; x_wconf 74' lang='lat' dir='ltr'><strong>fficimus</strong></span> <span class='ocrx_word' id='word_1_329' title='bbox 943 3231 976 3270; x_wconf 89' lang='lat' dir='ltr'><strong>an</strong></span> <span class='ocrx_word' id='word_1_330' title='bbox 983 3223 1097 3288; x_wconf 92' lang='lat' dir='ltr'><strong>propter</strong></span> 
     </span>
    </p>
   </div>
   <div class='ocr_carea' id='block_1_5' title="bbox 130 3408 1098 3625">
    <p class='ocr_par' dir='ltr' id='par_1_5' title="bbox 130 3408 1098 3625">
     <span class='ocr_line' id='line_1_37' title="bbox 203 3408 1098 3483; baseline -0.01 -13"><span class='ocrx_word' id='word_1_331' title='bbox 203 3414 223 3477; x_wconf 88' lang='lat'><strong>¹)</strong></span> <span class='ocrx_word' id='word_1_332' title='bbox 243 3417 285 3483; x_wconf 85' lang='lat' dir='ltr'><strong>qni</strong></span> <span class='ocrx_word' id='word_1_333' title='bbox 303 3417 370 3471; x_wconf 87' lang='lat' dir='ltr'><strong>illurn</strong></span> <span class='ocrx_word' id='word_1_334' title='bbox 385 3415 461 3483; x_wconf 86' lang='lat' dir='ltr'><strong>(illum</strong></span> <span class='ocrx_word' id='word_1_335' title='bbox 474 3414 511 3482; x_wconf 85' lang='lat' dir='ltr'><strong>B)</strong></span> <span class='ocrx_word' id='word_1_336' title='bbox 529 3414 644 3468; x_wconf 88' lang='lat' dir='ltr'><strong>iudicium</strong></span> <span class='ocrx_word' id='word_1_337' title='bbox 662 3416 741 3466; x_wconf 86' lang='lat' dir='ltr'><strong>uitare</strong></span> <span class='ocrx_word' id='word_1_338' title='bbox 753 3416 801 3468; x_wconf 89' lang='lat' dir='ltr'><strong>nisi</strong></span> <span class='ocrx_word' id='word_1_339' title='bbox 814 3416 874 3469; x_wconf 81' lang='lat' dir='ltr'><strong>nitio</strong></span> <span class='ocrx_word' id='word_1_340' title='bbox 889 3411 942 3474; x_wconf 76' lang='lat' dir='ltr'><strong>ipso</strong></span> <span class='ocrx_word' id='word_1_341' title='bbox 955 3417 1047 3460; x_wconf 73' lang='lat' dir='ltr'><strong>mutate</strong></span> <span class='ocrx_word' id='word_1_342' title='bbox 1060 3408 1098 3474; x_wconf 84' lang='grc' dir='ltr'><strong>(Α</strong></span> 
     </span>
     <span class='ocr_line' id='line_1_38' title="bbox 130 3479 1098 3553; baseline -0.009 -15"><span class='ocrx_word' id='word_1_343' title='bbox 130 3496 238 3539; x_wconf 81' lang='lat' dir='ltr'><strong>natatum</strong></span> <span class='ocrx_word' id='word_1_344' title='bbox 252 3504 324 3541; x_wconf 86' lang='lat' dir='ltr'><strong>oorr.</strong></span> <span class='ocrx_word' id='word_1_345' title='bbox 339 3494 390 3537; x_wconf 86' lang='lat' dir='ltr'><strong>mut</strong></span> <span class='ocrx_word' id='word_1_346' title='bbox 404 3486 439 3553; x_wconf 88' lang='lat' dir='ltr'><strong>B)</strong></span> <span class='ocrx_word' id='word_1_347' title='bbox 453 3493 537 3551; x_wconf 86' lang='lat' dir='ltr'><strong>putant</strong></span> <span class='ocrx_word' id='word_1_348' title='bbox 547 3485 597 3534; x_wconf 86' lang='lat' dir='ltr'><strong>AB</strong></span> <span class='ocrx_word' id='word_1_349' title='bbox 609 3487 650 3549; x_wconf 92' lang='lat' dir='ltr'><strong>qni</strong></span> <span class='ocrx_word' id='word_1_350' title='bbox 658 3486 782 3536; x_wconf 81' lang='lat' dir='ltr'><strong>nemiuem</strong></span> <span class='ocrx_word' id='word_1_351' title='bbox 791 3489 864 3540; x_wconf 85' lang='lat' dir='ltr'><strong>ullum</strong></span> <span class='ocrx_word' id='word_1_352' title='bbox 876 3479 989 3529; x_wconf 88' lang='lat' dir='ltr'><strong>iudicium</strong></span> <span class='ocrx_word' id='word_1_353' title='bbox 999 3481 1098 3529; x_wconf 89' lang='lat' dir='ltr'><strong>multare</strong></span> 
     </span>
     <span class='ocr_line' id='line_1_39' title="bbox 130 3556 630 3625; baseline -0.01 -16"><span class='ocrx_word' id='word_1_354' title='bbox 130 3560 179 3609; x_wconf 86' lang='lat' dir='ltr'><strong>uisi</strong></span> <span class='ocrx_word' id='word_1_355' title='bbox 191 3561 252 3610; x_wconf 85' lang='lat' dir='ltr'><strong>nitio</strong></span> <span class='ocrx_word' id='word_1_356' title='bbox 265 3560 320 3625; x_wconf 89' lang='lat' dir='ltr'><strong>ipso</strong></span> <span class='ocrx_word' id='word_1_357' title='bbox 334 3566 441 3609; x_wconf 89' lang='lat' dir='ltr'><strong>notatum</strong></span> <span class='ocrx_word' id='word_1_358' title='bbox 455 3563 540 3623; x_wconf 87' lang='lat' dir='ltr'><strong>putant</strong></span> <span class='ocrx_word' id='word_1_359' title='bbox 549 3557 587 3605; x_wconf 88' lang='lat' dir='ltr'><strong>ed.</strong></span> <span class='ocrx_word' id='word_1_360' title='bbox 599 3556 630 3605; x_wconf 87' lang='lat' dir='ltr'><strong>V.</strong></span> 
     </span>
    </p>
   </div>
   <div class='ocr_carea' id='block_1_6' title="bbox 801 3615 987 3695">
    <p class='ocr_par' dir='ltr' id='par_1_6' title="bbox 801 3615 987 3695">
     <span class='ocr_line' id='line_1_40' title="bbox 801 3615 987 3695; baseline 0 -66"><span class='ocrx_word' id='word_1_361' title='bbox 801 3615 987 3695; x_wconf 37' lang='grc' dir='ltr'><strong>Ἦ,</strong></span> 
     </span>
    </p>
   </div>
   <div class='ocr_carea' id='block_1_7' title="bbox 0 0 1277 3909">
    <p class='ocr_par' dir='ltr' id='par_1_7' title="bbox 0 0 1277 3909">
     <span class='ocr_line' id='line_1_41' title="bbox 0 0 1277 3909; baseline 0 0"><span class='ocrx_word' id='word_1_362' title='bbox 0 0 1277 3909; x_wconf 95' lang='lat' dir='ltr'><strong> </strong></span> 
     </span>
    </p>
   </div>
  </div>
 </body>
</html>
