2542 3909
593 213 682 249 a...
1057 200 1118 266 151

108 332 266 415 [⁸5ubiqne
283 332 482 400 proconsulem
499 334 611 388 tantum
628 336 775 391 nominare
792 338 838 391 vel
855 341 1025 407 praetorem,
1043 344 1121 396 cuius
1207 368 1225 393 ο

155 400 298 477 pleraque
309 398 403 453 edicta
414 401 564 468 proconsul
575 407 723 471 receperat
735 404 801 470 (Cic.
812 406 848 459 ad
858 408 945 461 Attio.
956 416 979 474 6,
992 416 1014 465 1.
1024 414 1046 474 5.
1058 414 1119 477 16),

156 468 259 519 miram
276 481 334 518 non
351 466 425 522 licet.
461 467 503 522 De
521 468 708 539 Bithynorum
730 488 797 526 vero
821 474 851 526 et
873 473 1038 529 Galatarum
1060 478 1120 532 iure

157 536 194 587 ut
210 532 299 587 Gaius
316 533 377 609 ipse
395 534 483 588 verba
498 536 598 589 fecerit
614 554 665 591 uec
683 539 803 605 tantum,
821 544 854 593 ut
871 543 940 595 mihi
977 560 1120 599 ersuasum

159 604 220 667 est,
238 600 378 655 Hadriani
396 602 538 668 retinent,
560 621 628 657 num
650 606 723 660 forte
746 608 832 659 etiam
850 608 880 667 Τ,
899 611 960 663 Aris
992 628 1057 664 nem
1079 613 1120 665 id·

158 670 246 733 circo,
265 668 342 736 quod
359 670 564 738 Aegyptiorum
581 673 625 724 ius
644 673 724 726 novit
741 676 771 727 et
788 678 1019 731 commemoravit
1037 678 1120 743 (Gall.

158 735 1121 878 tacitatacita{liberalitatissitiat

157 872 253 925 etiam
273 871 354 925 ictos
376 872 420 924 ius
442 874 623 941 peregrinum
645 876 753 928 curiose
776 848 953 943 inquisivisse
976 878 1060 944 (Gell.
1078 888 1120 947 20,

160 946 189 1003 1,
206 944 231 994 4.
250 936 293 991 Fr.
311 938 420 993 Dosith.
439 942 491 1004 12).
527 940 629 995 Cetera
646 940 813 995 Mommseui
830 945 997 1012 argumenta
1015 949 1065 1000 aut
1081 948 1121 1002 le-

160 1008 245 1059 viora
261 1006 328 1059 sunt
339 1008 390 1059 aut
399 1006 546 1073 eiusmodi,
563 1010 597 1061 ut
614 1009 700 1061 etiam
714 1008 776 1061 aliis
788 1009 965 1078 opinionibus
977 1011 1121 1068 firmandis

158 1073 298 1127 inservire
315 1074 432 1142 possint,
451 1090 537 1141 quare
557 1091 591 1129 ea
607 1075 722 1129 interim
734 1077 820 1129 missa
829 1076 923 1131 facere
939 1078 1032 1132 liccat.
1060 1080 1121 1135 Hoc

160 1156 234 1200 vero
254 1156 371 1208 quaero:
397 1141 580 1209 quamobrem
606 1143 637 1195 in
657 1143 714 1208 his,
738 1144 839 1211 quibus
868 1145 958 1211 locus,
988 1147 1037 1200 ubi
1059 1149 1121 1215 quis

160 1207 270 1273 scribit,
289 1223 305 1260 o
326 1207 394 1261 time
412 1209 543 1276 cognosci
561 1209 646 1274 solet,
665 1210 735 1263 nihil
752 1212 910 1281 reperiatur
926 1213 955 1267 in
974 1212 1037 1267 Gaii
1055 1216 1120 1269 scri·

161 1276 231 1345 ptis,
251 1222 328 1343 quog
344 1275 439 1329 Asiam
455 1276 575 1344 prodat?
610 1276 699 1331 Immo
718 1278 787 1332 haec
805 1280 842 1332 ad
860 1280 973 1334 ltaliam
990 1282 1120 1336 Romam-

161 1360 221 1411 que
243 1360 293 1395 nos
315 1342 456 1413 delegant.
495 1344 527 1397 ln
551 1345 687 1413 exemplis
714 1345 910 1399 condicionum
932 1347 1005 1402 hanc
1027 1351 1119 1419 ponit:

163 1412 201 1464 ‘ai
217 1411 298 1463 navis
316 1426 350 1463 ex
361 1411 430 1463 Asia
446 1412 565 1465 venerit'
578 1410 620 1476 (L.
632 1420 674 1466 33.
688 1413 721 1471 D.
735 1414 769 1467 de
782 1414 877 1468 hored.
891 1415 954 1471 inst.
974 1420 1027 1481 (28,
1041 1418 1068 1481 6)
1087 1434 1121 1471 ex

161 1478 213 1533 lib.
235 1476 272 1530 11.
294 1478 330 1532 de
352 1479 462 1533 testam.
485 1478 523 1531 ad
549 1479 593 1531 ed.
619 1481 708 1549 praet.
732 1481 792 1534 urb.
814 1482 844 1534 L.
868 1486 909 1535 72.
932 1482 964 1534 D.
989 1484 1024 1537 ds
1046 1484 1120 1538 fidei.

163 1551 221 1612 (46,
240 1550 268 1610 1)
287 1562 321 1599 ex
338 1545 386 1599 lib.
404 1546 454 1599 Ill.
472 1545 508 1599 dc
526 1543 559 1599 V.
573 1547 618 1611 0.)
636 1582 669 1593 -
687 1549 758 1601 miro
776 1548 869 1614 modo,
889 1549 912 1601 si
924 1548 1033 1605 Troade
1052 1550 1121 1605 haec

164 1614 289 1682 scripsit:
307 1614 376 1666 item
394 1614 430 1665 ‘si
446 1613 526 1666 navis
544 1629 579 1667 ex
597 1614 694 1668 Africa
711 1616 831 1669 vonerit’
851 1618 881 1669 et
896 1617 969 1671 hane
987 1618 1121 1687 speciem:

166 1681 202 1735 ‘si
218 1682 292 1735 iuter
309 1696 357 1735 eos
375 1681 424 1749 qui
442 1682 547 1735 Romae
565 1683 632 1749 (non
649 1682 769 1748 Troade)
788 1685 862 1751 sunt,
880 1684 945 1738 talis
964 1684 1015 1740 fiat
1032 1688 1120 1755 stipu-

163 1749 246 1803 latio:
265 1753 352 1803 Hodie
372 1752 526 1817 Cmthapine
544 1754 609 1802 dore
625 1756 771 1817 spondea’?
790 1750 902 1817 (11141.
920 1756 961 1816 ἐξ.
974 1760 998 1811 7,
1016 1760 1040 1807 4.
1059 1754 1120 1811 coll.

164 1814 1121 1893 6131161110416,1111111111,(1116111111111111

164 1884 206 1938 ita
230 1883 380 1951 stipulatus
406 1882 504 1937 fuerit:
531 1886 558 1935 X
583 1889 653 1938 milio
675 1888 773 1951 Ephesi
798 1892 862 1938 dare
883 1894 1013 1953 spondes?
1037 1930 1042 1943 .
1062 1927 1068 1940 .
1087 1928 1093 1941 .
1114 1930 1119 1942 .

164 1951 270 2004 Romae
292 1966 363 2019 pure
384 1950 424 2003 sic
447 1950 612 2004 intenderit'
636 1954 672 2017 (1,
691 1955 743 2017 63).
777 1952 912 2006 Similiter
932 1954 962 2007 iu
986 1956 1121 2035 exemplis
1169 1956 1171 1961 ’

164 2018 193 2072 ei
214 2019 280 2072 sunt
301 2020 331 2071 et
353 2018 383 2070 in
403 2018 472 2086 ipsis
493 2018 609 2086 quidem
631 2020 718 2071 etiam
740 2019 777 2071 ad
804 2019 926 2073 edictum
948 2024 1121 2089 provinciale

164 2084 244 2140 libris
260 2085 364 2138 fundus
381 2084 564 2148 Tusculanus,
583 2085 682 2138 vinum
701 2086 886 2163 Campanum,
904 2088 1029 2141 triticum
1048 2091 1121 2142 Afri-

165 2169 243 2218 cum,
325 2153 331 2162 '
372 2168 498 2221 purpura
520 2157 618 2219 (quam
640 2169 692 2204 usa
713 2154 807 2220 potrus
829 2154 985 2206 Romanam
1006 2155 1121 2223 dixeris)

167 2220 261 2285 (1174.
306 2219 366 2273 .de
384 2218 417 2273 V.
432 2219 464 2276 O.
483 2223 585 2285 (46,1).
604 2218 634 2271 L.
655 2225 694 2273 17.
712 2233 754 2287 pr.
773 2218 806 2272 D.
825 2219 860 2273 de
879 2220 981 2274 condit.
1001 2224 1031 2275 et
1048 2222 1121 2277 darn.

166 2294 207 2352 35,
221 2294 245 2341 1.
257 2287 324 2341 lust.
336 2293 361 2353 4,
374 2291 428 2351 53.)
449 2288 480 2341 et
495 2287 557 2355 ipso
575 2302 593 2339 a
603 2287 733 2355 praetore
747 2289 813 2352 (nou
832 2302 849 2339 a
865 2288 1043 2354 proconsule)
1057 2306 1121 2343 cau·

164 2356 272 2409 tionem
293 2355 393 2422 petens
414 2354 445 2407 L.
464 2360 504 2408 11.
521 2354 553 2407 D.
578 2356 611 2407 ut
626 2353 681 2422 leg.
702 2358 764 2421 (36,
777 2357 816 2421 6).
853 2353 958 2419 Quibus
981 2358 1120 2424 convenit,

165 2423 254 2490 quod,
276 2437 332 2490 quo
355 2422 400 2476 die
417 2422 524 2475 Romae
549 2425 616 2486 (nou
639 2422 668 2475 in
691 2422 853 2490 provinciis)
879 2424 945 2476 vota
961 2440 1012 2493 pro
1031 2424 1121 2480 salute

165 2490 344 2559 imperatoris
356 2488 552 2566 suscipiantur,
565 2489 684 2557 exponit
696 2488 740 2557 (11,
753 2494 812 2544 233.
826 2496 849 2555 6.
865 2490 932 2548 1.D.
946 2492 980 2545 de
993 2491 1026 2544 V.
1039 2491 1066 2546 S.
1080 2500 1121 2559 50,

166 2560 220 2627 16),
239 2558 315 2625 quod
333 2557 419 2610 etiam
429 2574 460 2609 111
471 2555 550 2609 libris
562 2556 598 2609 ad
611 2556 734 2610 edictum
747 2558 918 2634 provinciale
932 2559 967 2612 ab
980 2559 1031 2624 his,
1049 2578 1121 2629 quae

165 2625 270 2679 Romae
287 2627 360 2690 sunt,
379 2624 470 2688 adid,
488 2622 564 2691 quod
581 2624 611 2676 in
628 2624 779 2692 provinciis
797 2625 915 2691 obtinet,
933 2626 1062 2694 procedit
1079 2628 1121 2694 (L.

165 2698 190 2749 l.
208 2709 252 2761 pr.
272 2690 306 2748 D.
323 2690 400 2759 quod
417 2690 523 2758 cuiusq.
542 2690 619 2748 univ.
638 2698 661 2755 3,
674 2696 700 2743 4.
719 2690 748 2743 L.
763 2697 788 2745 5.
802 2692 834 2744 D.
854 2692 889 2746 de
908 2692 993 2747 curat.
1012 2694 1064 2748 fur.
1079 2701 1121 2761 27,

166 2762 211 2826 10)
230 2759 260 2813 et
276 2759 366 2812 multa
383 2757 494 2811 similia.
531 2756 608 2821 Quae
627 2758 742 2825 quidem
760 2758 880 2827 singula,
898 2760 1001 2826 fateor,
1020 2777 1122 2828 parum

184 2827 294 2891 rebant,
311 2826 460 2880 coniuncta
476 2840 544 2878 vero
562 2841 644 2878 suum
661 2825 768 2879 habent
790 2826 910 2881 maxime
934 2828 970 2881 ad
991 2828 1121 2883 refellen-

164 2844 232 2947 lum
257 2894 440 2947 momentum.
480 2892 608 2957 Denique
634 2907 707 2960 quae
733 2895 801 2946 tunc
827 2896 889 2947 erat
915 2895 992 2948 urbis
1014 2895 1121 2952 Romae

164 2961 324 3026 auctoritas,
342 2961 440 3029 legum
457 2960 576 3028 patriae,
594 2959 633 3012 im
655 2959 706 3013 erii
723 2962 865 3028 totiusque
882 2962 1121 3030 iurisprudentiae

165 3029 253 3092 sedis,
270 3028 333 3095 quis
350 3028 460 3092 credat,
478 3026 613 3081 iuriscons
645 3030 718 3092 tum,
741 3028 790 3095 qui
807 3030 852 3082 tot
868 3028 1024 3098 insignibus
1042 3030 1134 3084 libris·

164 3096 208 3150 ius
225 3096 308 3150 civile
329 3094 494 3159 illustravit,
517 3094 621 3171 quique
645 3097 674 3148 et
692 3095 853 3149 Cassianum
878 3112 907 3149 se
925 3095 1075 3164 profitetur
1093 3101 1122 3151 et

163 3162 232 3218 licet
247 3179 304 3217 non
322 3180 340 3217 a
357 3162 384 3216 S.
401 3162 557 3230 Pompcmo
582 3161 713 3216 Cassiano
734 3162 804 3215 item
828 3162 925 3216 ‘Gaius
946 3165 1052 3217 noster’
1072 3180 1121 3232 ap·

164 3230 307 3300 pullatus,¹
325 3232 422 3284 tamen
439 3228 635 3283 controversiis
654 3229 819 3295 scholarum,
839 3246 911 3297 quac
929 3228 1035 3284 Romae
1053 3232 1121 3283 tunc

164 3334 375 3349 *ιη-*ιώ-

235 3406 256 3476 ¹)
270 3410 296 3459 L.
312 3420 346 3461 aa.
367 3408 395 3457 D.
415 3408 444 3457 de
464 3408 544 3469 stipul.
565 3421 627 3457 serv.
649 3409 696 3475 (45,
712 3407 748 3474 a),
768 3407 808 3469 qui
827 3406 894 3456 locus
913 3422 969 3458 num
988 3408 1017 3457 ad
1038 3406 1122 3456 Galum

163 3488 270 3531 nostrum
289 3486 396 3544 spectet,
410 3494 454 3528 uec
468 3479 549 3542 potius
565 3477 595 3526 ad
609 3478 634 3529 C.
651 3479 759 3530 Cassium
774 3477 917 3539 Longinum,
932 3486 987 3543 post
1001 3480 1124 3541 disputata

164 3551 291 3603 (labacro
306 3567 320 3599 a
335 3550 363 3601 G.
378 3550 408 3599 11.
423 3550 514 3599 tabere
529 3549 553 3597 in
564 3548 680 3603 Zeitschr.
697 3554 711 3600 i.
723 3548 892 3609 Rechtsgesch.
908 3549 933 3599 V.
950 3567 973 3616 p.
988 3562 1013 3603 at
1023 3564 1075 3611 seq.
1091 3544 1126 3591 ila
