<?xml version="1.0" encoding="UTF-8"?>
<!DOCTYPE html PUBLIC "-//W3C//DTD XHTML 1.0 Transitional//EN"
    "http://www.w3.org/TR/xhtml1/DTD/xhtml1-transitional.dtd">
<html xmlns="http://www.w3.org/1999/xhtml" xml:lang="en" lang="en">
 <head>
  <title>
</title>
<meta http-equiv="Content-Type" content="text/html;charset=utf-8" />
  <meta name='ocr-system' content='tesseract 3.04.00' />
  <meta name='ocr-capabilities' content='ocr_page ocr_carea ocr_par ocr_line ocrx_word'/>
</head>
<body>
  <div class='ocr_page' id='page_1' title='image "./iurisprudentiae01huscgoog_0752.png"; bbox 0 0 2542 3909; ppageno 0'>
   <div class='ocr_carea' id='block_1_1' title="bbox 500 201 1114 264">
    <p class='ocr_par' dir='ltr' id='par_1_1' title="bbox 500 201 1114 264">
     <span class='ocr_line' id='line_1_1' title="bbox 500 201 1114 264; baseline 0.01 -6"><span class='ocrx_word' id='word_1_1' title='bbox 500 221 535 258; x_wconf 83' lang='lat' dir='ltr'>ex</span> <span class='ocrx_word' id='word_1_2' title='bbox 552 222 635 258; x_wconf 75' lang='lat' dir='ltr'>nureo</span> <span class='ocrx_word' id='word_1_3' title='bbox 653 222 775 259; x_wconf 80' lang='lat' dir='ltr'>vnnnrno.</span> <span class='ocrx_word' id='word_1_4' title='bbox 1056 201 1114 264; x_wconf 69' lang='grc'>’127</span> 
     </span>
    </p>
   </div>
   <div class='ocr_carea' id='block_1_2' title="bbox 98 343 1141 2511">
    <p class='ocr_par' dir='ltr' id='par_1_2' title="bbox 98 343 1141 2511">
     <span class='ocr_line' id='line_1_2' title="bbox 98 343 1121 426; baseline -0.004 -18"><span class='ocrx_word' id='word_1_5' title='bbox 98 361 100 368; x_wconf 81' lang='grc'>’</span> <span class='ocrx_word' id='word_1_6' title='bbox 164 352 234 426; x_wconf 90' lang='lat' dir='ltr'>legis</span> <span class='ocrx_word' id='word_1_7' title='bbox 250 353 327 408; x_wconf 86' lang='lat' dir='ltr'>istius</span> <span class='ocrx_word' id='word_1_8' title='bbox 343 351 467 408; x_wconf 79' lang='lat' dir='ltr'>cautione</span> <span class='ocrx_word' id='word_1_9' title='bbox 482 359 625 422; x_wconf 90' lang='lat' dir='ltr'>ourrente,</span> <span class='ocrx_word' id='word_1_10' title='bbox 647 359 677 407; x_wconf 92' lang='lat' dir='ltr'>ut</span> <span class='ocrx_word' id='word_1_11' title='bbox 692 351 795 407; x_wconf 89' lang='lat' dir='ltr'>etiamsi</span> <span class='ocrx_word' id='word_1_12' title='bbox 816 343 992 406; x_wconf 84' lang='lat' dir='ltr'>&#39;subseeiue¹</span> <span class='ocrx_word' id='word_1_13' title='bbox 1014 349 1068 421; x_wconf 91' lang='lat' dir='ltr'>uel,</span> <span class='ocrx_word' id='word_1_14' title='bbox 1091 356 1121 404; x_wconf 91' lang='lat' dir='ltr'>ut</span> 
     </span>
     <span class='ocr_line' id='line_1_3' title="bbox 168 425 1121 509; baseline -0.004 -17"><span class='ocrx_word' id='word_1_15' title='bbox 168 437 254 509; x_wconf 88' lang='lat' dir='ltr'>uulgo</span> <span class='ocrx_word' id='word_1_16' title='bbox 270 437 353 498; x_wconf 82' lang='lat' dir='ltr'>siunt,</span> <span class='ocrx_word' id='word_1_17' title='bbox 369 450 475 491; x_wconf 88' lang='lat' dir='ltr'>scamna</span> <span class='ocrx_word' id='word_1_18' title='bbox 490 435 652 501; x_wconf 88' lang='lat' dir='ltr'>uendautur,</span> <span class='ocrx_word' id='word_1_19' title='bbox 668 435 765 491; x_wconf 90' lang='lat' dir='ltr'>horum</span> <span class='ocrx_word' id='word_1_20' title='bbox 782 425 958 490; x_wconf 86' lang='lat' dir='ltr'>uendendae²</span> <span class='ocrx_word' id='word_1_21' title='bbox 971 435 1121 507; x_wconf 83' lang='lat' dir='ltr'>proprieta-</span> 
     </span>
     <span class='ocr_line' id='line_1_4' title="bbox 168 513 1121 592; baseline -0.002 -18"><span class='ocrx_word' id='word_1_22' title='bbox 168 521 202 576; x_wconf 93' lang='lat' dir='ltr'>tis</span> <span class='ocrx_word' id='word_1_23' title='bbox 217 517 339 592; x_wconf 78' lang='lat' dir='ltr'>probatio</span> <span class='ocrx_word' id='word_1_24' title='bbox 355 517 528 591; x_wconf 81' lang='lat' dir='ltr'>conpleatur.</span> <span class='ocrx_word' id='word_1_25' title='bbox 552 513 602 592; x_wconf 85' lang='grc'>(6.)</span> <span class='ocrx_word' id='word_1_26' title='bbox 619 517 686 574; x_wconf 87' lang='lat' dir='ltr'>lliuc</span> <span class='ocrx_word' id='word_1_27' title='bbox 702 520 801 575; x_wconf 80' lang='lat' dir='ltr'>etenim</span> <span class='ocrx_word' id='word_1_28' title='bbox 814 518 902 591; x_wconf 80' lang='lat' dir='ltr'>iurgia</span> <span class='ocrx_word' id='word_1_29' title='bbox 914 517 998 573; x_wconf 85' lang='lat' dir='ltr'>mults</span> <span class='ocrx_word' id='word_1_30' title='bbox 1008 533 1121 573; x_wconf 83' lang='lat' dir='ltr'>nuscun-</span> 
     </span>
     <span class='ocr_line' id='line_1_5' title="bbox 168 600 1121 675; baseline -0.002 -17"><span class='ocrx_word' id='word_1_31' title='bbox 168 611 222 673; x_wconf 90' lang='lat' dir='ltr'>tur,</span> <span class='ocrx_word' id='word_1_32' title='bbox 238 603 300 658; x_wconf 89' lang='lat' dir='ltr'>hine</span> <span class='ocrx_word' id='word_1_33' title='bbox 315 603 488 675; x_wconf 68' lang='lat' dir='ltr'>proprietatis</span> <span class='ocrx_word' id='word_1_34' title='bbox 504 603 561 658; x_wconf 89' lang='lat' dir='ltr'>iure</span> <span class='ocrx_word' id='word_1_35' title='bbox 579 609 753 671; x_wconf 86' lang='lat' dir='ltr'>temerentur,</span> <span class='ocrx_word' id='word_1_36' title='bbox 774 602 836 657; x_wconf 83' lang='lat' dir='ltr'>ltine</span> <span class='ocrx_word' id='word_1_37' title='bbox 851 600 976 657; x_wconf 90' lang='lat' dir='ltr'>dominiis</span> <span class='ocrx_word' id='word_1_38' title='bbox 992 601 1121 657; x_wconf 88' lang='lat' dir='ltr'>uetustis·</span> 
     </span>
     <span class='ocr_line' id='line_1_6' title="bbox 168 685 1124 759; baseline -0.002 -18"><span class='ocrx_word' id='word_1_39' title='bbox 168 687 242 741; x_wconf 92' lang='lat' dir='ltr'>simis</span> <span class='ocrx_word' id='word_1_40' title='bbox 265 685 387 741; x_wconf 83' lang='lat' dir='ltr'>molestie</span> <span class='ocrx_word' id='word_1_41' title='bbox 408 693 582 759; x_wconf 89' lang='lat' dir='ltr'>conparatur,</span> <span class='ocrx_word' id='word_1_42' title='bbox 606 701 666 742; x_wconf 92' lang='lat' dir='ltr'>cum</span> <span class='ocrx_word' id='word_1_43' title='bbox 681 686 808 741; x_wconf 83' lang='lat' dir='ltr'>caecitate</span> <span class='ocrx_word' id='word_1_44' title='bbox 829 701 1019 758; x_wconf 83' lang='lat' dir='ltr'>praepropera,</span> <span class='ocrx_word' id='word_1_45' title='bbox 1042 691 1069 740; x_wconf 94' lang='lat' dir='ltr'>et</span> <span class='ocrx_word' id='word_1_46' title='bbox 1083 685 1124 740; x_wconf 89' lang='lat' dir='ltr'>rei</span> 
     </span>
     <span class='ocr_line' id='line_1_7' title="bbox 167 769 1123 842; baseline -0.002 -18"><span class='ocrx_word' id='word_1_47' title='bbox 167 769 346 841; x_wconf 85' lang='lat' dir='ltr'>inquisitione</span> <span class='ocrx_word' id='word_1_48' title='bbox 360 769 495 842; x_wconf 87' lang='lat' dir='ltr'>neglecta,</span> <span class='ocrx_word' id='word_1_49' title='bbox 518 769 578 826; x_wconf 90' lang='lat' dir='ltr'>luce</span> <span class='ocrx_word' id='word_1_50' title='bbox 600 770 721 825; x_wconf 85' lang='lat' dir='ltr'>ueritatis</span> <span class='ocrx_word' id='word_1_51' title='bbox 744 770 851 839; x_wconf 91' lang='lat' dir='ltr'>omissa,</span> <span class='ocrx_word' id='word_1_52' title='bbox 873 783 924 824; x_wconf 91' lang='lat' dir='ltr'>nee</span> <span class='ocrx_word' id='word_1_53' title='bbox 943 769 1123 841; x_wconf 78' lang='lat' dir='ltr'>perpetuitate</span> 
     </span>
     <span class='ocr_line' id='line_1_8' title="bbox 167 851 1123 926; baseline -0.002 -18"><span class='ocrx_word' id='word_1_54' title='bbox 167 854 285 925; x_wconf 86' lang='lat' dir='ltr'>cogitate</span> <span class='ocrx_word' id='word_1_55' title='bbox 297 852 417 922; x_wconf 93' lang='lat' dir='ltr'>dominii,</span> <span class='ocrx_word' id='word_1_56' title='bbox 432 854 499 908; x_wconf 88' lang='lat' dir='ltr'>luris</span> <span class='ocrx_word' id='word_1_57' title='bbox 510 854 614 909; x_wconf 86' lang='lat' dir='ltr'>ratione</span> <span class='ocrx_word' id='word_1_58' title='bbox 630 853 792 926; x_wconf 87' lang='lat' dir='ltr'>postposita,</span> <span class='ocrx_word' id='word_1_59' title='bbox 808 851 841 906; x_wconf 86' lang='lat' dir='ltr'>ed</span> <span class='ocrx_word' id='word_1_60' title='bbox 852 852 891 907; x_wconf 91' lang='lat' dir='ltr'>rei</span> <span class='ocrx_word' id='word_1_61' title='bbox 903 853 1123 925; x_wconf 82' lang='lat' dir='ltr'>conparationem</span> 
     </span>
     <span class='ocr_line' id='line_1_9' title="bbox 169 931 1123 1010; baseline -0.003 -18"><span class='ocrx_word' id='word_1_62' title='bbox 169 935 311 1007; x_wconf 88' lang='lat' dir='ltr'>accedunt,</span> <span class='ocrx_word' id='word_1_63' title='bbox 327 937 432 992; x_wconf 90' lang='lat' dir='ltr'>omissis</span> <span class='ocrx_word' id='word_1_64' title='bbox 448 931 537 1010; x_wconf 84' lang='lat' dir='ltr'>&#39;(lu&#39;s)³</span> <span class='ocrx_word' id='word_1_65' title='bbox 553 936 688 1004; x_wconf 89' lang='lat' dir='ltr'>omnibus,</span> <span class='ocrx_word' id='word_1_66' title='bbox 703 935 876 992; x_wconf 81' lang='lat' dir='ltr'>dissimulatis</span> <span class='ocrx_word' id='word_1_67' title='bbox 888 943 970 1008; x_wconf 82' lang='lat' dir='ltr'>etque</span> <span class='ocrx_word' id='word_1_68' title='bbox 980 934 1123 1008; x_wconf 82' lang='lat' dir='ltr'>neglectis,</span> 
     </span>
     <span class='ocr_line' id='line_1_10' title="bbox 168 1018 1123 1094; baseline -0.001 -19"><span class='ocrx_word' id='word_1_69' title='bbox 168 1019 195 1075; x_wconf 90' lang='lat' dir='ltr'>id</span> <span class='ocrx_word' id='word_1_70' title='bbox 210 1028 358 1094; x_wconf 88' lang='lat' dir='ltr'>properant</span> <span class='ocrx_word' id='word_1_71' title='bbox 372 1027 452 1093; x_wconf 89' lang='lat' dir='ltr'>atque</span> <span class='ocrx_word' id='word_1_72' title='bbox 467 1019 605 1086; x_wconf 79' lang='lat' dir='ltr'>festinent,</span> <span class='ocrx_word' id='word_1_73' title='bbox 624 1027 653 1074; x_wconf 90' lang='lat' dir='ltr'>ut</span> <span class='ocrx_word' id='word_1_74' title='bbox 667 1035 778 1092; x_wconf 89' lang='lat' dir='ltr'>quoquo</span> <span class='ocrx_word' id='word_1_75' title='bbox 793 1018 874 1074; x_wconf 90' lang='lat' dir='ltr'>modo</span> <span class='ocrx_word' id='word_1_76' title='bbox 887 1018 1017 1077; x_wconf 89' lang='lat' dir='ltr'>cuniculis</span> <span class='ocrx_word' id='word_1_77' title='bbox 1032 1018 1123 1074; x_wconf 89' lang='lat' dir='ltr'>neseio</span> 
     </span>
     <span class='ocr_line' id='line_1_11' title="bbox 169 1101 1122 1176; baseline -0.003 -18"><span class='ocrx_word' id='word_1_78' title='bbox 169 1102 266 1175; x_wconf 83' lang='lat' dir='ltr'>quilius</span> <span class='ocrx_word' id='word_1_79' title='bbox 285 1105 356 1160; x_wconf 92' lang='lat' dir='ltr'>inter</span> <span class='ocrx_word' id='word_1_80' title='bbox 378 1112 527 1176; x_wconf 86' lang='lat' dir='ltr'>emptorem</span> <span class='ocrx_word' id='word_1_81' title='bbox 542 1111 569 1158; x_wconf 90' lang='lat' dir='ltr'>et</span> <span class='ocrx_word' id='word_1_82' title='bbox 591 1102 759 1159; x_wconf 91' lang='lat' dir='ltr'>uenditorem</span> <span class='ocrx_word' id='word_1_83' title='bbox 776 1102 917 1158; x_wconf 89' lang='lat' dir='ltr'>sollemnia</span> <span class='ocrx_word' id='word_1_84' title='bbox 937 1101 1122 1157; x_wconf 88' lang='lat' dir='ltr'>celebrentur:</span> 
     </span>
     <span class='ocr_line' id='line_1_12' title="bbox 169 1177 1124 1260; baseline -0.003 -17"><span class='ocrx_word' id='word_1_85' title='bbox 169 1203 230 1244; x_wconf 91' lang='lat' dir='ltr'>cum</span> <span class='ocrx_word' id='word_1_86' title='bbox 245 1188 328 1260; x_wconf 90' lang='lat' dir='ltr'>longe</span> <span class='ocrx_word' id='word_1_87' title='bbox 343 1188 379 1243; x_wconf 89' lang='lat' dir='ltr'>sit</span> <span class='ocrx_word' id='word_1_88' title='bbox 395 1186 499 1258; x_wconf 86' lang='lat' dir='ltr'>melius,</span> <span class='ocrx_word' id='word_1_89' title='bbox 516 1185 596 1242; x_wconf 89' lang='lat' dir='ltr'>sicuti</span> <span class='ocrx_word' id='word_1_90' title='bbox 608 1185 732 1256; x_wconf 83' lang='lat' dir='ltr'>diximus,</span> <span class='ocrx_word' id='word_1_91' title='bbox 749 1194 780 1241; x_wconf 91' lang='lat' dir='ltr'>nt</span> <span class='ocrx_word' id='word_1_92' title='bbox 794 1181 879 1242; x_wconf 87' lang='lat' dir='ltr'>’luee⁴</span> <span class='ocrx_word' id='word_1_93' title='bbox 895 1187 1024 1247; x_wconf 88' lang='lat' dir='ltr'>ueritatis,</span> <span class='ocrx_word' id='word_1_94' title='bbox 1037 1177 1124 1240; x_wconf 80' lang='lat' dir='ltr'>&#39;irdei⁵</span> 
     </span>
     <span class='ocr_line' id='line_1_13' title="bbox 169 1268 1123 1343; baseline 0 -19"><span class='ocrx_word' id='word_1_95' title='bbox 169 1271 342 1339; x_wconf 86' lang='lat' dir='ltr'>testimonio,</span> <span class='ocrx_word' id='word_1_96' title='bbox 370 1269 477 1343; x_wconf 88' lang='lat' dir='ltr'>publice</span> <span class='ocrx_word' id='word_1_97' title='bbox 501 1286 583 1343; x_wconf 88' lang='lat' dir='ltr'>uoce,</span> <span class='ocrx_word' id='word_1_98' title='bbox 611 1269 865 1326; x_wconf 89' lang='lat' dir='ltr'>subclamatiouibus</span> <span class='ocrx_word' id='word_1_99' title='bbox 892 1269 985 1342; x_wconf 93' lang='lat' dir='ltr'>populi</span> <span class='ocrx_word' id='word_1_100' title='bbox 1009 1268 1123 1325; x_wconf 90' lang='lat' dir='ltr'>idoneus</span> 
     </span>
     <span class='ocr_line' id='line_1_14' title="bbox 169 1351 1124 1427; baseline 0 -20"><span class='ocrx_word' id='word_1_101' title='bbox 169 1351 296 1409; x_wconf 86' lang='lat' dir='ltr'>uenditor</span> <span class='ocrx_word' id='word_1_102' title='bbox 316 1352 489 1426; x_wconf 71' lang='lat' dir='ltr'>admolietur,</span> <span class='ocrx_word' id='word_1_103' title='bbox 513 1370 567 1427; x_wconf 94' lang='lat' dir='ltr'>quo</span> <span class='ocrx_word' id='word_1_104' title='bbox 590 1355 629 1409; x_wconf 88' lang='lat' dir='ltr'>sie</span> <span class='ocrx_word' id='word_1_105' title='bbox 651 1353 715 1409; x_wconf 75' lang='lat' dir='ltr'>ielis</span> <span class='ocrx_word' id='word_1_106' title='bbox 729 1362 891 1426; x_wconf 84' lang='lat' dir='ltr'>conparatur</span> <span class='ocrx_word' id='word_1_107' title='bbox 912 1360 993 1426; x_wconf 87' lang='lat' dir='ltr'>atquc</span> <span class='ocrx_word' id='word_1_108' title='bbox 1012 1368 1124 1409; x_wconf 85' lang='lat' dir='ltr'>securus</span> 
     </span>
     <span class='ocr_line' id='line_1_15' title="bbox 169 1436 1124 1510; baseline -0.002 -18"><span class='ocrx_word' id='word_1_109' title='bbox 169 1452 236 1492; x_wconf 87' lang='lat' dir='ltr'>aeuo</span> <span class='ocrx_word' id='word_1_110' title='bbox 252 1436 381 1493; x_wconf 91' lang='lat' dir='ltr'>diuturno</span> <span class='ocrx_word' id='word_1_111' title='bbox 397 1438 533 1510; x_wconf 89' lang='lat' dir='ltr'>persistat.</span> <span class='ocrx_word' id='word_1_112' title='bbox 577 1437 650 1510; x_wconf 90' lang='lat' dir='ltr'>quod</span> <span class='ocrx_word' id='word_1_113' title='bbox 672 1454 721 1510; x_wconf 91' lang='lat' dir='ltr'>pro</span> <span class='ocrx_word' id='word_1_114' title='bbox 737 1439 828 1510; x_wconf 89' lang='lat' dir='ltr'>quiete</span> <span class='ocrx_word' id='word_1_115' title='bbox 845 1438 929 1493; x_wconf 87' lang='lat' dir='ltr'>totius</span> <span class='ocrx_word' id='word_1_116' title='bbox 944 1437 1124 1494; x_wconf 87' lang='lat' dir='ltr'>successionis</span> 
     </span>
     <span class='ocr_line' id='line_1_16' title="bbox 169 1514 1124 1595; baseline -0.002 -19"><span class='ocrx_word' id='word_1_117' title='bbox 169 1519 333 1593; x_wconf 83' lang='lat' dir='ltr'>eloquimur,</span> <span class='ocrx_word' id='word_1_118' title='bbox 356 1537 390 1576; x_wconf 92' lang='lat' dir='ltr'>ne</span> <span class='ocrx_word' id='word_1_119' title='bbox 406 1520 488 1590; x_wconf 81' lang='lat' dir='ltr'>loric,</span> <span class='ocrx_word' id='word_1_120' title='bbox 509 1514 609 1595; x_wconf 72' lang='lat' dir='ltr'>(ecem)6</span> <span class='ocrx_word' id='word_1_121' title='bbox 623 1520 719 1592; x_wconf 83' lang='lat' dir='ltr'>aliquis</span> <span class='ocrx_word' id='word_1_122' title='bbox 734 1521 860 1576; x_wconf 89' lang='lat' dir='ltr'>uenditor</span> <span class='ocrx_word' id='word_1_123' title='bbox 875 1537 954 1576; x_wconf 90' lang='lat' dir='ltr'>suum</span> <span class='ocrx_word' id='word_1_124' title='bbox 969 1536 1029 1577; x_wconf 89' lang='lat' dir='ltr'>esse</span> <span class='ocrx_word' id='word_1_125' title='bbox 1043 1520 1124 1592; x_wconf 83' lang='lat' dir='ltr'>dicet,</span> 
     </span>
     <span class='ocr_line' id='line_1_17' title="bbox 169 1597 1124 1678; baseline 0 -19"><span class='ocrx_word' id='word_1_126' title='bbox 169 1604 243 1678; x_wconf 92' lang='lat' dir='ltr'>quod</span> <span class='ocrx_word' id='word_1_127' title='bbox 259 1619 319 1660; x_wconf 91' lang='lat' dir='ltr'>esse</span> <span class='ocrx_word' id='word_1_128' title='bbox 334 1610 441 1660; x_wconf 90' lang='lat' dir='ltr'>constat</span> <span class='ocrx_word' id='word_1_129' title='bbox 461 1603 592 1677; x_wconf 89' lang='lat' dir='ltr'>alienum,</span> <span class='ocrx_word' id='word_1_130' title='bbox 615 1597 674 1660; x_wconf 75' lang='grc' dir='ltr'>’ἰῑιι7</span> <span class='ocrx_word' id='word_1_131' title='bbox 697 1611 866 1678; x_wconf 83' lang='lat' dir='ltr'>comparator,</span> <span class='ocrx_word' id='word_1_132' title='bbox 889 1604 958 1660; x_wconf 87' lang='lat' dir='ltr'>malo</span> <span class='ocrx_word' id='word_1_133' title='bbox 982 1604 1124 1660; x_wconf 91' lang='lat' dir='ltr'>uenditore</span> 
     </span>
     <span class='ocr_line' id='line_1_18' title="bbox 170 1686 1125 1760; baseline 0 -18"><span class='ocrx_word' id='word_1_134' title='bbox 170 1687 299 1760; x_wconf 80' lang='lat' dir='ltr'>deterior,</span> <span class='ocrx_word' id='word_1_135' title='bbox 314 1689 438 1745; x_wconf 89' lang='lat' dir='ltr'>incautus</span> <span class='ocrx_word' id='word_1_136' title='bbox 449 1696 477 1744; x_wconf 91' lang='lat' dir='ltr'>et</span> <span class='ocrx_word' id='word_1_137' title='bbox 487 1689 624 1753; x_wconf 86' lang='lat' dir='ltr'>credulus,</span> <span class='ocrx_word' id='word_1_138' title='bbox 640 1704 701 1744; x_wconf 92' lang='lat' dir='ltr'>eum</span> <span class='ocrx_word' id='word_1_139' title='bbox 714 1686 918 1745; x_wconf 82' lang='lat' dir='ltr'>testificantibus</span> <span class='ocrx_word' id='word_1_140' title='bbox 931 1689 1024 1744; x_wconf 90' lang='lat' dir='ltr'>uicinis</span> <span class='ocrx_word' id='word_1_141' title='bbox 1037 1689 1125 1744; x_wconf 84' lang='lat' dir='ltr'>omnio</span> 
     </span>
     <span class='ocr_line' id='line_1_19' title="bbox 170 1769 1123 1844; baseline 0.001 -20"><span class='ocrx_word' id='word_1_142' title='bbox 170 1769 265 1825; x_wconf 82' lang='lat' dir='ltr'>debent</span> <span class='ocrx_word' id='word_1_143' title='bbox 292 1787 437 1844; x_wconf 85' lang='lat' dir='ltr'>quaerere,</span> <span class='ocrx_word' id='word_1_144' title='bbox 467 1770 499 1826; x_wconf 90' lang='lat' dir='ltr'>ab</span> <span class='ocrx_word' id='word_1_145' title='bbox 526 1773 715 1828; x_wconf 90' lang='lat' dir='ltr'>uniuersorum</span> <span class='ocrx_word' id='word_1_146' title='bbox 743 1772 931 1844; x_wconf 89' lang='lat' dir='ltr'>disquisitione</span> <span class='ocrx_word' id='word_1_147' title='bbox 960 1771 1123 1839; x_wconf 86' lang='lat' dir='ltr'>dissimulet,</span> 
     </span>
     <span class='ocr_line' id='line_1_20' title="bbox 169 1846 1124 1928; baseline 0.001 -21"><span class='ocrx_word' id='word_1_148' title='bbox 169 1846 274 1924; x_wconf 70' lang='grc' dir='ltr'>ἰιιιιιιιι8</span> <span class='ocrx_word' id='word_1_149' title='bbox 295 1855 335 1909; x_wconf 94' lang='lat' dir='ltr'>sie</span> <span class='ocrx_word' id='word_1_150' title='bbox 350 1862 475 1926; x_wconf 90' lang='lat' dir='ltr'>oporteat</span> <span class='ocrx_word' id='word_1_151' title='bbox 491 1870 583 1928; x_wconf 85' lang='lat' dir='ltr'>egere,</span> <span class='ocrx_word' id='word_1_152' title='bbox 607 1862 637 1910; x_wconf 91' lang='lat' dir='ltr'>ut</span> <span class='ocrx_word' id='word_1_153' title='bbox 657 1869 707 1909; x_wconf 92' lang='lat' dir='ltr'>nee</span> <span class='ocrx_word' id='word_1_154' title='bbox 720 1853 786 1910; x_wconf 91' lang='lat' dir='ltr'>illud</span> <span class='ocrx_word' id='word_1_155' title='bbox 803 1853 898 1911; x_wconf 87' lang='lat' dir='ltr'>deheet</span> <span class='ocrx_word' id='word_1_156' title='bbox 913 1855 1028 1927; x_wconf 86' lang='lat' dir='ltr'>requiri,</span> <span class='ocrx_word' id='word_1_157' title='bbox 1052 1853 1124 1925; x_wconf 94' lang='lat' dir='ltr'>quod</span> 
     </span>
     <span class='ocr_line' id='line_1_21' title="bbox 171 1929 1125 2014; baseline 0 -23"><span class='ocrx_word' id='word_1_158' title='bbox 171 1951 202 1991; x_wconf 86' lang='lat' dir='ltr'>ex</span> <span class='ocrx_word' id='word_1_159' title='bbox 217 1937 277 1990; x_wconf 90' lang='lat' dir='ltr'>iure</span> <span class='ocrx_word' id='word_1_160' title='bbox 292 1935 390 1994; x_wconf 88' lang='lat' dir='ltr'>dicitur</span> <span class='ocrx_word' id='word_1_161' title='bbox 413 1933 446 1992; x_wconf 75' lang='lat' dir='ltr'>‘si</span> <span class='ocrx_word' id='word_1_162' title='bbox 462 1953 476 1992; x_wconf 88' lang='lat' dir='ltr'>a</span> <span class='ocrx_word' id='word_1_163' title='bbox 492 1937 601 1993; x_wconf 92' lang='lat' dir='ltr'>domino</span> <span class='ocrx_word' id='word_1_164' title='bbox 613 1953 658 1992; x_wconf 90' lang='lat' dir='ltr'>res</span> <span class='ocrx_word' id='word_1_165' title='bbox 675 1937 783 1992; x_wconf 84' lang='lat' dir='ltr'>uendite</span> <span class='ocrx_word' id='word_1_166' title='bbox 798 1931 878 1993; x_wconf 81' lang='lat' dir='ltr'>sit.&#39;⁹</span> <span class='ocrx_word' id='word_1_167' title='bbox 921 1929 982 2014; x_wconf 79' lang='lat' dir='ltr'>(t.)</span> <span class='ocrx_word' id='word_1_168' title='bbox 1005 1937 1042 1992; x_wconf 84' lang='lat' dir='ltr'>lte</span> <span class='ocrx_word' id='word_1_169' title='bbox 1057 1953 1125 2011; x_wconf 90' lang='lat' dir='ltr'>ergo</span> 
     </span>
     <span class='ocr_line' id='line_1_22' title="bbox 170 2018 1126 2091; baseline 0.003 -18"><span class='ocrx_word' id='word_1_170' title='bbox 170 2018 358 2075; x_wconf 85' lang='lat' dir='ltr'>uenditionum</span> <span class='ocrx_word' id='word_1_171' title='bbox 373 2021 491 2075; x_wconf 91' lang='lat' dir='ltr'>omnium</span> <span class='ocrx_word' id='word_1_172' title='bbox 507 2028 550 2077; x_wconf 91' lang='lat' dir='ltr'>est</span> <span class='ocrx_word' id='word_1_173' title='bbox 571 2019 708 2076; x_wconf 83' lang='lat' dir='ltr'>tractanda</span> <span class='ocrx_word' id='word_1_174' title='bbox 731 2019 912 2091; x_wconf 87' lang='lat' dir='ltr'>sollemnitas,</span> <span class='ocrx_word' id='word_1_175' title='bbox 936 2028 965 2076; x_wconf 92' lang='lat' dir='ltr'>ut</span> <span class='ocrx_word' id='word_1_176' title='bbox 985 2019 1065 2076; x_wconf 83' lang='lat' dir='ltr'>lellex</span> <span class='ocrx_word' id='word_1_177' title='bbox 1079 2020 1126 2076; x_wconf 86' lang='lat' dir='ltr'>ille</span> 
     </span>
     <span class='ocr_line' id='line_1_23' title="bbox 170 2101 1124 2177; baseline 0 -19"><span class='ocrx_word' id='word_1_178' title='bbox 170 2110 198 2158; x_wconf 92' lang='lat' dir='ltr'>et</span> <span class='ocrx_word' id='word_1_179' title='bbox 213 2101 383 2159; x_wconf 83' lang='lat' dir='ltr'>fraudulenta</span> <span class='ocrx_word' id='word_1_180' title='bbox 406 2103 526 2160; x_wconf 83' lang='lat' dir='ltr'>uenditis</span> <span class='ocrx_word' id='word_1_181' title='bbox 549 2105 673 2177; x_wconf 89' lang='lat' dir='ltr'>paenitus</span> <span class='ocrx_word' id='word_1_182' title='bbox 694 2103 801 2176; x_wconf 86' lang='lat' dir='ltr'>sepulta</span> <span class='ocrx_word' id='word_1_183' title='bbox 820 2103 956 2177; x_wconf 88' lang='lat' dir='ltr'>depereat.</span> <span class='ocrx_word' id='word_1_184' title='bbox 1001 2102 1048 2159; x_wconf 80' lang='lat' dir='ltr'>dui</span> <span class='ocrx_word' id='word_1_185' title='bbox 1070 2103 1124 2177; x_wconf 89' lang='lat' dir='ltr'>legi</span> 
     </span>
     <span class='ocr_line' id='line_1_24' title="bbox 171 2184 1141 2261; baseline 0 -20"><span class='ocrx_word' id='word_1_186' title='bbox 171 2185 299 2260; x_wconf 89' lang='lat' dir='ltr'>deinceps</span> <span class='ocrx_word' id='word_1_187' title='bbox 314 2187 403 2243; x_wconf 90' lang='lat' dir='ltr'>cuncti</span> <span class='ocrx_word' id='word_1_188' title='bbox 417 2203 513 2261; x_wconf 86' lang='lat' dir='ltr'>parere</span> <span class='ocrx_word' id='word_1_189' title='bbox 528 2185 678 2257; x_wconf 89' lang='lat' dir='ltr'>debebunt,</span> <span class='ocrx_word' id='word_1_190' title='bbox 700 2195 732 2242; x_wconf 93' lang='lat' dir='ltr'>ut</span> <span class='ocrx_word' id='word_1_191' title='bbox 754 2188 842 2243; x_wconf 87' lang='lat' dir='ltr'>omnia</span> <span class='ocrx_word' id='word_1_192' title='bbox 864 2186 988 2260; x_wconf 82' lang='lat' dir='ltr'>diligenti</span> <span class='ocrx_word' id='word_1_193' title='bbox 1010 2184 1141 2245; x_wconf 75' lang='lat' dir='ltr'>circum-=</span> 
     </span>
     <span class='ocr_line' id='line_1_25' title="bbox 172 2270 1123 2344; baseline 0.002 -20"><span class='ocrx_word' id='word_1_194' title='bbox 172 2271 310 2343; x_wconf 90' lang='lat' dir='ltr'>spectione</span> <span class='ocrx_word' id='word_1_195' title='bbox 325 2272 446 2343; x_wconf 88' lang='lat' dir='ltr'>quaesita</span> <span class='ocrx_word' id='word_1_196' title='bbox 462 2287 511 2344; x_wconf 93' lang='lat' dir='ltr'>per</span> <span class='ocrx_word' id='word_1_197' title='bbox 526 2271 668 2326; x_wconf 83' lang='lat' dir='ltr'>uniuersas</span> <span class='ocrx_word' id='word_1_198' title='bbox 683 2271 870 2327; x_wconf 87' lang='lat' dir='ltr'>successiones</span> <span class='ocrx_word' id='word_1_199' title='bbox 892 2278 953 2326; x_wconf 92' lang='lat' dir='ltr'>tuto</span> <span class='ocrx_word' id='word_1_200' title='bbox 968 2270 1123 2341; x_wconf 86' lang='lat' dir='ltr'>decurrent,</span> 
     </span>
     <span class='ocr_line' id='line_1_26' title="bbox 171 2352 1123 2428; baseline 0.001 -20"><span class='ocrx_word' id='word_1_201' title='bbox 171 2361 260 2426; x_wconf 83' lang='lat' dir='ltr'>neque</span> <span class='ocrx_word' id='word_1_202' title='bbox 283 2353 399 2427; x_wconf 77' lang='lat' dir='ltr'>aliquem</span> <span class='ocrx_word' id='word_1_203' title='bbox 422 2370 454 2410; x_wconf 84' lang='lat' dir='ltr'>ex</span> <span class='ocrx_word' id='word_1_204' title='bbox 475 2353 683 2426; x_wconf 89' lang='lat' dir='ltr'>improuidentla</span> <span class='ocrx_word' id='word_1_205' title='bbox 710 2369 801 2410; x_wconf 92' lang='lat' dir='ltr'>casum</span> <span class='ocrx_word' id='word_1_206' title='bbox 822 2353 954 2428; x_wconf 83' lang='lat' dir='ltr'>malignae</span> <span class='ocrx_word' id='word_1_207' title='bbox 978 2352 1123 2428; x_wconf 75' lang='lat' dir='ltr'>’captionis</span> 
     </span>
     <span class='ocr_line' id='line_1_27' title="bbox 170 2431 1124 2511; baseline 0.002 -19"><span class='ocrx_word' id='word_1_208' title='bbox 170 2431 372 2498; x_wconf 73' lang='lat' dir='ltr'>horrescant.¹⁰</span> <span class='ocrx_word' id='word_1_209' title='bbox 415 2438 471 2493; x_wconf 85' lang='lat' dir='ltr'>liat.</span> <span class='ocrx_word' id='word_1_210' title='bbox 487 2435 539 2491; x_wconf 90' lang='lat' dir='ltr'>llil.</span> <span class='ocrx_word' id='word_1_211' title='bbox 556 2437 609 2493; x_wconf 89' lang='lat' dir='ltr'>lai.</span> <span class='ocrx_word' id='word_1_212' title='bbox 625 2437 689 2511; x_wconf 86' lang='lat' dir='ltr'>Sep.</span> <span class='ocrx_word' id='word_1_213' title='bbox 711 2438 735 2492; x_wconf 87' lang='lat' dir='ltr'>&#39;a</span> <span class='ocrx_word' id='word_1_214' title='bbox 750 2437 799 2492; x_wconf 83' lang='lat' dir='ltr'>er.</span> <span class='ocrx_word' id='word_1_215' title='bbox 815 2431 873 2494; x_wconf 79' lang='grc' dir='ltr'>Ρ.11</span> <span class='ocrx_word' id='word_1_216' title='bbox 894 2437 927 2493; x_wconf 88' lang='lat' dir='ltr'>ad</span> <span class='ocrx_word' id='word_1_217' title='bbox 943 2444 1124 2495; x_wconf 86' lang='lat' dir='ltr'>correctorem</span> 
     </span>
    </p>
   </div>
   <div class='ocr_carea' id='block_1_3' title="bbox 167 2635 1126 3620">
    <p class='ocr_par' dir='ltr' id='par_1_3' title="bbox 167 2635 1126 3620">
     <span class='ocr_line' id='line_1_28' title="bbox 245 2635 1123 2707; baseline 0.001 -19"><span class='ocrx_word' id='word_1_218' title='bbox 245 2636 264 2704; x_wconf 88' lang='lat'>¹)</span> <span class='ocrx_word' id='word_1_219' title='bbox 280 2641 297 2688; x_wconf 86' lang='lat' dir='ltr'>i.</span> <span class='ocrx_word' id='word_1_220' title='bbox 312 2654 334 2692; x_wconf 85' lang='lat' dir='ltr'>e.</span> <span class='ocrx_word' id='word_1_221' title='bbox 351 2635 463 2689; x_wconf 84' lang='lat' dir='ltr'>‘steriles</span> <span class='ocrx_word' id='word_1_222' title='bbox 477 2636 558 2703; x_wconf 81' lang='lat' dir='ltr'>ogri&#39;.</span> <span class='ocrx_word' id='word_1_223' title='bbox 589 2640 626 2703; x_wconf 79' lang='lat' dir='ltr'>Cf.</span> <span class='ocrx_word' id='word_1_224' title='bbox 643 2641 685 2689; x_wconf 87' lang='lat' dir='ltr'>Du</span> <span class='ocrx_word' id='word_1_225' title='bbox 697 2641 782 2707; x_wconf 80' lang='lat' dir='ltr'>Campe</span> <span class='ocrx_word' id='word_1_226' title='bbox 795 2656 816 2690; x_wconf 89' lang='lat' dir='ltr'>s.</span> <span class='ocrx_word' id='word_1_227' title='bbox 830 2657 853 2694; x_wconf 87' lang='lat' dir='ltr'>e.</span> <span class='ocrx_word' id='word_1_228' title='bbox 869 2641 981 2691; x_wconf 87' lang='lat' dir='ltr'>subsellia</span> <span class='ocrx_word' id='word_1_229' title='bbox 997 2642 1054 2692; x_wconf 86' lang='lat' dir='ltr'>Vei.</span> <span class='ocrx_word' id='word_1_230' title='bbox 1066 2642 1123 2692; x_wconf 87' lang='lat' dir='ltr'>edd.</span> 
     </span>
     <span class='ocr_line' id='line_1_29' title="bbox 171 2707 1124 2773; baseline 0.001 -15"><span class='ocrx_word' id='word_1_231' title='bbox 171 2707 224 2759; x_wconf 81' lang='lat' dir='ltr'>Sed</span> <span class='ocrx_word' id='word_1_232' title='bbox 237 2715 335 2760; x_wconf 85' lang='lat' dir='ltr'>tantum</span> <span class='ocrx_word' id='word_1_233' title='bbox 348 2710 379 2759; x_wconf 88' lang='lat' dir='ltr'>de</span> <span class='ocrx_word' id='word_1_234' title='bbox 393 2711 443 2760; x_wconf 83' lang='lat' dir='ltr'>soii</span> <span class='ocrx_word' id='word_1_235' title='bbox 457 2709 534 2759; x_wconf 82' lang='lat' dir='ltr'>rebus</span> <span class='ocrx_word' id='word_1_236' title='bbox 548 2712 624 2773; x_wconf 85' lang='lat' dir='ltr'>impp.</span> <span class='ocrx_word' id='word_1_237' title='bbox 640 2719 737 2760; x_wconf 85' lang='lat' dir='ltr'>cavent.</span> <span class='ocrx_word' id='word_1_238' title='bbox 790 2707 812 2770; x_wconf 75' lang='lat'>²)</span> <span class='ocrx_word' id='word_1_239' title='bbox 826 2711 1002 2761; x_wconf 88' lang='lat' dir='ltr'>hostendendac</span> <span class='ocrx_word' id='word_1_240' title='bbox 1022 2712 1049 2761; x_wconf 91' lang='lat' dir='ltr'><em>V</em></span> <span class='ocrx_word' id='word_1_241' title='bbox 1049 2710 1070 2762; x_wconf 68' lang='lat' dir='ltr'>i.</span> <span class='ocrx_word' id='word_1_242' title='bbox 1085 2713 1124 2762; x_wconf 84' lang='lat' dir='ltr'>ed.</span> 
     </span>
     <span class='ocr_line' id='line_1_30' title="bbox 172 2780 1054 2844; baseline 0.001 -14"><span class='ocrx_word' id='word_1_243' title='bbox 172 2780 286 2830; x_wconf 87' lang='lat' dir='ltr'>Momme.</span> <span class='ocrx_word' id='word_1_244' title='bbox 298 2796 349 2844; x_wconf 84' lang='lat' dir='ltr'>pro</span> <span class='ocrx_word' id='word_1_245' title='bbox 363 2781 554 2830; x_wconf 86' lang='lat' dir='ltr'>hor&#39;uendeudee</span> <span class='ocrx_word' id='word_1_246' title='bbox 565 2787 638 2844; x_wconf 88' lang='lat' dir='ltr'>puto.</span> <span class='ocrx_word' id='word_1_247' title='bbox 666 2782 827 2830; x_wconf 80' lang='lat' dir='ltr'>ostendendae</span> <span class='ocrx_word' id='word_1_248' title='bbox 841 2783 898 2831; x_wconf 87' lang='lat' dir='ltr'>edd.</span> <span class='ocrx_word' id='word_1_249' title='bbox 914 2797 984 2832; x_wconf 82' lang='lat' dir='ltr'>oreae</span> <span class='ocrx_word' id='word_1_250' title='bbox 998 2795 1018 2834; x_wconf 76' lang='lat' dir='ltr'>t.</span> <span class='ocrx_word' id='word_1_251' title='bbox 1033 2795 1054 2834; x_wconf 78' lang='lat' dir='ltr'>n.</span> 
     </span>
     <span class='ocr_line' id='line_1_31' title="bbox 172 2846 1124 2918; baseline 0.001 -19"><span class='ocrx_word' id='word_1_252' title='bbox 172 2846 368 2916; x_wconf 70' lang='lat' dir='ltr'>⁶)Geminando</span> <span class='ocrx_word' id='word_1_253' title='bbox 385 2853 508 2914; x_wconf 84' lang='lat' dir='ltr'>supplevi.</span> <span class='ocrx_word' id='word_1_254' title='bbox 541 2852 588 2900; x_wconf 84' lang='lat' dir='ltr'>sed</span> <span class='ocrx_word' id='word_1_255' title='bbox 605 2858 629 2900; x_wconf 89' lang='lat' dir='ltr'>et</span> <span class='ocrx_word' id='word_1_256' title='bbox 647 2853 732 2900; x_wconf 86' lang='lat' dir='ltr'>metim</span> <span class='ocrx_word' id='word_1_257' title='bbox 751 2850 834 2918; x_wconf 65' lang='lat' dir='ltr'>cium)</span> <span class='ocrx_word' id='word_1_258' title='bbox 854 2852 934 2900; x_wconf 88' lang='lat' dir='ltr'>missis</span> <span class='ocrx_word' id='word_1_259' title='bbox 949 2867 1001 2915; x_wconf 82' lang='lat' dir='ltr'>pro</span> <span class='ocrx_word' id='word_1_260' title='bbox 1020 2853 1124 2902; x_wconf 88' lang='lat' dir='ltr'>omissis.</span> 
     </span>
     <span class='ocr_line' id='line_1_32' title="bbox 172 2917 1124 2986; baseline 0.003 -18"><span class='ocrx_word' id='word_1_261' title='bbox 172 2917 194 2984; x_wconf 81' lang='lat'>⁴)</span> <span class='ocrx_word' id='word_1_262' title='bbox 209 2921 286 2969; x_wconf 92' lang='lat' dir='ltr'>lucem</span> <span class='ocrx_word' id='word_1_263' title='bbox 305 2921 363 2969; x_wconf 86' lang='lat' dir='ltr'>Vat.</span> <span class='ocrx_word' id='word_1_264' title='bbox 379 2923 417 2970; x_wconf 86' lang='lat' dir='ltr'>ed.</span> <span class='ocrx_word' id='word_1_265' title='bbox 433 2921 527 2972; x_wconf 84' lang='lat' dir='ltr'>Helico.</span> <span class='ocrx_word' id='word_1_266' title='bbox 579 2919 600 2986; x_wconf 85' lang='lat'>⁶)</span> <span class='ocrx_word' id='word_1_267' title='bbox 616 2921 705 2970; x_wconf 86' lang='lat' dir='ltr'>Malim</span> <span class='ocrx_word' id='word_1_268' title='bbox 719 2921 792 2970; x_wconf 87' lang='lat' dir='ltr'>iidcli.</span> <span class='ocrx_word' id='word_1_269' title='bbox 846 2919 868 2985; x_wconf 79' lang='lat'>⁶)</span> <span class='ocrx_word' id='word_1_270' title='bbox 885 2921 959 2970; x_wconf 83' lang='lat' dir='ltr'>Nune</span> <span class='ocrx_word' id='word_1_271' title='bbox 973 2923 1090 2985; x_wconf 81' lang='lat' dir='ltr'>supplevi</span> <span class='ocrx_word' id='word_1_272' title='bbox 1103 2924 1124 2970; x_wconf 88' lang='lat' dir='ltr'>c’</span> 
     </span>
     <span class='ocr_line' id='line_1_33' title="bbox 167 2988 1125 3056; baseline 0.002 -18"><span class='ocrx_word' id='word_1_273' title='bbox 167 2997 228 3052; x_wconf 86' lang='lat' dir='ltr'>post</span> <span class='ocrx_word' id='word_1_274' title='bbox 242 2991 323 3038; x_wconf 90' lang='lat' dir='ltr'>iort-e.</span> <span class='ocrx_word' id='word_1_275' title='bbox 377 2988 397 3056; x_wconf 73' lang='grc'>7)</span> <span class='ocrx_word' id='word_1_276' title='bbox 417 2991 474 3040; x_wconf 82' lang='lat' dir='ltr'>Vct.</span> <span class='ocrx_word' id='word_1_277' title='bbox 490 2993 566 3056; x_wconf 87' lang='lat' dir='ltr'>idque</span> <span class='ocrx_word' id='word_1_278' title='bbox 576 2991 689 3041; x_wconf 88' lang='lat' dir='ltr'>Momme.</span> <span class='ocrx_word' id='word_1_279' title='bbox 705 2991 838 3054; x_wconf 75' lang='lat' dir='ltr'>editaque</span> <span class='ocrx_word' id='word_1_280' title='bbox 852 2991 909 3040; x_wconf 85' lang='lat' dir='ltr'>edd.</span> <span class='ocrx_word' id='word_1_281' title='bbox 920 3006 990 3040; x_wconf 84' lang='lat' dir='ltr'>meae</span> <span class='ocrx_word' id='word_1_282' title='bbox 1000 3004 1020 3041; x_wconf 89' lang='lat'>1.</span> <span class='ocrx_word' id='word_1_283' title='bbox 1030 3003 1050 3042; x_wconf 76' lang='lat' dir='ltr'>n.</span> <span class='ocrx_word' id='word_1_284' title='bbox 1066 2992 1125 3040; x_wconf 87' lang='lat' dir='ltr'>elie·</span> 
     </span>
     <span class='ocr_line' id='line_1_34' title="bbox 172 3059 1124 3125; baseline 0.001 -18"><span class='ocrx_word' id='word_1_285' title='bbox 172 3073 235 3108; x_wconf 91' lang='lat' dir='ltr'>num.</span> <span class='ocrx_word' id='word_1_286' title='bbox 264 3059 298 3108; x_wconf 90' lang='lat' dir='ltr'>lta</span> <span class='ocrx_word' id='word_1_287' title='bbox 313 3061 569 3125; x_wconf 76' lang='lat' dir='ltr'>interpunpuntedd.</span> <span class='ocrx_word' id='word_1_288' title='bbox 648 3059 670 3125; x_wconf 82' lang='lat'>⁸)</span> <span class='ocrx_word' id='word_1_289' title='bbox 690 3061 737 3110; x_wconf 68' lang='lat' dir='ltr'>Vl.</span> <span class='ocrx_word' id='word_1_290' title='bbox 752 3061 791 3110; x_wconf 85' lang='lat' dir='ltr'>ed.</span> <span class='ocrx_word' id='word_1_291' title='bbox 807 3060 920 3110; x_wconf 80' lang='lat' dir='ltr'>Momme.</span> <span class='ocrx_word' id='word_1_292' title='bbox 936 3062 1046 3124; x_wconf 90' lang='lat' dir='ltr'>quoniam</span> <span class='ocrx_word' id='word_1_293' title='bbox 1066 3060 1124 3111; x_wconf 83' lang='lat' dir='ltr'>Vct.</span> 
     </span>
     <span class='ocr_line' id='line_1_35' title="bbox 172 3127 1125 3196; baseline 0.002 -18"><span class='ocrx_word' id='word_1_294' title='bbox 172 3136 274 3178; x_wconf 82' lang='lat' dir='ltr'>ceterae</span> <span class='ocrx_word' id='word_1_295' title='bbox 287 3130 346 3179; x_wconf 86' lang='lat' dir='ltr'>edd.</span> <span class='ocrx_word' id='word_1_296' title='bbox 393 3127 414 3194; x_wconf 70' lang='grc' dir='ltr'>Β)</span> <span class='ocrx_word' id='word_1_297' title='bbox 428 3129 483 3189; x_wconf 86' lang='lat' dir='ltr'>Qun</span> <span class='ocrx_word' id='word_1_298' title='bbox 492 3132 647 3196; x_wconf 80' lang='lat' dir='ltr'>allegatione</span> <span class='ocrx_word' id='word_1_299' title='bbox 657 3132 825 3180; x_wconf 82' lang='lat' dir='ltr'>aduersarius</span> <span class='ocrx_word' id='word_1_300' title='bbox 834 3133 911 3194; x_wconf 83' lang='lat' dir='ltr'>empti</span> <span class='ocrx_word' id='word_1_301' title='bbox 920 3132 994 3181; x_wconf 84' lang='lat' dir='ltr'>titulo</span> <span class='ocrx_word' id='word_1_302' title='bbox 1004 3133 1125 3194; x_wconf 76' lang='lat' dir='ltr'>confisum</span> 
     </span>
     <span class='ocr_line' id='line_1_36' title="bbox 172 3198 1126 3267; baseline 0.002 -19"><span class='ocrx_word' id='word_1_303' title='bbox 172 3206 284 3248; x_wconf 87' lang='lat' dir='ltr'>actorem</span> <span class='ocrx_word' id='word_1_304' title='bbox 294 3200 431 3250; x_wconf 84' lang='lat' dir='ltr'>dominium</span> <span class='ocrx_word' id='word_1_305' title='bbox 440 3203 557 3251; x_wconf 87' lang='lat' dir='ltr'>auctoris</span> <span class='ocrx_word' id='word_1_306' title='bbox 566 3201 682 3264; x_wconf 82' lang='lat' dir='ltr'>probare</span> <span class='ocrx_word' id='word_1_307' title='bbox 692 3201 804 3267; x_wconf 75' lang='lat' dir='ltr'>cogebat.</span> <span class='ocrx_word' id='word_1_308' title='bbox 851 3198 883 3266; x_wconf 83' lang='lat'>¹⁰)</span> <span class='ocrx_word' id='word_1_309' title='bbox 894 3202 1016 3265; x_wconf 90' lang='lat' dir='ltr'>captiones</span> <span class='ocrx_word' id='word_1_310' title='bbox 1026 3207 1126 3252; x_wconf 83' lang='lat' dir='ltr'>orieent</span> 
     </span>
     <span class='ocr_line' id='line_1_37' title="bbox 177 3268 1124 3334; baseline 0.004 -17"><span class='ocrx_word' id='word_1_311' title='bbox 177 3269 205 3317; x_wconf 89' lang='lat' dir='ltr'><em>V</em></span> <span class='ocrx_word' id='word_1_312' title='bbox 205 3268 225 3318; x_wconf 54' lang='grc' dir='ltr'>ὅ.</span> <span class='ocrx_word' id='word_1_313' title='bbox 245 3271 361 3332; x_wconf 79' lang='lat' dir='ltr'>captionis</span> <span class='ocrx_word' id='word_1_314' title='bbox 381 3271 690 3322; x_wconf 85' lang='lat' dir='ltr'>or1·escented.Momme.</span> <span class='ocrx_word' id='word_1_315' title='bbox 710 3272 832 3334; x_wconf 80' lang='lat' dir='ltr'>captiones</span> <span class='ocrx_word' id='word_1_316' title='bbox 852 3272 953 3322; x_wconf 84' lang='lat' dir='ltr'>obruent</span> <span class='ocrx_word' id='word_1_317' title='bbox 970 3273 1010 3322; x_wconf 87' lang='lat' dir='ltr'>ed.</span> <span class='ocrx_word' id='word_1_318' title='bbox 1030 3273 1124 3323; x_wconf 88' lang='lat' dir='ltr'>Holtw.</span> 
     </span>
     <span class='ocr_line' id='line_1_38' title="bbox 175 3336 1124 3405; baseline 0.004 -17"><span class='ocrx_word' id='word_1_319' title='bbox 175 3336 207 3403; x_wconf 89' lang='lat'>¹¹)</span> <span class='ocrx_word' id='word_1_320' title='bbox 221 3341 276 3402; x_wconf 86' lang='lat' dir='ltr'>epil.</span> <span class='ocrx_word' id='word_1_321' title='bbox 297 3340 355 3390; x_wconf 87' lang='lat' dir='ltr'>Vat.</span> <span class='ocrx_word' id='word_1_322' title='bbox 381 3341 458 3390; x_wconf 82' lang='lat' dir='ltr'>Recte</span> <span class='ocrx_word' id='word_1_323' title='bbox 472 3343 659 3405; x_wconf 83' lang='lat' dir='ltr'>interpretatur</span> <span class='ocrx_word' id='word_1_324' title='bbox 668 3342 772 3400; x_wconf 71' lang='lat' dir='ltr'>Hoilw„</span> <span class='ocrx_word' id='word_1_325' title='bbox 786 3343 834 3392; x_wconf 84' lang='lat' dir='ltr'>doc</span> <span class='ocrx_word' id='word_1_326' title='bbox 849 3344 982 3405; x_wconf 79' lang='lat' dir='ltr'>exemplar</span> <span class='ocrx_word' id='word_1_327' title='bbox 995 3358 1050 3394; x_wconf 88' lang='lat' dir='ltr'>esse</span> <span class='ocrx_word' id='word_1_328' title='bbox 1064 3358 1124 3394; x_wconf 82' lang='lat' dir='ltr'>eon-</span> 
     </span>
     <span class='ocr_line' id='line_1_39' title="bbox 172 3411 1124 3477; baseline 0.004 -19"><span class='ocrx_word' id='word_1_329' title='bbox 172 3411 314 3460; x_wconf 86' lang='lat' dir='ltr'>stitutionis</span> <span class='ocrx_word' id='word_1_330' title='bbox 333 3412 492 3461; x_wconf 71' lang='lat' dir='ltr'>n&#39;Preel&#39;eelo</span> <span class='ocrx_word' id='word_1_331' title='bbox 509 3413 630 3462; x_wconf 83' lang='lat' dir='ltr'>Praetorio</span> <span class='ocrx_word' id='word_1_332' title='bbox 645 3412 761 3477; x_wconf 76' lang='lat' dir='ltr'>(Aquileia</span> <span class='ocrx_word' id='word_1_333' title='bbox 780 3413 830 3461; x_wconf 94' lang='lat' dir='ltr'>llll.</span> <span class='ocrx_word' id='word_1_334' title='bbox 849 3413 896 3461; x_wconf 84' lang='lat' dir='ltr'>kal.</span> <span class='ocrx_word' id='word_1_335' title='bbox 917 3412 993 3477; x_wconf 91' lang='lat' dir='ltr'>Sept.)</span> <span class='ocrx_word' id='word_1_336' title='bbox 1013 3415 1049 3463; x_wconf 86' lang='lat' dir='ltr'>ad</span> <span class='ocrx_word' id='word_1_337' title='bbox 1067 3429 1124 3465; x_wconf 83' lang='lat' dir='ltr'>eor·</span> 
     </span>
     <span class='ocr_line' id='line_1_40' title="bbox 171 3481 1126 3550; baseline 0.003 -21"><span class='ocrx_word' id='word_1_338' title='bbox 171 3487 297 3530; x_wconf 78' lang='lat' dir='ltr'>rectorem</span> <span class='ocrx_word' id='word_1_339' title='bbox 313 3481 406 3531; x_wconf 86' lang='lat' dir='ltr'>Piceni</span> <span class='ocrx_word' id='word_1_340' title='bbox 419 3485 596 3534; x_wconf 83' lang='lat' dir='ltr'>transmissum</span> <span class='ocrx_word' id='word_1_341' title='bbox 615 3482 650 3550; x_wconf 84' lang='lat' dir='ltr'>(et</span> <span class='ocrx_word' id='word_1_342' title='bbox 663 3483 695 3532; x_wconf 80' lang='lat' dir='ltr'>ab</span> <span class='ocrx_word' id='word_1_343' title='bbox 711 3499 740 3533; x_wconf 92' lang='lat' dir='ltr'>eo</span> <span class='ocrx_word' id='word_1_344' title='bbox 755 3483 826 3533; x_wconf 90' lang='lat' dir='ltr'>llllll.</span> <span class='ocrx_word' id='word_1_345' title='bbox 841 3483 888 3532; x_wconf 86' lang='lat' dir='ltr'>kul.</span> <span class='ocrx_word' id='word_1_346' title='bbox 903 3483 954 3534; x_wconf 88' lang='lat' dir='ltr'>Oct.</span> <span class='ocrx_word' id='word_1_347' title='bbox 970 3484 1040 3532; x_wconf 78' lang='lat' dir='ltr'>Albae</span> <span class='ocrx_word' id='word_1_348' title='bbox 1056 3499 1126 3534; x_wconf 86' lang='lat' dir='ltr'>acce·</span> 
     </span>
     <span class='ocr_line' id='line_1_41' title="bbox 172 3549 1124 3620; baseline 0.004 -20"><span class='ocrx_word' id='word_1_349' title='bbox 172 3549 256 3620; x_wconf 89' lang='lat' dir='ltr'>ptum).</span> <span class='ocrx_word' id='word_1_350' title='bbox 285 3551 324 3602; x_wconf 89' lang='lat' dir='ltr'>De</span> <span class='ocrx_word' id='word_1_351' title='bbox 338 3552 528 3616; x_wconf 83' lang='lat' dir='ltr'>subscriptione</span> <span class='ocrx_word' id='word_1_352' title='bbox 543 3554 574 3604; x_wconf 85' lang='lat' dir='ltr'>L.</span> <span class='ocrx_word' id='word_1_353' title='bbox 585 3564 605 3604; x_wconf 79' lang='lat' dir='ltr'>e.</span> <span class='ocrx_word' id='word_1_354' title='bbox 626 3553 671 3604; x_wconf 75' lang='grc' dir='ltr'>Ἠι.</span> <span class='ocrx_word' id='word_1_355' title='bbox 688 3552 712 3604; x_wconf 79' lang='lat' dir='ltr'>C.</span> <span class='ocrx_word' id='word_1_356' title='bbox 729 3561 779 3606; x_wconf 84' lang='lat' dir='ltr'>not.</span> <span class='ocrx_word' id='word_1_357' title='bbox 790 3567 802 3606; x_wconf 77' lang='lat' dir='ltr'>t</span> <span class='ocrx_word' id='word_1_358' title='bbox 813 3570 841 3618; x_wconf 84' lang='lat' dir='ltr'>p.</span> <span class='ocrx_word' id='word_1_359' title='bbox 852 3569 896 3618; x_wconf 81' lang='lat' dir='ltr'>pr.</span> <span class='ocrx_word' id='word_1_360' title='bbox 912 3556 955 3605; x_wconf 85' lang='lat' dir='ltr'>eit.</span> <span class='ocrx_word' id='word_1_361' title='bbox 966 3555 1001 3617; x_wconf 78' lang='lat' dir='ltr'>ef.</span> <span class='ocrx_word' id='word_1_362' title='bbox 1018 3555 1124 3606; x_wconf 85' lang='lat' dir='ltr'>Wenelc.</span> 
     </span>
    </p>
   </div>
   <div class='ocr_carea' id='block_1_4' title="bbox 0 0 1280 3909">
    <p class='ocr_par' dir='ltr' id='par_1_4' title="bbox 0 0 1280 3909">
     <span class='ocr_line' id='line_1_42' title="bbox 0 0 1280 3909; baseline 0 0"><span class='ocrx_word' id='word_1_363' title='bbox 0 0 1280 3909; x_wconf 95' lang='lat' dir='ltr'> </span> 
     </span>
    </p>
   </div>
  </div>
 </body>
</html>
