2542 3909
168 186 234 252 430
288 242 290 247 ,
342 206 460 243 cuorum
474 204 624 242 scsuvouss
639 189 844 257 (?)rn.oos1ma.
859 193 953 243 7—10.

230 328 257 392 i.
281 335 310 391 ln
326 332 383 401 his,
408 336 454 409 qui
470 337 541 391 inter
555 336 655 391 amicos
670 338 911 409 manumittuntur,
931 335 1059 393 uolontas
1074 336 1123 393 do·

168 420 233 476 mini
248 427 401 493 spectatum
422 419 465 475 ier
486 420 555 475 enim
575 418 649 475 iunia
670 434 717 475 eos
738 418 797 476 fieri
812 417 922 476 Latinos
941 419 1030 491 iubet,
1052 436 1123 494 quos

169 503 292 563 dominus
307 502 407 561 liberos
423 518 483 558 esse
505 502 602 559 uoluit.
639 502 703 560 'hoc
722 519 789 560 uero
810 520 871 561 cum
893 507 930 561 ita
951 497 1019 576 sit‚¹
1041 504 1123 561 debet

168 586 349 663 'propositum
376 580 600 643 manumittendi²
628 585 726 643 habere
747 586 882 645 domiuus.
934 587 1005 644 unde
1027 590 1051 643 si
1073 604 1123 662 per

169 672 225 727 uim
246 679 366 742 coactus,
388 670 465 727 uerbi
485 672 572 745 gratia
595 670 638 727 'ab
653 670 744 745 aliquo
759 666 884 747 popuio⁸
902 671 946 729 uei
968 689 983 727 a
1005 672 1196 747 singuiisrser]

168 754 321 812 hominibus
337 755 529 823 manumiserit,
545 771 600 811 non
616 757 708 811 ueniet
722 771 819 812 seruus
834 756 866 811 ad
881 755 1044 827 libertatem,
1060 756 1122 830 quia

167 854 223 896 noo
238 838 407 913 intellegitur
421 838 552 910 uoluisse,
568 840 615 911 qui
631 846 740 895 coactus
756 841 917 896 manumisit.

230 920 260 979 8.
293 922 359 979 item
381 930 413 978 ut
433 924 522 996 possit
544 920 643 977 habere
664 938 760 978 seruus
782 922 947 994 libertatem,
978 923 1038 981 taiis
1060 940 1121 981 esse

169 1005 260 1078 dehet,
275 1014 306 1063 ut
321 1014 431 1081 praetor
445 1007 503 1063 siue
517 1005 666 1079 proconsul
681 1008 739 1063 eius
755 1006 906 1071 libertatem
922 1015 1043 1064 tueatur:
1058 1024 1120 1064 nam

168 1099 197 1148 et
213 1092 265 1147 hoc
279 1091 341 1165 iege
355 1090 431 1146 lunia
446 1099 555 1147 cautum
571 1098 623 1147 est.
659 1098 723 1147 suot
746 1099 836 1147 autem
850 1090 944 1165 piures
959 1108 1071 1162 causae,
1091 1093 1120 1148 io

167 1173 265 1248 quibus
280 1190 336 1230 oon
350 1181 459 1229 tueatur
470 1174 616 1247 '(proetpr
626 1166 857 1251 uei)⁴proconsui
868 1176 1119 1245 manumissionem

168 1259 201 1315 de
217 1257 314 1333 quibus
329 1257 507 1331 procedentes
522 1252 724 1332 ’exponemus‘

230 1338 258 1399 9.
281 1340 333 1398 Sed
349 1350 377 1397 et
391 1340 457 1397 iliud
474 1340 687 1409 obseruandum,
703 1351 734 1397 ut
748 1343 786 1411 is,
804 1343 851 1416 qui
866 1344 1074 1413 manumittitur,
1092 1343 1120 1401 in

166 1425 245 1483 bonis
260 1426 462 1481 manumissoris
477 1426 527 1493 sit3
550 1433 578 1481 et
592 1424 670 1496 ideo,
691 1427 714 1482 si
735 1434 840 1483 tautum
855 1442 887 1482 et
903 1428 961 1483 iure
977 1426 1119 1494 Quiritium

167 1512 203 1566 sit
217 1509 429 1577 manumissoris,
445 1524 500 1563 non
515 1509 566 1564 erit
577 1509 697 1566 Latinus.
722 1524 834 1566 necesse
847 1519 890 1566 est
904 1526 983 1584 ergo,
998 1526 1120 1583 seruum,

168 1588 214 1668 'isi
226 1608 265 1650 ex
279 1597 343 1649 iure
357 1590 508 1659 Quiritium
524 1596 739 1651 manumissoris
753 1598 804 1665 sit,
826 1586 919 1668 eius)⁶
939 1610 994 1650 noo
1016 1603 1119 1651 tantum

167 1692 199 1732 ex
214 1678 273 1731 iure
288 1674 428 1743 Quiritium
443 1676 491 1732 sed
506 1676 584 1732 etiam
600 1676 628 1731 in
642 1675 721 1733 bonis
735 1692 806 1734 esse.

231 1755 278 1816 10.
307 1758 460 1815 Communis
487 1774 583 1815 seruus
611 1761 634 1815 si
656 1760 689 1817 ab
712 1776 765 1817 uno
790 1758 851 1835 '(ex
881 1765 967 1819 sociis
988 1763 1119 1819 uindicta

165 1847 213 1901 oei
238 1836 435 1915 testamento)⁷
458 1842 596 1899 ’liberatus
624 1838 691 1915 sit,⁸
720 1859 809 1918 nequo
830 1844 863 1901 ad
885 1845 1036 1902 libertatem
1057 1862 1119 1918 per·

167 1930 258 2000 uenit,
283 1935 311 1984 et
334 1927 444 1983 atterius
466 1926 566 1984 domini
589 1936 665 1984 totus
687 1926 718 1983 iit
739 1945 835 1985 seruus
858 1931 917 1986 iure
938 1928 1117 1986 aeiresceodi.

166 2011 219 2069 Sed
233 2014 305 2068 inter
319 2012 418 2068 amicos
434 2026 531 2068 seruus
547 2011 580 2067 ab
595 2028 650 2068 uno
666 2014 793 2068 exsuctis
809 2015 987 2069 manumissus
1007 2012 1119 2069 ‘utrius-

166 2112 218 2170 que
233 2112 330 2153 seruos
345 2090 496 2165 manebit39
518 2094 568 2151 'ius
592 2096 662 2151 enim
683 2096 852 2153 accrescendi
863 2090 887 2130 ¹⁰
908 2098 937 2153 io
958 2096 1008 2154 hac
1026 2113 1120 2153 mauu·

240 2280 358 2346 1)τουτο
376 2279 411 2346 δη
427 2296 515 2339 ουτως
529 2295 594 2346 spor
608 2302 644 2323 ε-
657 2282 703 2330 hoe
721 2289 800 2331 tameo
819 2283 854 2332 sic
872 2283 964 2332 habens
982 2282 1013 2332 V.
1035 2280 1118 2334 τοῦτο

168 2420 187 2487 ²)
203 2420 366 2488 προαίρεσιν
382 2413 601 2486 ἐλευθεροῦντος
616 2421 646 2470 V.
657 2420 684 2470 S.
695 2444 730 2465 ε
739 2424 884 2472 uoluntatem
894 2422 943 2487 (sic
952 2422 1022 2490 edd.)
1036 2437 1118 2473 manu·

166 2494 287 2541 mittentes
307 2491 337 2539 V.
352 2491 496 2553 promissum
511 2493 702 2541 manumittentes
716 2492 742 2542 S.
795 2490 817 2556 ⁸)
835 2494 912 2543 Velut
925 2495 952 2543 in
966 2496 1047 2545 circo.
1078 2494 1118 2558 Cf.

166 2562 197 2615 L,
213 2574 238 2613 1r
249 2576 293 2624 pr.
308 2560 341 2610 D.
356 2563 400 2625 qui
414 2567 439 2609 et
452 2576 468 2609 o
482 2561 550 2625 quid.
564 2559 610 2627 (to,
624 2562 655 2628 9).
706 2560 728 2624 ⁴)
741 2563 781 2613 De
795 2563 900 2615 Locdm.
915 2566 949 2628 ci.
962 2566 1045 2629 suppl.

167 2631 188 2698 ⁶)
204 2624 381 2698 ἐπιδείξομεν
391 2652 424 2673 =
440 2631 591 2681 ostendemus
607 2633 638 2681 V.
648 2631 675 2682 S.
690 2634 748 2684 edd.
761 2633 887 2685 Graecum
895 2632 998 2685 verdum
1007 2637 1118 2699 proprie

165 2710 203 2753 est
217 2716 358 2765 exponere,
380 2703 440 2751 iicet
459 2704 512 2752 alio
530 2716 615 2752 sensu.
689 2699 710 2768 ο)
724 2704 822 2768 Aperte
838 2705 974 2771 popitante
991 2707 1118 2756 sententio

166 2773 259 2822 addidi
263 2789 273 2828 ‚·
292 2787 350 2821 nam
368 2786 415 2821 nec
429 2774 518 2835 placet
531 2772 695 2824 Buchioitzii
713 2777 745 2838 ej.
760 2775 796 2824 ad
810 2774 854 2825 ii.
874 2776 933 2825 Vat.
952 2777 975 2838 ξ.
991 2787 1052 2834 tet„
1070 2790 1118 2825 nee

165 2842 285 2901 horim,
305 2843 349 2906 qui
366 2844 392 2891 io
409 2845 461 2904 fine
479 2846 580 2907 supplet
599 2841 829 2899 ‘manumittentis’.
863 2846 1005 2896 flecteres
1026 2846 1118 2910 ubique

162 2928 213 2978 pro
229 2910 428 2963 ‘manumittens'
444 2905 628 2977 (ἐλευθερῶν,
648 2922 676 2964 ut
692 2914 787 2965 Graeci
804 2918 1012 2967 manumissorem
1029 2918 1118 2980 appel·

166 2987 222 3034 lore
235 2984 326 3047 soient)
341 2999 376 3033 ex
389 2984 508 3034 ICtorum
522 2999 591 3035 more
604 2986 702 3048 scripsi
717 2982 918 3037 ‘manumissam
980 2984 1001 3052 Ι)
1016 2987 1118 3036 Partim

164 3054 309 3120 Boeekiopi
327 3061 432 3104 auctore
450 3057 573 3118 supplevi.
652 3053 804 3121 ⁸)pernsor
822 3057 973 3121 eieudepoe
986 3078 1020 3100 ε-
1034 3070 1118 3106 manu·

165 3126 253 3175 missus
268 3126 328 3175 liber
343 3126 369 3174 in
387 3124 417 3173 V.
469 3121 490 3190 ⁰)
510 3138 633 3191 εκατερω
653 3140 847 3190 svpreuoovow
867 3125 967 3186 duvios
984 3142 1064 3195 peres
1082 3146 1116 3170 a

165 3196 257 3260 utrique
277 3196 442 3257 dominabunt,
462 3210 545 3246 seruus
566 3196 670 3245 manebit
689 3195 720 3246 V.
748 3195 854 3247 Scilicet
869 3190 993 3264 ἑκατέρω
1012 3199 1119 3263 sulpuri

165 3280 257 3316 errore
271 3282 322 3329 pro
341 3257 476 3330 ἑκατέρου
494 3267 618 3329 scriptum
632 3281 721 3316 ansam
734 3267 854 3326 dederat,
874 3275 902 3317 ut
920 3271 978 3333 puis
990 3269 1118 3333 sequenti·

166 3336 212 3385 dus
232 3334 333 3393 devios
355 3350 435 3399 μενει
461 3337 528 3384 velot
550 3338 662 3400 piossam
686 3338 891 3400 superscriberet
913 3332 1117 3405 superducerem.

165 3407 289 3470 utriusque
308 3405 397 3453 domini
413 3420 432 3453 s.
448 3419 478 3454 m.
493 3404 599 3455 Locdm.
679 3404 712 3473 ιο)
726 3405 838 3460 teucros
856 3424 910 3473 pop
928 3422 962 3459 ou
978 3408 1042 3474 (pro
1056 3406 1118 3474 roo)

135 3526 138 3532 ,
165 3472 377 3540 προσαυξεσθαι
395 3495 430 3516 =
449 3475 494 3525 isto
514 3477 576 3525 enim
595 3490 641 3525 nou
661 3491 798 3527 accrescere
823 3479 853 3527 V.
882 3479 969 3528 iustum
988 3481 1051 3528 euim
1070 3492 1117 3529 non

166 3546 306 3595 adcrescere
321 3544 379 3594 edd.

125 2336 127 2343 ’
165 2346 200 2417 δὴ
216 2344 304 2410 οὕτως
319 2346 431 2417 ἔχοντος
493 2351 538 2400 hoc
553 2358 631 2399 tamen
646 2364 700 2400 cum
715 2353 747 2401 ita
761 2353 863 2402 habeant
876 2352 902 2402 S.
927 2353 965 2417 Cf.
981 2353 1085 2407 Lacim-
