2542 3909
445 258 480 293 nn
498 256 611 293 nnumin
629 256 709 293 nassa
725 258 756 294 11.
1042 248 1083 307 53

125 394 209 441 autem
230 400 272 456 ea,
292 400 361 457 quae
374 384 467 457 posui:
493 400 525 439 ex
547 382 645 457 quibus
660 382 699 454 ld,
718 383 792 457 quod
808 382 946 456 uolumus,
967 381 1086 441 efficitur

124 479 148 525 et
162 471 284 543 cogitur.
314 470 365 523 iam
383 484 449 524 uero
465 467 662 541 permultorum
678 466 862 541 exemplorum
877 474 906 523 et
925 475 1020 525 nostra
1041 474 1086 524 est

120 553 196 628 plena
212 569 260 608 res
275 551 381 625 publica
396 559 424 609 et
437 554 524 610 omnia
539 568 624 626 regna
639 567 788 625 omnesque
802 551 896 625 populi
917 560 1085 626 cunctaeque

120 646 228 712 gentes,
243 652 378 710 augurum
394 636 540 709 praedictis
553 635 639 692 multa
653 635 846 693 incredibiliter
860 652 925 692 uera
935 635 1084 702 cecidisse3

120 737 208 795 neque
223 722 294 777 enim
310 720 415 793 Polyidi
430 736 520 795 neque
535 718 709 792 Melampodis
723 736 813 793 neque
823 718 910 795 llopsl
920 736 1010 794 neque
1021 721 1083 775 Am·

118 806 222 879 pbiarai
237 821 326 878 neque
342 803 495 861 Calchantis
515 820 604 877 neque
619 803 714 859 Heleni
735 812 841 861 tantum
862 820 960 861 nomen
975 804 1083 875 luisset,

118 906 207 963 neque
224 897 267 945 tot
281 891 406 945 nationes
421 888 449 943 id
465 889 497 946 ad
510 889 562 945 hoc
573 896 681 962 tempus
693 888 879 957 retinuissent,
893 896 924 944 ut
935 888 1089 962 Phrygum,

118 972 288 1047 Lycaonem,
319 972 430 1029 Cilicum
460 974 626 1045 maximeque
646 971 811 1040 Pisidarum,
835 973 886 1027 nisi
908 980 1031 1028 uetustas
1054 988 1084 1028 ca

119 1068 192 1115 certa
216 1073 278 1113 esse
300 1056 448 1113 docuisset.
486 1074 535 1113 nec
550 1072 616 1112 uero
632 1054 764 1111 llomulus
778 1062 874 1111 noster
887 1057 1025 1129 auspicato
1039 1072 1085 1110 ur·

118 1141 178 1198 bem
195 1140 373 1211 condidisset,
389 1158 479 1215 neque
494 1142 550 1198 Atti
566 1140 632 1195 Naui
647 1154 748 1195 nomen
762 1140 889 1195 memoria
905 1139 1017 1196 floreret
1030 1146 1085 1194 tam

118 1226 176 1298 diu,
201 1227 253 1281 nisi
273 1240 368 1281 omues
390 1226 417 1281 bl
438 1226 522 1282 multa
543 1224 576 1281 ad
599 1225 740 1280 ueritatem
761 1222 922 1279 admirabilia
944 1223 1084 1279 dixissent.

120 1310 169 1365 sed
185 1308 295 1365 dubium
311 1326 365 1365 uon
382 1318 435 1381 est,
455 1311 520 1384 quin
537 1310 602 1365 baec
617 1307 756 1381 disciplina
771 1316 798 1364 et
813 1324 857 1364 ars
873 1324 1006 1382 augurum
1021 1323 1084 1363 eua-

121 1394 217 1449 nuerit
230 1394 279 1449 iam
292 1401 321 1449 et
336 1403 475 1451 uetustate
490 1402 519 1449 et
532 1392 721 1467 neglegentia:
735 1394 771 1448 ita
786 1408 876 1466 neque
885 1392 924 1447 illi
935 1392 1084 1461 adsentior,

122 1478 170 1550 qui
193 1477 263 1532 banc
282 1479 419 1534 scientiam
441 1486 524 1552 negat
545 1492 671 1550 umquam
689 1477 718 1532 in
737 1485 835 1532 nostro
855 1476 973 1549 collegio
988 1476 1083 1546 luisse,

117 1578 211 1637 neque
225 1561 276 1629 iili,
291 1563 337 1635 qui
354 1577 415 1618 csse
430 1564 509 1619 etiam
525 1578 596 1617 nuuc
612 1568 705 1634 putat;
728 1560 876 1634 quaemihi
892 1561 1001 1615 uidetur
1015 1558 1085 1633 apud

117 1648 238 1703 maiores
253 1645 339 1703 tuisse
361 1645 472 1720 duplex,
495 1654 525 1702 ut
547 1645 578 1701 ad
601 1647 641 1701 rei
663 1643 787 1718 publicae
808 1650 917 1719 tempus
937 1660 993 1700 non
1007 1659 1085 1699 num-

117 1747 213 1805 quam,
228 1729 262 1785 ad
277 1729 373 1804 agendi
389 1730 532 1787 consilium
547 1731 706 1802 saepissime
720 1730 877 1802 pertineret.

181 1828 232 1889 34.
255 1831 289 1887 A.
312 1830 399 1887 Credo
423 1830 513 1888 hercle
535 1832 571 1885 ita
594 1846 655 1886 esse
675 1830 777 1903 istique
797 1831 894 1886 rationi
914 1830 1086 1903 potissimum
1124 1881 1127 1886 .

116 1914 276 1984 adsentior3
299 1914 346 1971 sed
367 1915 450 1971 redde
465 1923 564 1971 cetera.

184 2015 251 2073 lllV.
273 2016 314 2071 M.
336 2016 453 2072 Reddam
474 2031 541 2071 uero
562 2022 590 2070 et
609 2014 649 2079 id,
670 2016 692 2069 si
714 2022 828 2089 potero,
849 2012 940 2069 breul:
964 2014 1088 2087 sequitur

117 2102 193 2158 euim
209 2100 242 2156 de
257 2102 316 2156 iure
331 2100 413 2169 belli3
434 2101 461 2155 in
483 2116 537 2175 quo
553 2108 580 2155 el
596 2098 766 2171 suscipiendo
782 2105 810 2152 et
826 2097 945 2168 gerendo
961 2105 989 2152 et
1004 2098 1087 2171 depo·

115 2185 212 2243 nendo
233 2187 276 2241 ius
297 2192 329 2240 ut
349 2185 495 2257 plurimum
518 2183 619 2239 ualeret
640 2189 667 2237 et
689 2180 756 2237 fides
777 2196 925 2253 eorumque
941 2188 972 2235 ut
986 2180 1086 2253 publici

116 2272 285 2342 interpretes
301 2276 405 2339 essent,
420 2268 481 2341 lege
496 2269 642 2323 sanximus.
666 2267 718 2322 iam
735 2264 768 2319 de
778 2265 930 2337 aruspicum
942 2262 1088 2336 religione,

117 2354 153 2409 de
170 2353 370 2427 expiationibus
386 2360 413 2408 et
428 2350 665 2427 procurationibus
680 2358 723 2405 sat
737 2364 797 2405 esse
812 2348 892 2423 plane
908 2349 935 2403 in
953 2349 1010 2421 ipsa
1026 2346 1088 2421 lege
1141 2399 1144 2403 .

118 2438 225 2495 dictum
239 2446 319 2511 puto.

189 2540 223 2593 A.
246 2537 404 2609 Adsentior,
420 2540 553 2611 quoniam
577 2537 666 2593 omnis
687 2536 754 2591 haec
773 2536 800 2590 iu
816 2534 949 2609 religione
964 2542 1090 2589 uersatur

121 2622 225 2678 oratio.

188 2704 230 2763 M.
253 2706 287 2762 dt
308 2722 376 2762 uero
399 2704 471 2779 quod
492 2706 616 2777 sequitur
636 2720 691 2776 quo
712 2702 792 2759 modo
814 2709 845 2757 tu
863 2700 1013 2758 adsentiare
1027 2694 1087 2757 aut¹

117 2806 175 2864 ego
192 2789 398 2863 reprehendam,
415 2805 478 2845 sane
494 2805 606 2863 quaero,
622 2787 691 2843 Tite.

187 2888 237 2948 85.
261 2893 295 2946 A.
321 2890 390 2959 Quid
407 2889 513 2947 tandem
524 2891 551 2945 id
567 2888 627 2945 est?

188 2976 229 3032 M.
253 2974 290 3031 lle
305 2978 447 3031 nocturnis
462 2972 598 3031 sacrificiis
614 2970 764 3027 mulierum.

189 3069 224 3127 A.
247 3066 305 3141 ligo
328 3083 394 3123 uero
417 3066 564 3135 adsentior,
586 3071 700 3137 esoepto
721 3065 879 3137 praesertim
900 3067 928 3120 iu
948 3067 1006 3138 ipsa
1026 3064 1089 3138 lege

117 3150 252 3207 sollemni
267 3148 399 3208 sacrificio
415 3167 445 3207 ao
459 3150 580 3224 publico.

189 3252 229 3307 M.
259 3250 327 3319 Quid
362 3267 429 3325 ergo
457 3259 519 3325 aget
541 3250 652 3306 lacobus
674 3249 903 3321 Eumolpidaeque
931 3243 1033 3303 uostri²
1060 3256 1089 3304 et

116 3344 242 3409 augusta
255 3336 300 3392 illa
316 3337 456 3409 mysteria,
473 3338 495 3391 si
512 3334 620 3408 quidem
635 3350 709 3389 sacra
726 3341 858 3389 nocturna
874 3330 1013 3387 tollimus?
1033 3332 1088 3386 no'n

201 3513 222 3583 ¹)
237 3517 356 3581 quomodo
375 3524 454 3566 cuttu
469 3516 589 3565 adsentire
603 3513 656 3563 ΑΒ
667 3513 785 3578 quomodo
800 3518 841 3560 aut
854 3518 879 3557 tu
894 3508 1028 3557 adsentiare
1044 3516 1090 3556 out

118 3586 169 3637 ed.
189 3587 218 3635 V.
250 3584 361 3654 ²)nostri
374 3586 426 3636 AB
438 3588 495 3637 edd.
