2542 3909
471 158 533 195 oen
549 158 645 196 runnu.
664 140 685 199 Ι.
706 147 815 197 79-80.
1068 145 1129 211 193

156 302 265 359 cionem
277 307 426 375 sequatur.
438 294 443 363 Ι
457 301 549 357 endem
561 301 622 377 iege
635 318 675 360 on
684 304 796 361 diuerso
808 310 918 361 ctutum
929 308 983 373 est,
999 310 1030 360 ut
1042 306 1128 361 etiem

156 388 180 441 si
194 387 377 460 peregrinam,
393 402 458 448 cum
474 386 479 454 Ι
496 403 550 459 que
561 388 587 442 ei
596 386 744 445 conubium
756 405 812 445 non
821 390 865 459 sit,
885 404 997 445 uxorem
1006 390 1130 447 duxerit

156 475 234 528 ciuis
247 472 399 528 Romanus
419 472 589 544 peregrimus
604 489 638 529 en
654 488 687 529 eo
703 476 777 531 coitu
799 481 935 531 noscatur.
971 474 1020 529 sed
1034 468 1127 551 ’(non)

155 556 212 611 hoc
224 558 337 612 maxime
347 573 413 611 casu
421 557 579 617 necesteorio
594 556 747 615 lcxbiiuioin
759 550 856 635 (soit);
871 573 931 613 nam
945 553 989 633 (in
997 555 1130 631 priore)¹

156 650 264 696 remote
279 657 311 697 ea
331 640 394 714 iege
413 639 471 712 ’qui
489 635 687 698 ηιιςοεὸαίαν2
707 643 892 700 condicionem
914 644 993 716 coqui
1007 642 1129 703 debebat

155 728 262 781 metris
282 729 353 782 ciuis
375 726 537 792 Romanae,
558 729 627 798 quia
647 726 690 781 ’cx
711 729 759 798 iis,
786 730 858 783 inter
879 743 948 800 quos
970 720 1046 783 non³
1063 732 1066 795 Ι
1084 739 1129 787 est

156 808 316 880 conubium,
332 811 378 883 qui
394 810 582 866 nascituriure
594 812 716 884 gentium
728 813 822 867 matris
837 808 1002 877 conldieioni
1013 814 1128 871 accedit.

156 910 210 966 qne
226 903 303 968 parte
319 902 410 950 nutem
425 893 500 949 iubet
518 894 571 963 len,
587 910 620 951 ex
631 897 691 951 ciue
706 896 827 951 Romano
841 904 869 951 et
880 897 1033 970 peiregrino
1048 914 1127 970 pere·

156 980 266 1051 prinum
282 981 365 1047 nasci,
380 996 550 1051 superuacua
564 980 685 1049 uidetur,
703 984 707 1046 Ι
724 996 784 1035 nom
802 982 883 1037 etium
899 987 1003 1036 remota
1019 998 1050 1036 ee
1065 981 1128 1055 iege

155 1064 212 1119 hoc
228 1066 323 1137 utique
338 1065 398 1119 iure
414 1066 536 1137 gentium
552 1074 557 1130 ι
574 1063 697 1119 futurum
713 1074 781 1120 erut.
814 1060 861 1121 79.
876 1064 951 1119 Adeo
968 1072 1058 1119 autem
1073 1067 1128 1123 boc

154 1151 195 1203 ita
216 1156 269 1220 est,
290 1156 322 1203 ut
342 1146 375 1204 'si
395 1149 447 1204 ciui
469 1149 589 1205 Romano
610 1149 716 1205 Latino
737 1157 829 1222 nupta
850 1153 895 1219 sit,
918 1152 969 1221 qui
984 1154 1127 1219 mscitur,

154 1237 260 1289 matris
284 1234 448 1306 condicioni
472 1235 611 1294 accedam
636 1252 703 1290 nom
729 1236 758 1291 in
782 1237 845 1309 lepe
866 1234 987 1290 Minicio
1013 1237 1127 1307 quidem

153 1322 376 1391 pereprinorum
402 1321 514 1374 nomine
537 1320 823 1389 comprehenduntur
847 1311 926 1375 non⁴
942 1322 947 1383 Ι
964 1319 1053 1375 solum
1081 1337 1127 1377 cx·

154 1412 236 1458 teroe
251 1404 376 1458 nationes
391 1411 419 1458 et
430 1412 538 1476 gentes,
555 1404 602 1458 sed
614 1405 693 1459 etiem
705 1405 752 1477 qui
763 1403 857 1467 balbini
869 1404 1062 1471 nominentur,
1077 1404 1125 1461 sed

155 1486 190 1541 od
210 1488 279 1543 aiios
299 1487 410 1543 Latinos
430 1489 565 1560 pertinet,
587 1490 634 1560 qui
654 1489 781 1562 proprios
807 1486 924 1561 populus
945 1489 1125 1561 propriosque

155 1573 281 1628 civitatee
295 1570 430 1627 hebebant
444 1581 473 1627 et
487 1580 566 1627 erant
581 1575 789 1647 peregrinorum
805 1588 930 1629 numero.
957 1567 1009 1628 80.
1027 1571 1124 1629 Eodem

155 1658 262 1711 ratione
283 1673 315 1711 ex
338 1658 475 1716 contrario
496 1673 528 1712 ex
544 1656 639 1712 Latino
661 1666 689 1713 et
710 1660 769 1713 ciue
784 1658 914 1727 Romanu,
936 1658 996 1712 siue
1015 1656 1125 1731 exlege

155 1740 229 1796 Aelia
242 1741 336 1797 Sentia
348 1742 407 1796 siue
422 1740 501 1797 aliter
516 1749 522 1803 Ι
538 1749 720 1799 contractum
732 1742 815 1798 fuerit
827 1743 1038 1814 matrimonium,
1056 1744 1124 1799 ciuis

84 1825 291 1888 [multominus
307 1827 435 1881 nascitur.
471 1826 584 1882 fuerunt
603 1822 608 1900 Ι
627 1837 727 1899 tannen,
745 1828 790 1900 qui
806 1834 989 1899 putauerunt,
1011 1844 1044 1882 er
1059 1827 1121 1899 iege
1134 1836 1175 1889 22,

155 1911 230 1966 Aeliu
245 1909 338 1966 Sentio
353 1919 494 1967 contracto
510 1914 682 1967 matrimonio
696 1911 819 1967 Latinum
836 1912 920 1981 nasci,
937 1913 999 1984 quin
1015 1910 1124 1966 uidetur

95 2008 106 2013 ·
156 2012 189 2051 eo
206 2012 272 2051 casu
288 2011 337 2069 per
351 1995 440 2069 legem
457 1995 558 2051 Aeliam
574 1996 693 2051 Sentium
714 2007 742 2051 et
762 1996 863 2051 lunium
884 1994 1031 2051 conubium
1051 1997 1123 2051 inter

156 2096 204 2135 eos
225 2080 293 2153 dari,
314 2087 343 2135 et
363 2096 471 2153 semper
490 2079 635 2135 conubium
658 2078 756 2150 elficit,
779 2088 809 2135 ut
824 2080 871 2152 qui
886 2081 1017 2151 nascitur,
1038 2082 1124 2154 patris

155 2164 312 2221 condicioni
327 2165 451 2234 accedat,
468 2164 547 2220 aliter
563 2182 628 2220 uero
645 2173 785 2221 contrecto
802 2165 973 2219 matrimonio
989 2180 1061 2233 eum,
1077 2166 1124 2238 qui

155 2250 287 2319 nuscitur,
302 2251 361 2305 iure
377 2252 498 2322 gentium
514 2251 608 2306 matris
624 2250 810 2306 condicionem
826 2250 905 2321 sequi
927 2256 955 2303 et
971 2246 1005 2303 ob
1020 2247 1046 2303 id
1063 2264 1124 2304 esse

155 2336 244 2389 ciuem
259 2335 424 2403 Romanum3
440 2334 488 2390 sed
503 2334 557 2391 hoc
571 2336 629 2390 iure
643 2335 755 2405 utimur,
767 2332 864 2407 (quod)
875 2326 917 2390 et⁵
931 2342 1043 2389 senatus
1058 2350 1124 2390 con-

148 2418 240 2488 sulto,
261 2418 336 2493 quod
357 2428 468 2475 auctore
489 2418 553 2475 diuo
569 2418 705 2476 Hadriano
727 2416 919 2493 (factumest)
940 2415 1120 2492 significatur,

156 2550 319 2603 ‘deterioris’
332 2561 419 2617 potest
431 2556 508 2604 etiam
519 2555 605 2618 suisne
620 2552 774 2618 ‘peregrini'.
833 2550 854 2618 1)
869 2553 921 2603 Hie
930 2554 1028 2603 demum
1038 2553 1124 2603 verbis

154 2625 179 2674 b.
195 2628 210 2675 l.
226 2627 352 2689 suppletis
364 2628 461 2684 censui,
476 2641 525 2691 quo
540 2628 660 2691 exipente
675 2628 726 2675 iam
741 2628 768 2674 in
778 2625 842 2676 ed.t
856 2620 933 2691 (non)
947 2632 972 2674 et
985 2625 1060 2690 (fuit)
1075 2627 1121 2675 ad-

154 2696 281 2755 dideram,
297 2699 374 2760 piene
392 2698 500 2759 satisfit;
519 2713 592 2761 quem
610 2697 677 2746 nibil
695 2700 818 2760 supplent
837 2695 886 2744 Kr.
902 2696 942 2745 ed.
958 2707 970 2746 t
985 2699 1123 2760 pervertit.

154 2762 178 2832 ¹)
193 2767 249 2817 Pro
262 2767 311 2817 boc
326 2768 366 2817 ed.
381 2768 431 2817 Kr.
446 2780 459 2818 t
477 2768 553 2818 babet
570 2769 692 2817 diuersum
711 2775 736 2817 et
750 2775 843 2831 postea
857 2774 885 2816 ut
904 2781 951 2817 noe
970 2784 1040 2817 nuuc
1054 2768 1122 2831 sequi

153 2838 268 2887 'debebat
281 2853 324 2902 pro
340 2842 486 2903 sequebatur
499 2855 534 2888 etc
546 2837 637 2904 Suppl.
652 2838 690 2891 St.
697 2855 725 2903 p.
742 2838 851 2887 XXIV.
862 2839 909 2888 ned
918 2840 1013 2887 litteris
1023 2841 1123 2903 partim

153 2912 264 2959 manime
278 2910 372 2959 dubiis.
438 2908 460 2977 ³)
474 2909 622 2975 EnSuppt.
632 2909 671 2960 St.
678 2927 706 2974 p.
722 2909 830 2959 XXIV.
896 2905 919 2975 ⁴¹)
934 2909 1009 2959 Haec
1023 2926 1123 2974 quoque

153 2995 208 3030 meo
225 2984 401 3044 supplementa
419 2998 516 3041 eorum,
535 2997 600 3046 quae
619 2997 688 3031 none
712 2976 904 3045 impraecor,
924 2982 960 3029 od
977 2996 1080 3030 censum
1099 2988 1124 3029 et

153 3053 234 3115 spatii
251 3053 353 3102 modum
371 3054 569 3104 accommodavi.
601 3053 641 3103 Be
659 3054 735 3103 initio
754 3059 827 3103 notat
844 3051 933 3111 stud„
949 3059 1010 3115 post
1027 3058 1053 3100 ut
1064 3052 1123 3115 for·

154 3128 223 3172 tante
235 3125 363 3187 scriptum
378 3126 463 3187 fuisse
481 3125 537 3174 sic-r.
577 3123 653 3174 Nunc
672 3126 699 3173 in
718 3123 808 3188 Suppl.
823 3131 900 3191 nepot
913 3128 975 3186 post
995 3128 1021 3170 ut
1041 3124 1123 3171 emeti-

154 3195 215 3243 tioee
230 3194 259 3243 si.
288 3194 363 3259 Erpo
375 3196 492 3258 fortasse
502 3211 530 3245 ex
540 3196 591 3244 circ
601 3196 668 3244 Rom.
682 3202 706 3243 et
720 3194 811 3244 Latina.
873 3192 894 3260 ⁶)
909 3192 1006 3243 Omitto
1020 3209 1043 3243 o.
1059 3194 1123 3257 quod

154 3265 181 3313 in
192 3266 246 3327 fine
260 3280 366 3324 versuo,
388 3267 526 3317 librarium
539 3281 567 3316 cx
581 3268 719 3330 scripsisse
733 3273 758 3315 et
772 3272 834 3330 post
847 3266 925 3315 etiam
940 3264 1047 3331 t(octum)
1064 3263 1122 3329 e(st)

154 3338 270 3387 omisisse
285 3344 359 3400 puto.
397 3345 467 3389 certe
486 3339 553 3387 titud
574 3340 740 3387 enunciotom
758 3343 961 3387 ut...nascetur
983 3337 1089 3385 nonnisi
1106 3351 1123 3383 a

151 3408 245 3469 priore
258 3409 304 3457 hoc
319 3408 371 3457 iure
386 3410 476 3459 utimur
486 3410 602 3473 pendere
612 3416 706 3472 potest.

225 3528 251 3601 ξ.
267 3535 309 3584 to.
332 3535 370 3598 Os.
385 3536 425 3596 ἕξ.
441 3544 475 3584 eo.
490 3544 524 3583 te.
548 3532 604 3597 Uip.
618 3546 640 3597 e,
655 3546 675 3585 n.

204 3635 303 3667 misen-
316 3637 395 3667 Altum.
407 3636 460 3667 m
476 3636 514 3669 nt).
527 3637 550 3668 V.
