2542 3909
435 239 496 277 nnn
515 241 619 278 tussis.
636 223 687 278 ΙΙΙ.
704 230 815 282 ss-sr.
1051 226 1115 292 293

144 389 253 444 licetur
280 385 419 442 bonoram
443 388 667 456 possessionem.
714 403 783 444 nam
804 388 863 444 illis
885 402 1013 459 quoque,
1037 389 1042 454 Ι
1066 387 1113 460 qui

133 477 221 530 ,reete
232 469 318 542 faeta
334 475 504 526 testamenta
518 471 643 527 heredes
658 474 784 530 instituti
798 479 873 540 sant,
889 473 941 528 dat
955 473 1113 528 secandum

145 554 422 613 tabulaslronorum
439 558 664 626 possessionem:
686 560 753 614 item
775 558 813 612 ab
834 549 974 633 initestato
997 556 1112 613 heredes
1126 553 1182 606 134.

144 638 1114 714 mwnwmmmwmmmmmmwtwms

145 725 253 783 omibus
268 721 429 780 beneficium
445 723 503 780 eins
517 725 546 779 in
560 739 595 780 eo
609 724 672 782 solo
696 726 805 782 uidetur
827 725 944 799 aliquam
968 725 1114 784 utilitatem

144 809 256 880 habere,
269 817 303 864 ut
316 809 352 879 is,
367 810 414 880 qui
430 809 470 864 its
483 807 618 864 bonorum
633 811 836 883 possessionem
856 811 934 883 petit,
958 810 1114 883 inteniisto,

145 895 222 951 euius
244 893 407 967 principium
429 900 473 948 est
501 908 630 957 ovonvu
655 909 822 966 sosonvn,
845 896 885 950 uti
906 895 1009 967 possit,
1037 896 1115 950 cuius

145 978 377 1051 interdictiones
399 978 435 1033 sit
458 977 577 1050 utilitas,
606 995 658 1034 suo
680 979 742 1036 loeo
766 995 966 1054 proponemus:
993 978 1115 1052 alioquin

145 1072 248 1120 remoto
271 1079 382 1136 quoque
404 1060 539 1120 bonorum
562 1065 739 1137 possesione
768 1064 801 1120 nd
825 1081 872 1120 eas
894 1062 1030 1120 hereditas
1052 1080 1115 1136 per-

147 1150 215 1204 tinet
236 1149 295 1204 iure
317 1145 402 1204 ciuili.

209 1227 258 1289 86.
274 1231 402 1288 Ceterum·
410 1247 492 1305 saepe
504 1231 666 1305 quibusdam
677 1233 714 1288 ito
726 1232 805 1288 druse
816 1232 952 1290 bonorum
964 1233 1114 1305 possessio,

146 1325 178 1374 ut
192 1318 227 1389 is,
241 1318 285 1373 oui
300 1315 363 1373 data
376 1317 424 1387 sit,
439 1312 523 1391 (non)
538 1318 661 1390 optineat
677 1318 872 1385 hereditatem
896 1334 964 1392 quse
980 1317 1115 1373 bonorum

136 1402 286 1474 -possessio
301 1400 400 1458 dieitur
413 1402 474 1458 sine
495 1418 535 1462 re.
578 1397 627 1462 88.
643 1401 708 1459 Nam
724 1404 747 1458 si
763 1401 840 1460 uerbi
861 1405 948 1476 gratia
968 1403 1027 1458 iure
1041 1401 1114 1460 isoio

147 1493 312 1542 testamento
327 1485 408 1543 teres
421 1488 567 1544 institutus
577 1489 697 1544 creuerit
712 1488 901 1559 hereditatem,
916 1487 966 1544 sed
980 1487 1115 1543 bonorum

145 1571 349 1645 possesionem
376 1571 525 1628 seeundum
554 1571 658 1628 tabulas
690 1574 845 1628 testamenti
868 1581 964 1646 petere
984 1571 1115 1644 noluerit,

145 1664 293 1713 contentus
308 1672 359 1726 eo,
381 1655 456 1730 qnod
471 1657 531 1712 iure
545 1657 619 1712 oiuiii
639 1656 720 1714 heres
742 1659 796 1729 sit,
819 1657 994 1714 nihilominus
1017 1659 1045 1729 ii,
1068 1659 1115 1730 qui

145 1741 222 1798 nullo
244 1740 318 1797 insto
342 1748 505 1797 testamento
527 1741 562 1796 ad
582 1743 705 1798 intestati
727 1745 797 1799 bona
820 1751 971 1814 uocantur,
997 1750 1116 1816 possunt

146 1835 240 1900 petere
251 1824 398 1882 lanosum
413 1826 632 1898 possessionem
656 1827 704 1882 sed
719 1829 778 1883 sine
797 1843 827 1883 ro
843 1828 876 1882 ad
898 1843 946 1884 eos
968 1827 1115 1884 'bonorum

143 1902 310 1984 possessio¹
332 1913 466 1983 pertinet,
488 1927 550 1966 enm
571 1918 737 1968 testamento
752 1913 871 1985 scriptus
892 1911 973 1967 heres
989 1913 1114 1968 euinoere

146 1990 1112 2069 mmmmmm.ssfflmmmmmmwmffiw

146 2090 255 2137 mortuo
279 2096 345 2136 suus
368 2080 449 2136 heres
471 2080 592 2136 noluerit
614 2089 709 2153 petere
740 2081 878 2138 bonoram
900 2082 1114 2154 possessionem,

146 2173 295 2222 contentus
309 2167 530 2238 lepitimoiare:
552 2163 630 2222 ’nam
653 2160 700 2220 et²
713 2173 825 2240 >agnato
848 2165 978 2238 competit
1004 2164 1115 2238 quidem

144 2243 1114 2325 mmmmffimmwmmmfflmm

145 2404 279 2454 cesserint.
310 2401 376 2452 Nam
387 2404 414 2456 si
426 2403 529 2452 alienus
539 2409 675 2466 postumus
683 2403 759 2453 leros
769 2403 857 2466 fuerit
870 2403 1013 2462 institutus,
1027 2416 1115 2466 quam-

134 2472 187 2524 'uis
205 2473 373 2523 hereditatem
392 2475 450 2523 iure
464 2475 540 2522 ciuili
554 2474 630 2524 adire
645 2489 697 2524 non
714 2480 827 2538 poterat,
847 2489 904 2522 eum
919 2474 1048 2524 institutio
1063 2487 1115 2524 non

145 2545 249 2595 uolebat
263 2542 296 2610 (s,
306 2555 353 2594 sss.
363 2542 432 2610 usn),
446 2543 591 2595 honorario
606 2552 690 2594 tamen
706 2547 763 2594 iure
773 2545 897 2594 banorum
907 2559 1045 2610 possessor
1058 2543 1114 2608 essi·

145 2616 273 2673 oiebatur,
287 2615 409 2665 uidelicet
418 2631 475 2666 oum
489 2631 506 2665 a
516 2623 643 2680 praetore
657 2612 857 2674 adiuuabatur',
868 2617 965 2679 paucis
976 2616 1081 2664 mutatis
1090 2622 1116 2665 et

144 2691 205 2752 ipsa
220 2689 273 2736 sint
290 2685 404 2746 Gaiana,
425 2695 555 2737 attamen
577 2686 658 2736 Gaius
677 2695 754 2737 antea
773 2687 795 2737 b.
811 2688 1003 2752 possessionem,
1017 2702 1052 2736 ear
1065 2685 1113 2736 SC.

148 2759 311 2809 Tertulliano
324 2759 438 2808 dandam
448 2775 501 2822 pro
515 2761 631 2822 exemplo
649 2760 795 2824 impupnati
808 2759 876 2808 iuris
890 2760 984 2808 veteris
993 2759 1115 2821 posuisse

144 2831 267 2880 videatur
280 2827 328 2895 (ef.
344 2829 427 2880 Gloss.
446 2830 525 2882 Taar.
534 2831 571 2879 ad
579 2845 623 2892 pr.
638 2829 692 2893 ts,
704 2842 716 2882 9
732 2837 757 2880 et
766 2837 817 2880 not.
831 2830 868 2878 ad
876 2829 971 2894 Μεθ’.)
986 2836 1012 2880 et
1021 2830 1115 2879 deinde

139 2902 310 2964 perrexerit:
329 2897 465 2966 ‘Alioquin
485 2903 526 2952 ius
544 2900 602 2950 ban.
618 2899 705 2964 poss’
726 2909 772 2952 eto.
809 2900 865 2950 Iam
887 2917 944 2950 eum
963 2901 1010 2950 illa
1029 2901 1115 2952 &sem

145 2974 254 3023 circiter
267 2973 386 3035 efficiant
399 2988 490 3023 aeroas
506 2971 531 3024 G.
552 2971 628 3031 Ver„
643 2979 766 3036 apparet,
788 2971 881 3020 Gaium
894 2973 981 3022 statim
995 2978 1058 3035 past
1071 2970 1115 3022 ab·

143 3045 253 3094 solutam
266 3041 330 3094 soa·
347 3042 502 3094 Tertulliani
515 3045 711 3106 expositionem,
727 3058 793 3108 quae
808 3044 910 3094 initium
919 3055 1019 3106 quoque
1030 3058 1061 3106 p.
1067 3053 1114 3094 1ss.

143 3117 294 3179 occupauit,
313 3115 351 3164 ad
366 3114 435 3166 lana
447 3117 595 3181 peneralem
604 3116 815 3178 ,disputationes
829 3114 861 3164 de
876 3113 1000 3165 bonorum
1010 3127 1114 3177 posses-

142 3188 216 3237 sione
230 3188 378 3237 transiisse.
458 3183 479 3252 l)
494 3185 614 3236 hereditas
631 3185 657 3236 C.
683 3185 776 3236 Fuerit
790 3187 817 3234 in
832 3185 975 3250 arohetppo
990 3185 1014 3234 b.
1029 3199 1053 3247 p.
1069 3183 1114 3250 (ε

142 3258 263 3308 honorum
276 3258 421 3323 possessio),
436 3273 503 3322 quae
517 3264 579 3308 nata
589 3257 654 3306 abiit
666 3259 694 3306 in
703 3258 812 3308 similem
821 3257 864 3307 h't.
892 3256 985 3320 Itaque
996 3271 1065 3306 nona
1075 3257 1114 3304 sio

141 3330 248 3392 scripsi.
314 3325 336 3394 ²)
350 3328 396 3378 En
410 3330 504 3380 Hollw.
521 3331 554 3393 ej.
582 3328 719 3378 Fortasse:
733 3329 841 3379 sailt'oet.
908 3323 930 3392 ³)
948 3327 1024 3385 Nota,
1039 3327 1114 3376 aliud

140 3415 190 3452 suo
207 3399 311 3458 herede,
330 3401 405 3450 aliud
418 3402 585 3465 proximiore
603 3407 700 3465 apnato
719 3401 847 3450 existente
866 3400 935 3448 laris
950 3399 1050 3462 fuisse;
1069 3399 1114 3446 illo

142 3486 208 3522 oasa
222 3469 366 3521 vocabatur
379 3486 396 3520 a
406 3479 532 3535 praetore
538 3473 679 3534 proximus
688 3478 801 3537 apnatus
811 3467 892 3520 ‘unde
902 3466 1031 3535 lepitimi’,
1046 3470 1115 3518 inter

216 3609 261 3682 ἕξ.
277 3614 391 3664 st-sr.
413 3613 450 3676 Cf.
470 3612 525 3676 Uip.
540 3623 575 3676 ss,
590 3624 624 3664 ns.
645 3624 678 3676 ns,
694 3625 714 3664 s.
734 3625 769 3677 so,
783 3626 795 3665 s
809 3628 891 3674 supra
906 3624 927 3676 s,
942 3624 988 3664 tas.
1005 3614 1066 3664 151⁸.
