2542 3909
191 211 254 275 154
625 222 713 258 <mo

188 347 339 403 accedente
357 347 393 399 de
410 345 519 399 casibus
537 345 684 413 (exeeptis)
701 343 774 397 libro
787 343 930 413 singulari,
945 344 1079 397 executus
1091 345 1144 397 est.

188 414 244 468 Sed
265 428 322 465 non
349 413 522 466 satisfaciens
545 411 612 477 sibi,
640 411 694 465 nisi
717 412 747 465 et
768 410 915 464 universae
942 411 1048 479 privati
1074 412 1146 464 iuris

187 477 354 550 prudentiae
372 480 402 532 in
420 481 511 533 artem
528 479 659 532 redactae
676 478 829 547 imaginem
847 476 1038 546 exsculperet,
1057 478 1146 531 etiarn

187 560 289 599 novam
302 546 412 599 addidit
423 546 529 614 bigam,
548 546 748 610 institutiones,
761 560 813 613 per
824 560 893 612 quas
905 545 942 597 ad
953 545 1022 598 iuris
1043 545 1147 598 ruden-

187 614 258 666 tiam
276 613 451 680 adspirantes
473 614 538 667 riva
559 612 687 683 magistri
708 628 776 666 voce
800 612 980 677 docerentur,
1005 560 1041 666 ed
1050 626 1147 665 rerum

188 679 416 799 puotidianarum
433 680 520 734 libros
536 696 566 735 se
587 683 654 742 tem,
673 696 707 733 ex
725 679 827 747 quibus
846 679 887 733 sic
903 680 1006 733 imbuti
1024 680 1147 747 seipsos

208 746 314 799 ocendo
333 748 534 826 addiscerenti
582 748 654 801 eteri
665 746 731 823 ‚eius
747 746 813 799 iibri
824 746 935 823 tantum
947 746 1148 815 supplementa

188 813 1147 959 stitittittttttttttttttttttttttitt-tal
1158 891 1205 941 [a]

188 950 378 1015 missionibus,
395 966 459 1003 cam
477 950 513 1001 ad
532 950 656 1003 edictum
667 948 795 1001 urbicum
807 949 891 1001 modo
904 946 940 1001 de
952 947 1055 1017 legatrs
1068 950 1098 1001 et
1110 947 1146 1001 de

187 1015 299 1069 liberali
310 1030 393 1070 causa
404 1017 567 1085 scripsisset,
580 1016 615 1069 de
627 1016 777 1069 verborum
790 1014 1018 1083 obligationibus,
1033 1030 1097 1068 cum
1110 1014 1147 1067 ad

188 1082 313 1136 edictum
333 1086 444 1137 tantum
457 1084 614 1152 praetoriae
632 1082 827 1150 stipulationes
843 1081 1027 1149 explicandae
1044 1083 1145 1146 essent,

188 1150 225 1203 de
243 1150 307 1228 legs
326 1150 425 1215 Glicia,
443 1166 515 1219 quae
527 1152 563 1204 ad
575 1148 793 1204 centumvirales
805 1165 902 1202 causas
914 1149 1060 1217 spectabat
1071 1149 1147 1202 inter

188 1218 233 1269 ius
254 1217 338 1270 civile
360 1219 390 1271 et
410 1217 582 1286 praetorium
604 1216 798 1285 interpositas,
821 1215 857 1269 de
881 1214 1146 1271 sturemutham

189 1286 220 1336 et
237 1283 412 1352 Orphitiano,
432 1300 504 1351 quae
522 1286 614 1349 antea,
633 1300 696 1337 cunr
709 1282 906 1351 Orphitianum
925 1284 1039 1337 demum
1056 1298 1082 1339 a.
1097 1288 1147 1338 178

189 1350 297 1403 factum
315 1353 395 1417 esset,
414 1351 498 1420 plene
515 1354 638 1404 tractare
656 1350 781 1416 nondum
798 1352 939 1417 potuerat.
969 1350 1053 1404 Liber
1070 1351 1147 1404 enim

189 1417 338 1495 singularis
348 1418 382 1472 de
391 1419 513 1495 formula
521 1418 733 1495 hypothecaria,
742 1418 846 1495 collata
855 1423 877 1482 §-
880 1424 908 1495 5²·
922 1418 1013 1473 Oonst.
1023 1418 1147 1495 'Omnem

189 1487 403 1606 “atrita
414 1485 1148 1629 ttrttttttitttfitt‚eistettensi

190 1634 254 1671 suos
272 1620 406 1687 exparte
429 1620 528 1673 saltem
546 1620 644 1688 aperte
668 1618 779 1672 scholae
801 1620 895 1687 potrus
916 1634 1001 1686 quam
1019 1618 1079 1671 ioro
1098 1617 1146 1670 de-

190 1686 309 1739 stinavit
324 1687 519 1754 maximusque
536 1686 623 1740 studii
640 1686 790 1739 theoretici
808 1688 945 1740 excitator
962 1688 992 1738 et
1002 1685 1147 1753 promotor

191 1752 311 1806 exstititr
330 1770 387 1821 qna
398 1754 427 1806 in
440 1770 470 1807 re
483 1753 509 1807 ei
522 1756 552 1807 et
562 1755 739 1807 Athenaeum
752 1752 923 1807 Graecarum
935 1752 1146 1820 disciplinarum

191 1819 226 1872 ab
245 1818 389 1875 Hadriano
406 1820 513 1875 Romae
530 1821 692 1874 institutum
711 1822 740 1873 et
758 1820 843 1874 edicti
860 1819 1092 1888 compositionem
1109 1819 1146 1873 ab

191 1886 300 1940 iuliano
318 1888 476 1942 absolutam
493 1888 677 1941 incitamento
695 1888 780 1940 inisse
798 1902 934 1965 perquam
948 1886 1082 1941 credibile
1096 1889 1147 1944 est.

191 1953 312 2009 Omnino
336 1957 411 2008 enim
435 1957 489 2009 iuri
506 1956 584 2009 civili
606 1955 659 2008 hoc
683 1955 800 2009 estsere
818 1957 943 2023 privato,
962 1954 1038 2032 quod
1056 1954 1147 2007 solum

190 2024 251 2075 tum
269 2022 299 2074 in
321 2023 422 2076 scholis
443 2024 630 2088 tractabatur,
655 2023 747 2075 totum
770 2038 799 2075 se
822 2022 890 2075 dans
911 2023 1039 2090 inprimis
1061 2022 1147 2075 libros

192 2089 240 2141 ‘ad
259 2088 382 2143 edictum
400 2090 539 2144 urbicum'
557 2089 734 2159 potissimum
756 2090 786 2142 in
804 2090 961 2144 scholarum
983 2106 1064 2143 usum
1082 2089 1147 2143 acri·

191 2157 277 2225 spisse
299 2157 421 2211 videtur.
456 2158 525 2212 Oum
549 2158 625 2211 enim
643 2156 783 2210 Ciceronis
806 2159 899 2211 aetate
922 2157 969 2225 (de
987 2156 1061 2227 legg.
1081 2166 1104 2221 1,
1123 2161 1146 2209 5.

191 2232 216 2289 2,
235 2226 288 2292 23.)
305 2224 427 2279 maxime
446 2242 480 2279 ex
498 2226 591 2279 edicto
608 2224 746 2291 praetoris
763 2224 806 2277 ius
824 2225 906 2278 civile
929 2225 999 2277 disci
1016 2226 1147 2293 coeptum

192 2292 277 2356 esset,
300 2291 346 2344 hic
368 2308 428 2345 mos
451 2293 503 2346 sub
524 2291 742 2359 imperatoribus
763 2308 821 2345 non
842 2293 927 2346 modo
950 2294 1076 2345 retentus
1097 2290 1147 2345 sed

191 2358 278 2412 etiam
301 2358 427 2412 excultus
450 2362 501 2413 est.
541 2358 575 2410 ln
598 2357 661 2411 Gaii
683 2374 750 2411 vero
773 2358 852 2413 libris
872 2360 996 2429 primum
1018 2360 1071 2413 hoc
1093 2359 1146 2412 sin·

264 2488 284 2555 ¹)
299 2491 363 2539 ilaec
377 2492 440 2540 enim
456 2492 579 2553 utriusque
588 2492 671 2555 operis
685 2493 748 2541 inter
762 2506 788 2541 se
802 2492 863 2540 ratio
879 2506 933 2541 esse
947 2493 1048 2542 ridetur.
1072 2492 1106 2542 Gi.
1118 2492 1147 2541 de

191 2562 320 2611 buchholtz
334 2563 359 2610 in
373 2562 466 2623 lingon.
481 2562 525 2609 cir.
542 2561 601 2623 ling.
616 2562 654 2611 Vl.
669 2577 692 2625 p.
708 2574 755 2613 aaa.
770 2574 817 2614 ati.
833 2562 919 2611 Omisit
934 2563 1006 2612 Gaius
1026 2564 1049 2611 in
1064 2562 1146 2624 altero,

192 2632 256 2696 quod
270 2633 320 2680 iant
331 2632 376 2682 hac
386 2633 416 2681 de
431 2644 502 2681 causa
512 2639 567 2693 post
577 2633 740 2682 institutiones
750 2634 866 2696 scriptum
877 2648 931 2682 esse
942 2634 1092 2682 statuendum
1103 2640 1146 2693 cst,

191 2703 404 2766 praemonitionem
419 2702 452 2750 de·
464 2702 514 2750 iure
529 2704 633 2763 gentium
649 2710 672 2751 ct
686 2704 758 2765 civili,
773 2710 798 2752 ut
808 2710 909 2767 apparet
923 2718 950 2751 ex
965 2702 990 2751 L.
1007 2714 1018 2752 1
1033 2716 1069 2764 pr.
1080 2701 1106 2749 D.
1119 2702 1147 2749 tle

192 2788 244 2836 aeq.
259 2789 306 2822 rer.
322 2773 384 2822 dom.
400 2770 493 2837 (41,1);
508 2773 587 2836 itaque
602 2780 678 2822 totum
693 2774 818 2823 consilium
833 2775 885 2822 eius
900 2775 923 2822 in
938 2774 983 2821 hoc
997 2770 1059 2820 libro
1070 2772 1099 2820 ab
1110 2772 1147 2820 ln·

192 2845 354 2894 stitutionibus
369 2844 488 2892 diversum
510 2850 545 2905 et,
565 2852 591 2893 ut
608 2845 681 2892 verbo
701 2844 792 2904 dicam,
812 2845 889 2892 minus
909 2843 1054 2904 isagogicuiu
1074 2842 1147 2891 luisse

192 2922 294 2978 oportet.
310 2912 1147 2978 Ceterumeasdemresexponitmctlolatiusetsccuretiusmutataque

192 2985 360 3049 aliquantulum
374 2983 527 3032 materiarum
542 2984 718 3046 distributione,
732 2999 762 3033 ne
777 2984 878 3032 studiosi
896 2984 1028 3046 superioris
1042 2983 1097 3033 lihri
1112 2984 1148 3033 di·

192 3057 324 3105 visionibus
334 3054 470 3117 quasiastis
480 3056 581 3104 vinculis
591 3063 736 3105 tenerentur.
757 3054 815 3103 llam
825 3054 903 3117 primo
914 3054 1010 3117 quidem
1019 3054 1081 3104 libro
1093 3056 1148 3104 item

123 3133 139 3146 ”
193 3128 222 3176 de
236 3136 393 3190 personarum
407 3125 459 3172 iure
473 3128 596 3188 exposuit3
617 3127 692 3175 altero
711 3140 767 3173 vero
783 3130 807 3171 et
820 3125 891 3173 tertio
912 3126 941 3174 ds
956 3126 1021 3187 iure,
1041 3126 1105 3191 quod
1119 3126 1148 3174 ed

131 3249 133 3253 ,
192 3211 231 3246 res
245 3196 358 3259 pertinet,
374 3195 398 3242 in
412 3210 459 3259 quo
468 3197 626 3259 obligationes
641 3196 733 3259 plenius
745 3210 772 3243 er
786 3195 863 3244 tribus
873 3208 1012 3245 caussarum
1022 3196 1148 3259 generibus

193 3267 320 3324 derisoria
340 3271 416 3313 toturn
431 3280 487 3315 vero
508 3269 545 3316 ius
560 3268 731 3317 hereditarium
751 3272 774 3314 et
788 3266 851 3329 quod
872 3267 902 3316 ad
917 3268 1023 3317 actiones
1038 3268 1148 3331 pertinet,

193 3336 346 3401 sequentihus
362 3336 430 3386 libris
445 3337 483 3403 (er
498 3339 584 3401 quihus
598 3339 658 3387 nihil
673 3338 794 3403 superest)
808 3352 946 3387 reservasse
960 3338 1061 3388 videtur.
1083 3338 1149 3396 Quod

192 3422 248 3455 vero
263 3420 303 3455 res
317 3407 467 3470 quotidianae
482 3409 674 3458 institutionibus
685 3409 753 3471 quasi
768 3408 867 3457 comites
883 3409 977 3459 additae
990 3415 1065 3472 erant,
1080 3409 1149 3456 etism

193 3478 333 3526 enndrruaut
346 3493 454 3543 prunam.
465 3480 521 3528 lust.
537 3481 560 3541 §.
571 3490 592 3530 e.
607 3485 631 3526 et
645 3478 736 3527 Bluhm.
747 3478 797 3527 tab.
811 3480 834 3527 in
846 3480 962 3529 zeitschr.
975 3480 991 3528 i.
1001 3480 1082 3541 pasch.
1093 3478 1148 3527 [tw.

192 3548 228 3597 iv.
244 3563 268 3611 p.
284 3559 329 3600 aaa
