2542 3909
289 212 396 255 evauno
409 213 529 249 noussen
542 213 740 251 mancusorum
753 212 901 250 nnvocsssa
913 212 1008 248 nourr.
1061 191 1118 254 781

169 482 296 531 Qveuoo
308 481 454 523 DONATOR
465 476 703 523 Iurnuuuusrvu
715 482 894 525 REVOOASSE
906 480 1123 526 VOLVNTATEM.

233 592 303 651 248.
321 636 327 650 .
346 636 352 651 .
370 634 376 649 .
392 608 545 667 speramus
567 597 656 670 enim,
678 594 798 664 liberos,
821 611 886 651 cum
907 599 1044 665 uiderint,
1068 613 1125 653 non
1138 585 1220 665 Ἥ·

169 682 259 735 licere
274 682 322 748 iis,
346 678 395 735 ubi
415 694 454 735 ex
474 684 617 748 paternae
640 681 823 734 auctoritatis
841 682 906 736 iure
926 682 1035 737 dimissi
1047 687 1124 751 sunl,
1137 670 1212 709 ωδε

170 756 290 835 inpune¹
309 756 312 839 )
329 764 413 835 ipsam
436 760 605 817 contumeliis
620 760 769 835 persequi,
790 755 896 835 oequo²
916 765 943 818 iu
958 763 1053 820 affectu
1068 766 1172 851 pie-[57]

171 848 234 903 tatis
257 848 375 902 monitos
398 862 479 919 posse
502 847 651 904 mitescere.
688 844 816 900 Volumus
838 848 934 919 igitur,
957 854 987 902 ut
1007 847 1030 902 si
1051 846 1125 903 ’con-
1173 824 1232 875 ⁸⁶³³·

171 924 301 999 stiterit,³
322 932 395 985 iuxta
411 938 514 1003 patrem
529 928 645 996 liberos,
669 937 856 1001 contraquam
872 930 1045 986 humanitatis
1059 932 1128 987 ratio

171 1014 308 1086 deposcit,
324 1012 439 1087 superbe
455 1016 663 1086 crudeliterque
677 1029 707 1068 se
722 1012 833 1084 tollere,
855 1016 1031 1087 emancipatio
1047 1014 1128 1071 firmi·

171 1098 264 1153 tudine
280 1107 441 1161 euacuetur;
462 1096 551 1170 idque,
568 1090 641 1169 quod
657 1095 747 1152 liberis
762 1105 838 1169 pater
852 1096 1048 1154 donationibus
1064 1114 1128 1155 cou-

171 1181 244 1252 tulit,
261 1183 345 1254 patris
361 1180 468 1254 dicioni,
492 1189 658 1253 naturaeque
681 1175 765 1252 'ipsi⁴
785 1180 922 1255 subiugati
936 1183 1038 1255 patriae
1052 1182 1128 1241 ’reci-

170 1258 247 1321 dant⁵
261 1266 408 1334 potestati:
431 1265 509 1320 etita
525 1264 573 1333 itti,
598 1263 646 1336 qui
661 1265 745 1320 sacris
761 1265 874 1335 acoluti,
896 1266 1066 1323 elocutione
1081 1267 1128 1323 ob·

171 1348 258 1421 sequit
281 1355 467 1416 recesserunt,
497 1348 669 1403 necessitatis
696 1347 799 1421 laqueis
821 1350 942 1407 adstricti
970 1345 1128 1425 ’tanquami

99 1436 160 1487 [68⁷]
172 1429 405 1487 commendatione
420 1432 539 1504 pietatis,
556 1427 611 1505 (ea)
628 1433 707 1487 etiam
723 1431 910 1490 detrectantes
926 1429 1127 1495 adducantur]

171 1517 227 1575 [lat.
243 1514 319 1633 xum
337 1514 390 1572 kal.
406 1518 476 1591 Aug.
493 1513 745 1589 Constantinopoli,
769 1516 904 1575 Gallicano
927 1527 954 1575 et
969 1518 1128 1593 Symmacho

172 1616 261 1657 conss.

235 1681 307 1745 249.
331 1678 544 1742 ⁹Constantinus
560 1693 588 1741 et
605 1678 731 1744 'Caess.¹⁰
767 1678 825 1763 (1)
849 1685 945 1744 Multas
960 1706 1040 1763 saepe
1055 1698 1129 1747 natas

170 1784 205 1825 ex
219 1767 367 1825 donatione
383 1784 476 1825 causas
492 1770 682 1841 agnouimus,
699 1769 836 1841 inquibus
852 1770 896 1827 uei
909 1771 1063 1829 adumbrata
1079 1792 1129 1847 pro

172 1853 324 1923 expressis,
341 1850 385 1907 uel
401 1852 524 1908 inchoata
540 1868 590 1925 pro
602 1852 740 1924 perfectis,
756 1853 801 1909 uei
815 1854 929 1928 piurima
942 1872 992 1928 pro
1005 1858 1129 1913 omnibns

171 1935 386 1990 controuersiam
410 1935 521 2004 iaciant,
543 1951 604 1991 eum
627 1938 763 2009 agentium
779 1938 837 1994 uisa
859 1933 950 2011 'pro¹¹
974 1942 1084 2013 ingenio
1100 1958 1131 2007 ac

172 2016 301 2074 facultate
316 2018 421 2074 dicendi
436 2027 482 2074 aut
496 2018 615 2092 perfecta
636 2019 834 2091 deformarent,
857 2031 903 2078 aut
923 2024 1047 2080 inchoata
1068 2041 1129 2098 per·

173 2100 294 2159 licerent.
331 2101 394 2157 inde
409 2104 450 2158 ius
466 2118 575 2175 anceps,
594 2118 625 2158 ac
639 2120 689 2176 pro
705 2104 850 2160 dicentium
867 2106 978 2179 inpulsu
995 2107 1129 2164 ’cacillan-

173 2188 213 2242 tia
224 2178 248 2219 ¹²
270 2187 464 2242 sententiarum
480 2185 587 2242 decreta
602 2181 812 2257 ’differebant‚¹³
833 2184 971 2247 liaxime¹⁴
991 2191 1129 2249 karissime

173 2286 204 2326 ac
226 2269 432 2326 ’iucundissime
447 2264 567 2329 nobis.¹⁵
602 2269 672 2327 Hine
686 2273 755 2327 enim
771 2288 858 2347 nuper
872 2277 990 2348 exceptis
1005 2278 1130 2349 personis
1232 2340 1235 2345 ,

246 2478 265 2546 1)
280 2480 437 2532 Sententiam
454 2484 572 2545 suppleat
590 2482 678 2545 (aliter
697 2490 773 2549 atquc
787 2485 921 2551 Manus).
950 2487 988 2537 De
1003 2504 1032 2537 re
1047 2490 1081 2553 cf.
1096 2490 1129 2542 L.

172 2569 215 2605 un.
239 2552 282 2605 qil.
304 2552 330 2602 C.
349 2552 381 2601 de
400 2554 497 2617 ingrat.
517 2552 559 2601 tit.
579 2551 614 2619 (a,
634 2552 677 2618 14).
744 2552 764 2620 ²)
783 2558 895 2621 persequi
918 2558 978 2608 Vot.
997 2559 1054 2611 edd.
1074 2575 1129 2623 per·

172 2656 198 2691 se
210 2680 215 2691 .
228 2677 234 2690 .
246 2677 251 2690 .
263 2626 278 2707 ἃ
292 2639 361 2705 (nom
375 2642 453 2690 oliter
467 2642 555 2690 littero
569 2657 592 2705 q,
607 2644 631 2691 si
645 2651 715 2692 recte
729 2658 854 2706 cupresso
868 2648 924 2695 eiua
938 2649 1048 2713 vestigio
1060 2656 1129 2711 stant,

173 2719 261 2763 notata
276 2726 331 2762 esse
345 2726 395 2761 non
406 2709 503 2775 potuit)
523 2710 550 2759 V
550 2710 570 2760 ἃ.
585 2715 701 2776 persequi
715 2714 848 2777 nequead.
864 2716 978 2767 Monens.
1052 2715 1130 2783 ³)Ita

173 2784 286 2835 Momms.
302 2789 395 2832 constet
410 2783 497 2831 ceteri.
571 2780 592 2847 4)
607 2784 658 2831 iari
678 2784 809 2845 subiugatis
828 2786 868 2835 ed.
888 2786 981 2836 Hollw.
1002 2789 1053 2837 iuri
1071 2790 1129 2838 sub-

173 2855 246 2915 iugati
265 2854 304 2903 ed.
321 2853 434 2903 Momms.
509 2848 529 2916 ⁵)
545 2853 586 2902 Ito
606 2854 633 2901 V
635 2851 655 2901 ⁶.
676 2854 783 2903 reccidat
801 2854 840 2903 ed.
855 2855 949 2906 Hollw.
969 2859 1072 2908 reddant
1089 2860 1129 2908 ed.

173 2924 287 2973 Morcus.
362 2920 382 2989 Β)
397 2924 421 2972 in
436 2937 481 2986 qua
501 2922 528 2971 V
528 2920 550 2971 i.
565 2924 623 2974 edd.
639 2925 662 2972 in
678 2939 747 2988 quam
761 2932 786 2974 et
795 2933 887 2988 posteo
901 2929 1130 2978 commendationem

172 2994 211 3043 ed.
233 2994 346 3043 Monens.
426 2990 446 3057 π)
465 2994 592 3043 adueniant
616 2994 646 3044 V.
666 2996 723 3044 edd.
756 2996 841 3045 Antea
864 2993 917 3046 ‘eo’
940 3001 1070 3063 supplevi:
1091 3015 1127 3051 sc.

170 3063 305 3125 functione
324 3062 446 3127 obsequti.
499 3061 520 3128 8)
535 3080 558 3113 a.
574 3076 621 3116 eeu.
674 3061 695 3130 ⁹)
715 3065 801 3115 Verba
816 3068 968 3130 disposition
982 3070 1042 3119 inde
1057 3086 1073 3119 o
1087 3068 1129 3135 (s.)

172 3140 277 3182 exstant
291 3132 365 3181 inb.
380 3146 400 3183 1.
428 3133 472 3182 Ta.
494 3134 519 3183 C.
535 3136 567 3183 de
585 3137 672 3185 donat.
688 3134 813 3201 (8,12)p.
830 3148 875 3189 tet.
900 3138 984 3188 Haen.
1000 3162 1033 3181 =
1048 3140 1080 3189 L.
1095 3151 1128 3191 25.

175 3203 201 3251 0.
217 3203 272 3255 eod.
288 3203 320 3266 (e,
334 3201 371 3267 ot)
386 3203 429 3253 itio
450 3206 506 3254 iilic
525 3212 629 3255 nzutota.
697 3203 729 3271 ιο)
743 3208 761 3259 i.
775 3223 797 3257 e.
812 3208 942 3268 Licinius,
956 3212 980 3260 si
990 3213 1090 3273 placet,
1105 3218 1130 3260 et

173 3272 364 3331 Martinianum
383 3272 415 3321 ab
434 3275 480 3323 illo
499 3291 523 3327 u.
538 3286 585 3327 ses.
598 3277 689 3340 sactus
705 3276 808 3326 Caesar.
842 3279 902 3327 Vid.
917 3286 999 3330 tuanen
1015 3281 1128 3331 Monens.

167 3360 195 3407 p.
210 3353 258 3395 405.
329 3340 362 3408 ¹¹)
378 3343 419 3392 Ita
439 3342 487 3392 Vi.
508 3346 547 3395 ed.
568 3346 682 3397 Momms.
754 3344 787 3414 1ἵ)
803 3349 937 3399 uaccillanti
962 3350 1021 3401 Vat.
1041 3352 1129 3400 uaccil-

171 3414 242 3462 lantis
262 3412 289 3462 V
289 3412 308 3464 θ.
328 3414 456 3463 uaccillans
471 3415 503 3464 de
517 3415 615 3469 Bucdn.
632 3419 665 3479 ς).
680 3418 719 3467 ed.
734 3417 828 3469 Hollw.
897 3417 929 3485 13)
945 3421 989 3471 Ea
1003 3422 1130 3471 Bari-ooli

172 3487 204 3547 ς).
221 3483 347 3533 differebat
371 3482 428 3533 Vol.
444 3486 502 3534 edd.
579 3485 611 3553 ¹⁴)
628 3487 783 3550 Prdefectue
797 3490 857 3541 urbi
875 3507 900 3541 a.
915 3502 962 3545 ees.
1039 3490 1071 3559 115)
1085 3492 1130 3543 ee

172 3554 285 3606 Monens.
301 3555 334 3617 qj.
349 3554 520 3606 iucundissime
534 3558 592 3607 edd.
607 3565 716 3611 ceterae.

1174 753 1232 803 acb.
