2542 3909
153 165 216 228 228
458 181 520 217 carr
538 179 632 215 rusam.
653 160 685 213 ll.
704 165 814 214 97-31.

153 319 199 380 27.
222 324 384 379 Praeterea
404 322 459 378 doc
478 314 562 378 Ιοοο1
591 316 767 384 edmolnendi
795 336 906 393 sumus,
928 319 1025 376 'etiam
1045 319 1124 376 dum·

154 414 241 463 taxat
255 406 354 463 Italici
368 408 423 462 soli
436 397 564 462 neaum²
579 417 584 462 1
602 421 673 475 esse,
694 404 870 478 prouincialis
884 403 937 460 soli
952 420 1050 460 nexum
1065 421 1125 461 non

153 490 243 553 ’esse5
264 508 330 546 nom
346 494 451 562 recipit
467 483 583 546 nexus²
600 495 604 552 Ι
620 487 848 563 significationem
868 489 958 545 solum
973 506 1028 545 non
1043 489 1125 546 aliter

153 574 250 647 'quam
261 568 300 630 si²
313 575 427 648 mancipi
442 569 529 644 ’est²;
547 580 577 630 at
589 573 767 647 proluinciale
777 589 827 630 nec
839 575 953 648 mancipi
966 580 1017 630 est.
1044 574 1125 631 aliter

154 659 225 714 euim
241 659 327 714 ueteri
343 659 437 733 lingua
452 659 476 715 ’a
493 662 497 725 Ι
517 689 554 700 -
571 689 612 700 -
628 687 669 698 -
686 651 739 714 ³de
755 657 842 716 rebus
857 659 1022 732 mancipatis.
1040 662 1044 726 Ι

219 741 270 803 28.
288 734 475 818 incorporales
489 738 556 816 (res)
567 743 738 800 traditionem
750 758 806 800 non
818 745 940 817 recipere
951 742 1125 800 manifestum

154 836 207 884 est.
239 823 289 885 29.
303 827 355 884 Sed
368 829 426 884 iura
437 828 611 902 praediorum
622 826 787 884 urbanorum
800 828 827 882 in
838 829 897 884 iure
908 823 1047 904 (tantum)
1063 828 1123 886 cedi

154 921 287 986 possunt3
301 914 466 970 rusticorum
480 929 547 970 uero
559 915 641 969 etium
658 913 802 987 mancipari
817 920 941 986 possunt
972 908 1025 970 30.
1042 912 1125 969 Usus·

154 996 260 1054 iructns
272 1000 300 1054 iu
310 999 370 1054 iure
384 1000 534 1055 cessionem
545 1006 650 1055 tantum
662 997 774 1070 recipit:
786 997 985 1053 nam¹domiuus
998 1000 1124 1073 proprie·

156 1084 218 1139 tatis
228 1083 274 1139 aiii
284 1081 485 1140 usumfructum
493 1085 521 1139 in
530 1084 589 1139 iure
600 1083 698 1139 cedere
710 1089 812 1156 potest,
825 1090 857 1138 ut
868 1082 913 1138 ille
922 1081 1123 1139 usumfructum

130 1179 137 1191 ·
154 1167 252 1223 habeat
264 1168 358 1241 etipse
370 1169 468 1224 nudam
482 1169 675 1242 proprietatem
682 1171 818 1225 retineat.
834 1168 892 1241 ipse
903 1167 1123 1224 usniructuarius

154 1253 183 1307 iu
195 1253 254 1307 iure
266 1252 387 1308 cedendo
401 1251 510 1308 domino
519 1253 696 1326 proprietatis
704 1250 1012 1324 nsnmiruotumesficit‚
1024 1261 1055 1308 ut
1065 1269 1081 1306 a
1093 1268 1124 1308 se

155 1335 497 1392 discedetetconuertatur
508 1338 536 1392 in
547 1338 755 1411 proprietatem3
767 1336 888 1393 aliiuero
901 1338 995 1392 lniure
1002 1336 1124 1393 cedendo

156 1419 332 1476 nihilominus
349 1423 392 1477 ius
409 1437 489 1478 suum
506 1423 619 1478 retinet:
641 1422 763 1478 creditur
781 1422 851 1477 enim
869 1437 899 1476 ea
915 1423 1040 1477 cessione
1057 1422 1125 1479 nihil

156 1507 211 1579 agl.
233 1501 336 1564 mser
348 1505 414 1562 haec
428 1505 531 1562 scilicet
544 1507 572 1561 in
581 1505 679 1562 italicis
693 1504 809 1579 praediis
821 1507 858 1561 ita
870 1514 944 1578 sunt,
957 1507 1056 1579 quiaet
1066 1508 1125 1580 ipsa

105 1595 147 1645 69.
157 1590 266 1663 praedia
277 1591 502 1663 mancipationem
511 1582 516 1668 )
525 1599 551 1645 et
563 1591 590 1646 in
601 1591 661 1646 iure
674 1591 824 1646 cessionem
836 1592 979 1666 recipiunt.
1004 1590 1124 1663 alioquin
1135 1597 1190 1650 [1⁵⁴1

157 1677 183 1730 in
197 1673 408 1747 prouincialibus
424 1674 539 1749 praediis
552 1675 608 1730 siue
620 1679 682 1748 quis
695 1675 895 1732 usumfructum
907 1677 964 1731 siue
976 1675 1018 1732 ius
1030 1673 1123 1746 eundi,

157 1758 256 1832 agendi
265 1775 397 1832 aquamue
405 1759 519 1816 ducendi
527 1760 570 1816 uel
581 1759 662 1816 altius
670 1759 785 1816 tollendi
793 1759 872 1816 aedes
882 1769 928 1816 aut
936 1776 991 1817 uon
1000 1759 1125 1831 tollendi,

156 1843 346 1899 uoluminibus
360 1846 440 1902 uicini
454 1842 600 1916 officiatur,
613 1853 759 1918 ceteraque
780 1845 876 1901 similia
884 1847 942 1901 iura
956 1846 1126 1902 constituere

158 1999 325 2046 auctoritatis
339 2000 440 2049 nomiae
455 1999 490 2047 ad
503 1999 608 2062 duplum
619 1999 734 2062 pretium
746 1996 895 2046 soluendum
912 1997 1049 2063 obligetur.
1079 1997 1124 2046 In·

158 2069 238 2117 vicem
257 2068 325 2118 iuris
344 2071 490 2120 commercii
509 2065 740 2137 camimunicatione
758 2069 841 2130 effici,
862 2075 890 2117 ut
902 2071 928 2117 si
941 2070 1007 2118 ciuis
1023 2068 1094 2119 Ram.
1109 2085 1126 2118 a

153 2141 297 2206 perepriuo
312 2140 410 2191 liberae
425 2142 539 2190 ciuitatis
552 2139 693 2190 secundum
702 2154 786 2189 mores
795 2141 913 2203 leposque
924 2141 1126 2204 pereprinorum

156 2226 211 2260 rem
225 2219 299 2269 emat,
314 2228 379 2277 quae
394 2227 429 2262 em
442 2213 484 2262 lais
498 2211 597 2277 lepidus
607 2226 659 2274 per
673 2211 839 2260 traditionem
850 2212 956 2274 acquiri
970 2226 1022 2260 nare
1031 2213 1125 2274 possit,

156 2297 206 2346 quo
221 2285 248 2332 in
263 2299 368 2334 numero
384 2285 498 2347 praedia
511 2297 566 2332 esse
580 2285 689 2339 suhart,
708 2283 792 2330 iustus
811 2282 931 2331 aominm
944 2283 1001 2331 eius
1015 2285 1056 2331 rei
1069 2283 1124 2345 effi-

157 2355 251 2402 cietur.
277 2351 320 2402 ‘Ia
326 2355 474 2418 prouinciis
485 2369 547 2403 uero
558 2367 609 2402 aaa
619 2353 693 2402 modo
702 2353 826 2416 praedium
836 2349 941 2402 nullam’
954 2360 1002 2404 etc.
1053 2349 1072 2417 ¹)
1082 2353 1126 2402 Ad

155 2439 257 2474 seusam
270 2427 382 2474 restitui.
410 2424 443 2473 Ia
458 2425 516 2473 edd.
532 2431 629 2472 tantum
643 2431 682 2472 est
698 2423 823 2486 praedium
837 2431 862 2472 et
872 2431 965 2487 postea
979 2425 1026 2473 ulla
1041 2425 1124 2474 libera.
1215 2452 1223 2462 =

157 2490 178 2558 ²)
189 2495 263 2544 Haec
273 2497 359 2544 omnia
369 2495 460 2545 Gisclz.
469 2497 645 2558 supplementa
652 2495 688 2544 ad
696 2510 798 2544 sensam
805 2495 889 2559 mapis
896 2496 1015 2558 quemad
1021 2495 1124 2545 verbam

156 2573 228 2615 certa
242 2581 258 2614 a
273 2581 310 2614 me
324 2567 351 2614 ia
366 2567 514 2616 contectum
527 2573 586 2615 sunt
600 2572 714 2629 recepta,
728 2567 776 2615 sed
789 2581 858 2615 nunc
871 2581 906 2614 eac
922 2562 967 2614 Vlt
977 2569 1068 2630 paullo
1079 2569 1123 2615 im·
1147 2609 1151 2616 .

156 2643 264 2692 mutatm
276 2651 327 2699 pra
337 2651 411 2686 nexus
422 2639 499 2686 etiam
508 2636 590 2686 scribi
596 2643 682 2700 potest
692 2638 744 2686 eius
759 2638 834 2685 uocis.
890 2633 912 2702 ³)
920 2636 1048 2701 Suspicor
1058 2639 1085 2686 in
1097 2638 1122 2686 U.

154 2708 251 2770 faisse:
264 2704 407 2774 tinelltoris
421 2710 503 2758 euicta
518 2722 544 2757 re
551 2700 743 2774 plraelstat(io)
757 2710 797 2757 sic
811 2705 886 2774 n(on)
901 2706 1022 2773 dicimur)
1037 2723 1076 2756 ac.

225 2827 251 2899 §.
267 2832 309 2882 27.
335 2832 373 2896 Of.
387 2831 503 2883 diaulia.
514 2833 546 2882 de
561 2840 676 2883 controv.
691 2849 749 2898 apr.
761 2849 789 2896 p.
803 2845 838 2884 99.
867 2832 969 2896 Appen.
984 2830 1040 2879 arb.
1048 2847 1077 2894 p.
1087 2842 1121 2882 69.

155 2902 262 2952 Luciam.
280 2903 331 2953 Cic.
343 2903 549 2966 proliacense.
565 2907 587 2967 5.
598 2916 631 2956 eo.
663 2901 747 2953 ‘litua
760 2919 866 2970 quaero,
880 2905 966 2952 sintae
981 2903 1032 2951 ista
1042 2918 1121 2965 prae·

155 2974 201 3023 dia
214 2976 303 3024 censui
317 2976 461 3026 censendo:
475 2975 586 3026 habeant
602 2978 643 3025 ius
655 2977 745 3025 ciuile:
757 2978 820 3032 sint,
835 2990 914 3026 necne
923 2975 977 3023 siat
987 2971 1122 3038 mancipi’.

156 3043 238 3095 Notae
257 3047 337 3095 iurid.
358 3046 389 3094 L.
406 3046 427 3095 I.
446 3045 474 3106 Q.
491 3069 525 3089 =
539 3047 626 3098 Locus
646 3047 719 3096 Iuris
742 3045 895 3107 Quiritium
918 3045 951 3095 L.
967 3045 989 3094 I.
1005 3045 1027 3094 I.
1046 3045 1074 3105 Q.
1091 3069 1123 3088 =

154 3116 243 3166 Locus
261 3118 371 3168 Italicus
389 3117 462 3166 Iuris
483 3117 630 3178 Quiritium.
666 3118 704 3181 Cf.
721 3118 845 3168 Zeitsedr.
862 3118 885 3181 f.
903 3118 989 3184 pesek.
1003 3117 1074 3166 RW.
1091 3117 1123 3167 X.

151 3203 179 3250 p.
194 3198 228 3240 59.
243 3189 320 3239 solum
335 3187 406 3257 uero]
429 3189 467 3252 Cf.
482 3188 580 3241 Sozam.
596 3191 654 3239 laist.
669 3191 733 3239 eccl.
748 3202 769 3251 1,
783 3201 804 3240 9.
878 3184 903 3257 ξ.
919 3190 962 3239 28.
988 3189 1027 3252 Cf.
1042 3189 1074 3238 L.
1089 3201 1122 3239 43.

155 3261 178 3321 5.
194 3272 213 3310 1.
233 3259 266 3309 D.
281 3276 337 3325 aeq.
353 3276 405 3310 rer.
417 3260 482 3310 dom.
493 3260 539 3329 (41,
550 3262 581 3326 1).
596 3277 679 3325 supra
688 3262 711 3321 ἃ.
724 3272 757 3311 19.
816 3255 842 3327 ξ.
854 3261 896 3310 29.
914 3261 952 3323 Gfi
963 3263 986 3322 ὅ.
998 3273 1032 3311 11.
1047 3261 1079 3308 L.
1090 3272 1122 3311 ³9.

156 3330 188 3378 D.
204 3331 236 3379 de
250 3346 317 3381 seru.
329 3348 373 3396 pr.
389 3332 445 3382 urb.
460 3330 492 3398 (e,
508 3333 540 3399 9).
594 3329 620 3400 ξ.
637 3335 679 3384 30.
697 3329 735 3393 Cf.
753 3329 797 3378 rr.
817 3330 876 3380 Vat.
892 3342 926 3384 41.
941 3342 976 3382 48.
991 3343 1025 3383 54.
1041 3343 1067 3383 15
1082 3331 1122 3396 (a).

160 3400 305 3464 (repausa.
333 3404 439 3466 infra§.
450 3416 484 3456 99.
500 3406 523 3466 ἓ.
539 3416 558 3455 9.
584 3404 654 3453 Lae
668 3401 752 3462 ususr.
769 3400 800 3465 (9,
814 3399 847 3467 4).
886 3403 1074 3465 Paulus-i
1090 3413 1121 3454 99.

156 3468 181 3540 ξ.
198 3476 239 3523 31.
262 3474 299 3536 Cf.
315 3477 338 3536 §.
351 3488 369 3525 1.
390 3475 553 3539 Ldeusufr.
570 3473 601 3540 (9,
616 3471 646 3539 4).
667 3475 690 3535 ξ.
703 3482 724 3521 4.
740 3469 761 3518 I.
777 3472 809 3520 de
822 3475 910 3525 serait.
920 3471 953 3540 (9,
963 3473 996 3539 4).
1017 3474 1072 3526 Ins
1080 3490 1121 3538 pr.

157 3543 189 3591 D.
205 3545 237 3593 de
252 3546 335 3609 usufr.
352 3545 383 3612 (t,
399 3548 430 3607 1).
