2542 3909
402 244 460 280 carr
478 245 570 282 marm.
590 227 625 280 Π.
646 233 688 282 to.
707 233 820 283 62-64.
1024 228 1088 292 237

135 387 207 433 tuam
223 391 294 447 esse,
309 391 361 433 nec
371 373 462 432 soloas
473 376 590 449 pretium
603 373 718 444 tabulae,
728 377 833 449 poteris
842 391 893 449 per
903 377 1089 451 exceptionem

134 459 190 517 doli
210 459 271 516 mali
287 460 469 536 summoueri3
491 465 519 514 at
538 461 562 516 si
583 467 612 516 tu
628 459 784 532 possideas,
798 475 969 532 consequens
985 467 1044 531 est,
1059 467 1091 518 ut

136 544 210 600 utilis
225 544 290 600 mihi
300 545 370 604 actio
382 542 526 600 aduersum
539 551 565 599 te
577 541 634 598 dari
647 542 762 617 debeat,
780 559 834 616 quo
845 559 910 600 casu
921 545 973 600 nisi
984 543 1090 602 soluam

61 637 123 686 [162]
135 630 272 702 inpensam
289 629 425 701 picturae,
448 629 550 701 poteris
565 642 608 684 me
629 643 678 701 per
692 628 878 701 exceptionem
899 626 955 684 doli
969 626 1032 685 mali
1046 643 1089 685 re-

134 711 251 786 pellere,
267 711 361 785 utique
376 713 400 768 si
414 709 486 768 bona
501 708 554 767 fide
575 726 718 785 possessor
732 711 826 768 iueris.
854 709 925 768 illud
938 711 1022 786 palam
1036 720 1089 784 est,

135 795 209 869 quod
228 797 287 852 siue
308 803 338 852 tu
359 794 543 870 subripuisses
561 793 678 853 tabulam
697 797 757 852 siue
778 794 864 864 alius,
883 798 1004 870 conpetit
1026 797 1089 854 milri

10 931 12 950 ,
128 878 295 936 ἰιιτιίιοιία

10 955 11 966 ³
95 999 99 1002 -
198 959 245 1021 79.
272 965 302 1020 lu
324 964 381 1021 aliis
403 979 512 1038 quoque
531 961 673 1037 speciebus
691 963 820 1020 naturalis
840 964 911 1020 ratio
925 964 1089 1038 requiritur:

134 1047 250 1122 proinde
264 1050 288 1104 si
299 1063 331 1104 ex
342 1049 404 1106 uuis
416 1041 482 1123 (aut
493 1050 576 1106 olibis
586 1055 638 1105 aul
648 1041 748 1123 spicis)
760 1049 827 1103 meis
840 1049 931 1104 uicum
942 1056 989 1105 aut
1000 1048 1090 1104 oleum

134 1139 183 1188 aut
205 1131 370 1188 frumentum
393 1131 501 1203 leceris,
517 1132 672 1204 quaeritur,
696 1138 785 1188 utrum
801 1147 890 1188 meum
904 1131 942 1188 sit
955 1131 983 1187 id
997 1133 1090 1189 uiuum

134 1223 182 1272 aut
204 1215 293 1272 oleum
313 1224 359 1272 aut
385 1215 565 1284 frumentum,
593 1232 626 1271 au
652 1223 740 1278 tuum.
776 1217 842 1272 item
862 1219 885 1272 sl
905 1231 938 1272 ex
957 1233 1023 1273 auro
1043 1225 1090 1273 aut

135 1309 249 1372 argento
265 1315 325 1356 meo
342 1315 388 1359 uas
404 1299 513 1372 aliquod
524 1299 631 1370 leceris,
646 1299 693 1355 uel
704 1315 736 1356 ex
748 1297 845 1356 tabulis
858 1302 924 1356 meis
936 1315 1031 1356 nauem
1044 1308 1090 1356 aut

135 1385 276 1442 armarium
299 1393 346 1442 aut
366 1383 525 1440 subsellium
548 1381 738 1456 labricaueris,
766 1385 833 1441 item
853 1385 878 1441 si
899 1400 932 1441 ex
952 1385 1012 1440 lana
1032 1400 1090 1441 mea

135 1469 328 1526 uestimentum
350 1467 462 1538 leceris,
483 1467 529 1524 uel
549 1469 572 1523 si
595 1483 628 1524 ex
651 1469 716 1525 uino
738 1477 767 1524 et
788 1467 869 1525 melle
890 1484 950 1525 meo
973 1467 1090 1526 mulsum

136 1553 241 1618 leceris,
264 1555 323 1608 siue
337 1568 370 1610 ex
392 1550 592 1609 medicamentis
608 1553 674 1608 meis
690 1552 863 1628 emplastrum
885 1561 932 1608 aut
946 1551 1090 1625 collyrium

135 1637 241 1709 leceris,
250 1631 421 1710 (quaeritur,
434 1642 529 1694 utrum
541 1643 619 1695 tuum
628 1640 665 1694 sit
673 1639 712 1709 id,
724 1637 802 1709 quod
810 1653 850 1694 es:
859 1651 920 1694 mco
931 1633 1088 1710 effeceris)

135 1737 168 1778 an
184 1737 283 1778 meum.
313 1719 425 1788 Quidam
447 1722 583 1777 materiam
606 1728 634 1778 et
650 1721 827 1778 substantiam
841 1721 1013 1794 spectandam
1029 1736 1089 1777 esse

135 1813 248 1880 putant,
268 1805 296 1862 id
311 1813 368 1875 est,
388 1813 419 1862 ut
438 1806 514 1861 cuius
529 1806 640 1860 materia
659 1807 704 1875 sit,
719 1803 792 1861 iilius
807 1812 835 1861 et
849 1821 909 1877 res,
925 1803 999 1878 'quac
1021 1804 1091 1862 lacta

134 1890 181 1962 sit,
196 1889 321 1947 uideatur
336 1904 406 1961 esse,
421 1887 503 1960 idque
517 1891 630 1946 maxime
645 1888 746 1963 placuit
760 1888 859 1944 Sabino
875 1897 903 1944 et
917 1890 1023 1962 Cassio,
1046 1888 1090 1944 alii

135 1990 202 2031 uero
217 1977 280 2032 eius
293 1989 353 2030 rem
367 1988 426 2030 esse
440 1981 548 2047 putant,
564 1974 610 2045 qui
622 1973 726 2042 lecerit,
742 1972 824 2044 idque
839 1974 951 2028 maxime
967 1970 1089 2028 diuersae

10 2057 11 2074 ¹
40 2127 42 2134 Ι
136 2058 245 2115 scholae
259 2057 414 2114 auctoribus
430 2057 519 2112 uisum
534 2064 589 2112 est:
603 2049 607 2134 Ι
621 2055 669 2112 setl
684 2072 745 2112 eum
758 2071 876 2129 quoque,
889 2057 966 2112 euius
978 2055 1088 2112 materia
1099 2065 1140 2114 73.

136 2149 165 2200 et
189 2141 338 2199 substantia
363 2140 463 2212 luerit,
491 2139 557 2197 lurti
581 2139 712 2196 aduersus
737 2155 815 2208 eum,
844 2141 889 2213 qui
912 2138 1089 2211 subripuerit,

137 2225 235 2283 habere
251 2227 399 2295 actionem3
414 2241 465 2282 nec
479 2225 569 2280 minus
585 2223 717 2281 aduersus
729 2221 844 2280 eundem
855 2221 1054 2280 condictionem
1065 2224 1089 2280 ei

135 2318 302 2384 competere,
317 2312 384 2385 quia
395 2310 529 2368 extinctae
540 2324 595 2380 res,
610 2307 674 2365 lieet
685 2307 814 2364 uindicari
826 2321 881 2363 nou
892 2307 1010 2380 possint,
1025 2322 1090 2363 eon·

135 2395 190 2451 dici
204 2403 292 2451 tamen
306 2393 412 2452 iuribus
427 2403 455 2450 et
470 2392 628 2466 quibusdam
644 2392 703 2449 aliis
718 2390 921 2466 possessoribus
937 2399 1062 2466 possunt.

199 2472 249 2535 62.
271 2471 388 2535 ¹llecldit
403 2477 556 2552 aliquando,
572 2486 603 2533 nt
617 2479 664 2550 qui
676 2476 802 2533 domiuus
816 2477 863 2548 sil,
878 2473 1035 2532 alienandae
1049 2478 1089 2534 rei

135 2570 298 2638 potestatem
324 2576 379 2618 uon
401 2562 513 2633 babeat,
535 2569 563 2618 et
585 2563 631 2635 qui
656 2561 780 2618 dominus
800 2577 860 2618 non
875 2562 926 2631 sil,
946 2558 951 2632 Ι
970 2564 1089 2618 alienare
1100 2571 1142 2620 69.

135 2647 232 2722 possit.
264 2642 311 2706 63.
332 2645 395 2702 Nam
411 2645 501 2702 dotale
517 2645 656 2719 praedium
678 2647 790 2701 maritus
810 2646 896 2701 inuita
910 2644 1026 2702 muliere
1041 2663 1090 2720 per

136 2731 225 2808 legem
240 2731 333 2788 luliam
349 2730 509 2805 prohibetur
524 2729 651 2802 alienare,
663 2731 786 2803 quamuis
801 2731 886 2804 ipsius
901 2733 938 2786 sit
956 2729 998 2786 uel
1014 2746 1088 2786 man·

136 2817 253 2890 cipatum
275 2817 299 2874 ei
317 2815 390 2873 dotis
413 2830 492 2872 causa
514 2815 559 2871 uel
580 2816 609 2871 in
630 2816 689 2871 iure
714 2830 820 2872 sessum
847 2813 891 2871 uel
920 2823 1087 2889 usucaptum.

136 2900 211 2973 quod
232 2900 341 2975 quidem
363 2901 406 2957 ius
427 2908 518 2956 utrum
538 2898 571 2954 ad
585 2898 678 2957 italica
693 2907 796 2955 tantum
811 2898 934 2972 praedia,
956 2916 990 2955 au
1009 2902 1088 2956 etiam

136 2983 170 3039 ad
184 2984 359 3058 prouincialia
374 2985 516 3057 pertineat,
539 2981 685 3041 dubitatur.
724 2978 775 3041 64.
798 2983 834 3038 Ex
849 2982 958 3039 diuerso
975 2992 1089 3057 agnatus

209 3094 358 3204 §We
376 3137 415 3198 ἐξ.
435 3145 530 3188 62-64.
554 3150 615 3185 vero
636 3137 693 3185 loco
713 3135 748 3197 cf.
768 3141 819 3184 not.
838 3140 898 3183 onte
916 3134 940 3195 §-
959 3143 993 3186 ιι.
1009 3095 1036 3183 et
1054 3135 1090 3184 ad

135 3209 175 3271 §i-
190 3219 286 3260 so-m.
301 3209 325 3269 9.
340 3217 361 3257 a.
380 3206 402 3255 1.
418 3204 486 3270 quib.
502 3207 578 3256 alien.
594 3206 638 3255 tic.
652 3203 684 3271 (s,
698 3203 730 3272 s).

134 3315 348 3324 ———-—-

206 3364 232 3436 ξ.
248 3370 289 3418 to.
311 3367 349 3431 cf.
360 3366 392 3415 L.
407 3377 427 3417 a.
441 3368 464 3430 a.
475 3378 495 3418 a.
511 3365 542 3415 D.
557 3367 595 3415 tit.
611 3365 654 3415 cit.
669 3366 737 3427 §.aa
756 3363 828 3414 Lais.
839 3366 882 3414 cit.
892 3364 962 3428 Epo.
973 3376 993 3424 e,
1004 3377 1023 3416 1.
1034 3366 1056 3428 ς.
1068 3377 1087 3418 5.

134 3435 160 3507 ἓ.
176 3442 218 3490 62.
236 3461 268 3480 =
282 3454 323 3502 pr.
343 3437 364 3486 I.
384 3436 451 3502 quib.
472 3439 550 3487 alien.
570 3439 612 3486 iic.
631 3434 669 3499 (i,
687 3434 718 3501 8).
786 3431 812 3504 ξ
828 3438 869 3487 63.
885 3451 929 3499 pr.
945 3435 966 3484 I.
982 3438 1025 3486 cit.
1050 3435 1088 3498 Cf.

136 3509 212 3558 Paul.
228 3520 249 3566 ι,
264 3521 289 3560 21
304 3508 334 3557 B.
354 3510 377 3570 ξ.
393 3519 413 3557 2.
464 3503 488 3575 ξ.
500 3511 542 3558 64.
564 3507 601 3569 Cf.
618 3507 670 3556 cie.
686 3504 717 3555 de
732 3507 825 3556 inveni.
841 3517 862 3562 2,
876 3517 909 3557 50.
925 3508 962 3554 ad
974 3506 1088 3555 Hereum.

134 3591 204 3637 1,1s.
229 3577 283 3642 Uip.
304 3591 341 3637 rr,
357 3591 377 3628 e.
397 3578 428 3626 L.
448 3590 481 3630 aa.
501 3579 523 3640 ς.
538 3590 560 3629 c
579 3578 611 3626 D.
631 3577 662 3626 de
679 3577 745 3639 furt.
760 3589 794 3634 aa,
809 3588 829 3626 2.
850 3603 883 3612 -
901 3578 923 3638 ξ.
940 3589 959 3627 1.
983 3576 1088 3643 Lquid.
