2542 3909
166 181 206 239 32
503 188 533 222 rs.
551 186 662 221 uvuusvs
681 185 781 221 cruere.

166 325 246 389 atque
261 307 433 385 inpietatum¹
450 311 524 368 nulla
540 312 657 384 expiatio
673 319 731 378 est;
751 313 842 383 itaque
860 325 963 382 peenas
977 309 1059 366 luunt
1073 326 1130 378 non

166 410 218 455 tam
233 396 349 466 indictis,
370 412 439 469 quae
454 395 588 468 quendam
602 411 736 468 nusquam
750 400 838 465 eraut,
861 392 942 450 hodie
956 393 1131 450 multifariam

166 480 239 537 nulla
260 488 335 549 sunt,
355 478 400 535 ubi
420 487 495 551 suut,
517 488 606 535 tamen
626 495 756 552 persaepe
770 478 839 533 iaisa
852 486 927 549 sunt,
951 474 1012 550 (set)
1034 485 1065 532 ut
1080 494 1131 534 eos

167 566 270 638 agitent
284 566 505 636 insectenturque
522 564 621 633 suriae,
645 580 700 619 non
715 562 871 618 ardentibus
891 561 995 632 taedis,
1015 562 1086 617 aient
1099 564 1130 617 in

58 695 60 699 .
166 647 274 717 tabuiis,
295 647 342 703 sed
364 663 466 721 angore
484 648 662 704 eonscientiae
684 646 840 719 fraudisque
855 647 985 704 erueistu.
1017 645 1132 718 quodsi

166 732 289 787 homines
305 731 337 787 ah
352 733 450 787 iniuria
462 748 559 805 poena,
575 748 632 787 non
646 739 741 787 natura
755 746 847 787 areare
859 729 982 798 deberet,
996 746 1131 803 quaenam

168 814 322 871 sollicitudo
339 824 450 872 uexaret
463 817 560 888 impios
576 814 683 870 sublato
699 814 893 888 suppliciorum
904 814 997 870 metui
1013 830 1129 886 quorum

167 906 256 954 tamen
276 916 355 955 neme
376 909 429 956 tam
451 900 536 955 audax
555 915 682 974 umquam
702 898 764 965 init,
785 900 850 971 quin
865 904 912 952 aut
927 896 1056 955 abnueret
1071 914 1085 953 a
1100 914 1130 953 se

167 984 338 1039 commissum
354 1000 414 1040 esse
429 985 546 1055 facinus,
568 992 613 1038 aut
633 984 698 1037 iusti
713 984 754 1037 sui
769 982 872 1037 doloris
888 998 993 1036 eausam
1014 981 1130 1055 aliquam

169 1065 285 1140 fingeret
307 1068 546 1141 defensionemque
566 1066 693 1123 facinoris
709 1083 723 1121 a
739 1074 849 1121 naturae
864 1067 921 1140 iure
937 1064 1028 1137 aliquo
1045 1083 1130 1137 quae·

166 1160 254 1208 reret:
270 1168 339 1225 quae
355 1150 379 1207 si
389 1151 527 1225 appellare
538 1150 638 1207 audent
648 1151 733 1223 impii,
750 1166 804 1223 quo
816 1148 924 1205 taudem
933 1148 1026 1203 studia
1038 1149 1131 1205 enien-

167 1242 213 1289 tur
227 1252 242 1289 a
257 1234 352 1290 banis?
373 1234 447 1308 quad
462 1237 485 1289 si
499 1250 599 1307 paena,
615 1237 640 1291 si
653 1244 742 1290 metus
756 1233 883 1306 supplici,
903 1248 959 1288 uon
974 1236 1033 1306 ipsa
1046 1236 1133 1306 turpi·

168 1318 234 1373 tudo
256 1318 376 1375 deterret
396 1319 428 1375 ah
450 1319 579 1374 iniuriosa
599 1318 803 1391 incinerasaque
817 1320 888 1387 uite,
910 1333 989 1375 neure
1004 1325 1047 1372 est
1060 1319 1131 1373 iniu-

169 1410 239 1474 stus,
255 1410 302 1458 aut
316 1404 418 1459 innanti
432 1404 524 1475 potius
539 1400 652 1457 habendi
666 1412 732 1457 sunt
749 1401 866 1474 inprobi.
897 1398 938 1458 db
959 1408 1018 1457 tum
1040 1409 1131 1457 autem

169 1488 214 1559 qui
236 1503 292 1543 non
306 1488 366 1560 ipso
382 1488 499 1543 honesto
515 1502 670 1560 monemur,
687 1494 718 1541 ut
731 1484 798 1540 boui
811 1487 865 1541 uiri
878 1487 979 1555 simus,
994 1485 1044 1540 sed
1058 1486 1132 1541 utili-

169 1578 223 1625 tate
245 1570 335 1643 aliqua
356 1577 437 1644 atque
459 1569 560 1641 fructu,
583 1569 672 1625 eallidi
694 1585 797 1640 snmus,
820 1568 968 1625 anabaud:
989 1570 1132 1642 namquid

168 1652 286 1710 iacietis
302 1655 383 1710 home
399 1652 575 1725 intenebris,
597 1656 644 1727 qui
663 1653 729 1708 nihii
750 1654 827 1708 timet
840 1654 894 1708 nisi
908 1658 1005 1709 testem
1021 1662 1049 1709 et
1062 1654 1133 1709 iudi·

168 1738 241 1793 eem?
257 1737 320 1811 quid
335 1740 362 1793 in
378 1737 486 1793 deserto
502 1754 557 1810 quo
571 1736 632 1793 daeo
648 1746 759 1818 nactus,¹
769 1754 849 1809 quem
859 1731 971 1793 ’muitn²
987 1754 1052 1793 auro
1068 1755 1132 1811 spu·

167 1821 233 1877 liare
248 1822 346 1894 possit,
358 1821 513 1877 inbecillum
527 1829 608 1893 atque
625 1821 732 1877 solumi
747 1829 842 1876 nester
852 1820 963 1895 quidem
979 1821 1024 1877 bie
1037 1830 1133 1879 natura

167 1907 257 1963 iustus
273 1906 315 1961 uir
328 1922 360 1961 ae
373 1904 461 1961 banus
477 1907 557 1961 etiam
571 1904 765 1978 condamnetur,
782 1904 900 1972 iuuabit,
919 1907 948 1961 in
963 1906 1033 1961 uiam
1046 1906 1132 1962 dedu·

169 1996 225 2053 eet,
244 1991 268 2045 is
283 2004 359 2060 uero,
375 1990 422 2063 qui
432 1989 497 2045 nihii
516 1988 627 2045 alterius
643 2006 722 2045 eausa
740 1989 804 2045 ierit
818 1998 847 2045 et
861 1991 975 2045 metitur.
985 1991 1043 2045 snis
1058 2007 1132 2047 eem-

168 2073 255 2129 medis
271 2075 368 2143 emnia,
385 2072 493 2139 uidetis,
509 2073 605 2144 eredo,
622 2073 687 2146 quid
702 2075 738 2129 sit
752 2082 876 2129 aeturus:
893 2074 966 2147 qued
980 2073 1008 2129 si
1022 2074 1132 2147 negabit

170 2174 199 2213 se
215 2157 253 2214 ilii
269 2158 351 2213 uitam
367 2166 523 2231 erepturum
538 2165 566 2213 et
581 2173 675 2213 aurum
691 2157 852 2229 ablaturum,
868 2174 1014 2231 numquam
1025 2158 1062 2214 eb
1073 2174 1133 2215 eam

170 2258 276 2299 eausam
287 2242 408 2315 negabit,
422 2241 533 2315 quodid
545 2249 639 2297 natura
655 2249 734 2315 turpe
745 2241 854 2312 iudicet,
870 2242 920 2297 sed
931 2242 1004 2314 quad
1017 2250 1132 2314 metuat,

169 2343 203 2383 ne
218 2334 334 2398 emanet,
349 2326 376 2381 id
392 2334 442 2395 est,
465 2342 499 2381 ne
521 2324 620 2380 malum
641 2324 745 2381 habeat.
775 2343 792 2381 u
811 2343 869 2383 rem
889 2325 1009 2398 dignam,
1029 2327 1058 2379 in
1078 2342 1133 2397 qua

169 2427 225 2466 nun
240 2409 320 2465 modo
337 2408 420 2479 ducti,
441 2408 489 2464 sed
505 2410 584 2464 etiam
600 2419 721 2483 agrestes
737 2410 905 2466 erubescant.
934 2408 988 2464 XV.
1009 2403 1058 2467 42
1079 2409 1133 2467 iam

171 2510 235 2549 uero
250 2492 318 2548 illud
333 2492 533 2562 stultissimum,
555 2495 707 2549 existimare
722 2496 810 2550 emnia
824 2497 895 2550 iusta
909 2510 981 2565 esse,
997 2510 1066 2567 quae
1081 2495 1132 2550 sita

170 2580 225 2635 sint
238 2578 266 2632 in
281 2576 445 2651 pupularum
465 2578 597 2633 institutis
619 2587 666 2635 aut
680 2578 795 2652 legibus.
827 2580 951 2651 etiamne,
972 2580 996 2633 si
1011 2595 1080 2651 quae
1093 2579 1133 2635 ie·

170 2678 218 2737 ges
239 2662 294 2716 sint
313 2662 506 2734 tyrannorum?
528 2662 551 2717 si
576 2664 689 2736 triginta
713 2662 753 2718 ilii
775 2664 886 2719 Athenis
905 2664 982 2737 leges
1001 2665 1132 2736 inponere

170 2745 323 2801 noluissent
342 2752 388 2800 aut
408 2746 431 2801 si
454 2762 547 2803 omnes
562 2747 739 2805 Athenienses
761 2746 963 2803 delectarentur
984 2749 1132 2821 tyrannicis

169 2828 287 2902 legibus,
298 2845 362 2885 num
374 2828 473 2887 ideireo
486 2847 533 2887 eae
545 2831 620 2903 leges
631 2833 718 2887 iustae
728 2830 910 2888 haberentur?
930 2832 1027 2902 nihilo,
1039 2832 1131 2901 erede,

170 2915 256 2986 magis
270 2913 330 2983 illa,
346 2930 425 2987 quam
440 2916 559 2971 interrex
574 2923 668 2973 noster
682 2915 760 2986 tulit,
776 2924 808 2971 ut
821 2915 939 2971 dictatur
954 2932 1033 2989 quem
1048 2916 1133 2972 uellet

171 2998 270 3053 ciuium
286 2994 497 3073 (indemnatum)
512 3008 557 3055 aut
571 2999 670 3057 indicta
681 3016 760 3055 eausa
771 3001 871 3072 inpune
884 3008 979 3073 posset
994 3001 1132 3057 occidere:

170 3089 212 3137 est
227 3083 297 3138 enim
312 3098 396 3138 unum
410 3085 463 3155 ius,
480 3100 533 3157 qua
552 3082 677 3139 deuineta
692 3092 734 3139 est
742 3084 879 3139 hominum
891 3086 1008 3141 sacietas
1020 3093 1048 3141 et
1058 3084 1132 3158 quod

169 3164 212 3222 lex
234 3168 375 3223 coustituit
396 3184 464 3237 una;
488 3183 555 3239 quae
578 3166 621 3222 ier
643 3176 686 3223 est
706 3176 779 3223 reeta
800 3169 869 3224 ratio
884 3169 1034 3241 imperandi
1050 3177 1132 3242 atque

169 3249 445 3326 prohibendiz‘qnam
468 3252 514 3323 qui
535 3252 655 3323 ignorat,
676 3254 700 3307 is
722 3258 765 3307 est
786 3252 917 3323 iniustus,
941 3254 1000 3309 siue
1022 3261 1066 3309 est
1086 3254 1132 3310 illa

169 3335 270 3407 scripta
284 3335 389 3407 uspiam
403 3336 461 3390 siue
476 3350 617 3407 nusquam.
645 3335 719 3409 quod
731 3336 754 3391 sd
765 3337 870 3392 iustitia
882 3343 924 3391 est
936 3334 1131 3411 obtemperatio

168 3454 371 3467 —n-——n-—u—u-n

243 3511 595 3580 ²)iadeoaimpietatumed.V.
617 3512 1131 3589 &legendarumadhaesit(uid.aeq.).
