2542 3909
561 146 648 182 usius.
1023 126 1087 190 163

120 268 449 392 {edmoteomileeliiiiliis
460 268 641 388 {waleet}
659 268 708 335 qui
726 268 847 321 eundem
864 271 941 324 certe
958 271 1088 326 manibus

157 353 251 400 nere,
271 353 304 389 an
484 352 561 389 rver
639 353 677 390 ur.

199 403 256 456 Tot
273 418 340 457 vero
357 403 500 469 tantisque
518 401 583 456 libri
600 403 753 456 virtutibus
775 403 860 456 etiarn
884 419 1025 459 successus
1047 423 1089 460 re·

123 471 255 592 εἰροηᾱὶὺ.
296 469 350 522 Per
374 469 448 522 huno
476 469 561 522 Gaius
587 470 667 537 quasi
693 472 862 538 perpetuum
888 471 1090 526 initiandorum

151 537 284 592 hemidos
311 536 487 590 sacerdotum
513 554 613 590 munus
640 537 692 590 ude
713 538 758 590 tus
784 540 827 590 est
853 539 894 598 et,
921 539 988 592 dum
1011 542 1091 595 stetit

123 604 282 674 imperium
300 603 466 680 Romanum,
485 605 610 657 retinuit.
646 555 729 680 Mulli
752 605 867 657 maximi
890 606 1011 660 nominis
1030 609 1089 662 icti

125 687 309 752 quorumque
332 671 499 750 quibusdam
523 670 621 738 Gaius,
650 672 674 725 si
691 687 781 750 ipsam
804 673 949 749 seientiam
971 677 1089 744 spectes,

74 788 78 797 ·
125 753 362 883 litteus?
376 739 698 882 diripuerant
714 740 820 859 ult
840 739 986 875 viriati
1002 743 1090 875 lla?

127 891 205 944 quae
224 873 260 926 ad
277 889 321 925 rus
339 872 421 926 civile
439 875 622 942 pertinerent,
640 873 791 940 petierunt
851 875 934 927 uente
952 891 1020 930 vero
1039 878 1090 929 im·

126 944 212 1010 perio
238 943 298 993 tam
325 939 512 993 occidentales
540 938 681 1008 Visigothi
706 940 735 991 in
761 939 901 992 breviario
928 941 1089 996 Alarioiano

128 1009 249 1074 Gaium,
275 1008 308 1060 ut
332 1007 405 1060 ferre
433 1023 497 1060 eum
519 1009 663 1076 poterant,
691 1022 785 1058 rursus
806 1007 907 1059 scholis
929 1009 985 1061 suis
1010 1026 1090 1076 prue-

127 1077 274 1140 feoerurit,
302 1090 389 1141 quam
411 1073 439 1125 in
465 1074 572 1128 oriente
594 1074 777 1138 Iustinianus,
805 1073 869 1126 dum
895 1090 982 1128 novas
1008 1080 1092 1145 parat

128 1142 340 1206 Institutiones,
363 1141 485 1194 maxime
509 1141 630 1194 Gaianas
656 1157 719 1193 oum
742 1140 825 1193 rebus
868 1141 1032 1209 uotidianis,
1056 1159 1090 1197 ex

128 1211 237 1279 quibus
260 1209 366 1276 etipse
388 1209 431 1260 ius
449 1209 600 1273 didicerat,
624 1224 688 1262 suas
704 1209 785 1272 iecit,
807 1158 866 1261 uni

130 1278 282 1332 ‘nostrum’
308 1275 452 1344 appellare
474 1278 608 1344 (prooem.
631 1276 651 1332 I.
670 1281 693 1340 ξ.
711 1281 735 1328 6.
753 1276 777 1334 ἕ.
795 1283 818 1332 ὁ,
837 1275 858 1329 Ι.
881 1276 916 1329 de
934 1278 1012 1346 publ.
1031 1279 1089 1336 iud,

128 1345 323 1408 4,18.eonst.
348 1343 466 1397 Omnem
489 1344 558 1410 reip.
576 1348 599 1408 ξ,
619 1346 653 1408 1,)
675 1359 741 1396 sane
763 1343 865 1396 mirum
886 1347 1010 1399 nonest.
1045 1346 1089 1400 Ita

129 1427 200 1466 vero
219 1409 315 1476 Gaius,
333 1411 389 1463 alio
407 1410 475 1463 lieet
492 1410 542 1463 sub
555 1410 669 1464 nomine
681 1414 711 1463 et
722 1410 905 1463 multifariam
918 1411 1091 1467 deformatus

130 1479 219 1533 totius
238 1477 349 1546 generis
366 1476 480 1530 humani
498 1478 633 1554 magister
649 1478 679 1530 in
691 1477 752 1531 iure
765 1478 843 1531 eivili
854 1477 944 1531 iaetus
956 1481 1005 1532 est.
1036 1480 1091 1534 Sed

131 1547 206 1600 siout
228 1561 357 1614 gemmae
380 1545 524 1613 ingenitus
544 1545 618 1611 ignis
639 1561 691 1599 nee
716 1545 843 1613 extingui
868 1545 953 1614 longo
977 1547 1032 1600 situ
1059 1563 1091 1600 ao

131 1614 250 1683 pulvere
269 1627 321 1666 neo
338 1614 476 1688 perpetuo
494 1627 511 1663 a
529 1613 651 1680 cognata
666 1612 730 1666 luce
747 1612 907 1689 praepediri
924 1615 1032 1682 potest,
1050 1616 1092 1668 ita

130 1681 232 1734 nostra
249 1680 344 1732 aetate
362 1681 447 1732 etiam
466 1681 604 1747 genuinae
623 1677 689 1732 Gaii
706 1680 898 1732 Institutiones
911 1697 926 1734 e
938 1683 1091 1736 multorum

132 1745 1091 1804 saeculorumoblivioneresuscitataedenuoeffioaoissimumaorioris

133 1814 219 1868 studii
231 1830 263 1867 ao
273 1813 420 1881 penitioris
430 1813 498 1866 iuris
510 1814 599 1865 civilis
610 1813 778 1932 cognitionis
787 1813 956 1868 fermentum
966 1833 1090 1871 evasere.

201 1880 266 1935 Gaii
289 1880 482 1933 institutiones
504 1882 586 1934 unico
608 1881 703 1934 coice
726 1879 880 1934 Veronensi
906 1883 1090 1951 palimpsesto

133 1951 260 2002 servatas
283 1963 356 2013 esse,
384 1947 521 2001 Niebuhri
543 1948 578 2000 ab
601 1946 752 2000 Hauboldo
778 1948 916 2001 admoniti
941 1953 1043 2004 merito
1066 1967 1091 2004 a.

132 2013 332 2070 MDCCCXVI.
351 2015 467 2068 invento
485 2016 515 2067 et
532 2031 549 2068 a
567 2013 740 2080 Goesoheno,
758 2018 901 2083 assumpto
919 2018 994 2070 socio
1014 2017 1091 2071 Holl-

133 2083 237 2152 wegio,
266 2096 339 2134 anno
366 2082 532 2150 insequente
563 2097 707 2149 nunquam
734 2081 802 2134 satis
827 2081 969 2135 laudando
999 2085 1091 2137 studio

133 2149 316 2228 transcripto,
336 2149 364 2201 in
382 2149 484 2218 vulgus
501 2150 599 2202 notum
618 2150 669 2200 est.
704 2146 746 2200 De
769 2149 862 2200 aetate
884 2149 967 2203 huius
989 2150 1092 2204 codicis

135 2218 145 2269 i
167 2234 196 2271 se
220 2215 380 2269 Niebuhrus
404 2219 434 2269 et
454 2217 555 2285 postea
576 2215 632 2268 Uir.
651 2214 777 2282 Koppius
795 2214 937 2280 (Zeitsohr.
960 2216 979 2273 f.
997 2219 1091 2296 gesoh.

161 2284 206 2338 W.
224 2284 273 2337 IV.
292 2285 377 2350 sia),
399 2299 454 2336 non
474 2283 564 2336 videri
586 2299 650 2336 eum
672 2283 738 2350 post
754 2281 940 2335 iustinianum
958 2285 1092 2352 sumptum

136 2369 205 2413 esse,
222 2350 433 2414 iudicaverunt,
477 2351 532 2404 uod
550 2353 583 2404 ut
599 2351 739 2404 rationem
756 2349 855 2414 habet,
872 2352 914 2403 ita
930 2352 1027 2405 tamen
1044 2353 1092 2404 ad-

135 2418 260 2473 dendum
279 2419 328 2479 est,
346 2433 398 2470 neo
415 2367 505 2471 multo
523 2419 589 2472 ante
607 2419 743 2486 seriptum
760 2417 868 2495 viderip
878 2417 908 2470 id
927 2419 1002 2472 enim
1019 2419 1092 2490 glos-

135 2502 213 2540 sema
231 2485 337 2538 evincit
354 2484 445 2538 adhue
463 2499 519 2538 non
537 2485 743 2552 obseruatum,¹
767 2485 841 2552 quod
860 2486 973 2554 urepsit
990 2493 1014 2551 2,
1035 2492 1091 2541 195.

136 2554 273 2624 ‘legatum
298 2551 351 2605 sibi
371 2567 430 2606 esse
449 2551 617 2617 dimissum'3
641 2567 707 2605 nam
725 2551 853 2605 ‘dimitti'
896 2569 927 2607 ro
949 2553 1091 2622 ‘relinqui’

134 2621 262 2690 legatum
279 2620 326 2673 vel
344 2620 465 2688 ‘legari²,
489 2621 565 2687 quod
588 2621 621 2673 ut
638 2619 779 2673 Aleander
800 2620 830 2672 et
848 2570 954 2674 siluit·
976 2623 1039 2690 gius
1057 2622 1093 2675 ad

136 2687 198 2746 (iai.
219 2686 288 2756 epit.
305 2693 333 2750 2,
353 2692 377 2739 7.
400 2694 423 2750 §-
441 2691 467 2740 8.
491 2689 520 2740 et
538 2695 566 2752 1,
590 2693 613 2740 1.
633 2692 656 2752 §-
673 2693 699 2740 4.
723 2688 868 2752 notarunt,
894 2687 924 2740 in
951 2688 1092 2742 breviario

135 2754 296 2808 Alarioiano
309 2769 355 2808 sae
377 2754 471 2808 issime
483 2754 596 2823 legitur,
616 2756 681 2808 anie
693 2754 778 2808 finem
796 2754 900 2808 saeculi
918 2756 1018 2822 quinti,
1035 2771 1092 2824 quo

135 2824 244 2876 tantam
263 2824 343 2875 vetus
356 2771 498 2874 latinitas
523 2822 640 2898 ruinam·
655 2837 739 2890 passa
760 2823 814 2886 est,
837 2822 949 2877 sinite
965 2824 994 2875 in
1012 2840 1092 2877 usum

136 2889 259 2954 venerit,
282 2891 314 2941 ui
331 2903 382 2956 pro
400 2889 570 2957 glossemate
588 2890 770 2951 scriberetur;
795 2888 845 2942 illo
867 2905 935 2943 vero
956 2890 1018 2944 loeo
1035 2891 1092 2944 iam

87 2959 165 3018 [euin
189 2971 222 3009 eo
245 2955 341 3010 codiee
364 2955 448 3009 fuisse
471 2955 595 3022 videtur,
618 2955 692 3010 unde
714 2957 809 3009 noster
831 2957 1014 3024 transcriptus
1040 2962 1091 3011 est.

867 1223 882 1262 e
906 1225 970 1263 eum
989 1209 1091 1264 Gaium

159 3149 163 3156 -
208 3113 229 3182 ¹)
243 3116 309 3165 Nulla
321 3123 403 3165 contra
414 3117 505 3165 ratione
515 3115 672 3177 Boeckingius
683 3115 711 3164 ad
726 3127 748 3177 e,
764 3128 810 3167 198.
820 3124 904 3166 notans
916 3113 983 3183 [edd.
993 3127 1013 3166 s.
1024 3123 1048 3163 et
1056 3113 1091 3181 4.]

136 3187 251 3248 glossema
267 3187 300 3236 ibi
316 3187 494 3251 deprehendere
510 3187 556 3235 sibi
569 3186 635 3235 visus
651 3194 700 3248 est,
720 3194 831 3250 respectu
846 3186 872 3234 L.
888 3198 921 3236 so.
938 3186 963 3234 C.
979 3187 1008 3234 de
1023 3186 1092 3234 iuriis

136 3257 166 3324 (e,
180 3257 202 3325 s)
223 3259 365 3308 conlectum.
400 3255 536 3307 ‘Probatum
556 3254 601 3305 est’
623 3272 653 3306 ne
672 3264 751 3323 potest
765 3259 861 3320 quidem
880 3258 944 3306 alind
958 3256 1092 3318 significare

136 3335 203 3393 atque
219 3330 282 3394 quod
298 3335 354 3393 post
368 3329 455 3378 dieitur
472 3325 624 3392 ‘responsum
646 3337 670 3378 et
683 3325 833 3378 indicatum’.
857 3329 915 3377 Aliis
930 3343 987 3377 sane
1001 3327 1093 3388 glosse—
1128 3394 1131 3398 .

135 3402 202 3450 matis
223 3401 366 3450 Veronensis
386 3401 459 3449 codex
475 3399 620 3448 deformatus
641 3409 689 3461 est,
704 3398 931 3462 scurrilibusque
946 3399 975 3448 ad
990 3405 1094 3458 tenpus,

136 3485 179 3535 qno
193 3474 298 3537 scriptos
314 3472 354 3534 sit,
370 3470 529 3519 definiendum
544 3484 590 3518 non
606 3472 701 3522 iaciunt

825 3558 879 3607 11*
