2542 3909
176 204 240 270 500
462 224 529 261 mnu
546 223 642 260 earnm
660 223 731 260 onur.
750 207 797 261 III.
816 210 856 260 6.'

173 355 237 410 dum
253 363 342 410 totum
357 348 503 409 debetur:¹
519 353 669 424 dimidium,
684 357 707 409 si
721 370 770 427 per
785 353 994 411 uindicationem
1009 354 1130 428 legatum

174 431 245 506 sit;²
261 446 358 506 totum,
374 439 397 492 si
412 453 461 510 per
475 439 683 494 damnationem.

491 516 532 599 [3.
556 522 682 579 Consule.
700 521 729 593 6,
745 515 807 598 9.]3

236 600 266 661 4.
289 598 447 660 ⁴Gonrmuni
462 622 545 663 seruo
560 621 621 662 eum
635 604 762 662 libertate
783 614 810 663 ct
829 608 888 662 sine
903 605 1028 662 libertate
1043 605 1131 678 legari

174 697 275 763 potest,
293 696 437 763 totumque
452 689 571 764 legatum
582 690 657 744 socio
668 692 806 746 testatoris
818 691 975 762 acquiritur.
1004 686 1032 746 d.
1049 683 1130 744 ⁶Post

174 781 289 830 mortem
305 773 412 830 heredis
428 773 514 846 legari
530 789 585 828 non
595 781 697 845 potest,
713 775 773 845 quia
786 773 852 830 nihii
864 774 897 828 ab
909 773 1009 829 herede
1023 772 1129 829 heredis

174 859 291 930 relinqui
313 866 414 930 potest.
464 852 492 913 6.
523 849 570 912 “in
594 858 689 912 mortio
713 865 819 931 tempus
841 858 941 914 'tamen
963 859 1023 912 stuc
1046 873 1129 930 quum

175 943 254 998 heres
270 934 404 1009 decedet,⁷
420 940 510 1015 legata
521 939 639 998 conferri
655 949 780 1013 possunt,
794 942 846 997 iroc
860 940 957 996 modo:
974 955 1067 998 nvoro
1084 956 1130 996 rr·

174 1041 237 1089 nro.
262 1040 324 1083 ovu
346 1019 496 1097 ¹(nnnns)⁸
518 1039 690 1095 nonturno,
711 1039 755 1082 no
770 1040 853 1083 nano
869 1032 915 1080 aut
929 1038 1031 1082 annno
1047 1039 1130 1082 nnvs

174 1125 257 1167 naen
279 1124 403 1166 nonnas
426 1124 516 1168 asro.
565 1103 591 1163 7.
613 1100 684 1163 ”Per
707 1108 913 1164 uindicationem
935 1107 1055 1182 legatum
1078 1109 1131 1163 etsi

175 1193 294 1249 nondum
310 1194 481 1249 constituerit
496 1193 644 1265 legatarius
659 1190 691 1247 ad
706 1207 736 1246 se
751 1194 902 1264 pertinere,
917 1198 999 1264 etque
1014 1193 1051 1246 ita
1067 1199 1131 1264 post

174 1286 280 1350 apertas
296 1269 432 1332 tabulas¹⁰
446 1284 508 1332 ante
523 1275 620 1331 aditam
635 1275 811 1332 hereditatem
826 1275 984 1346 decesserit,
1000 1274 1032 1330 ad
1049 1275 1128 1330 irere-
1141 1291 1202 1338 [aot]

174 1362 235 1416 dem
250 1377 329 1416 suum
345 1361 510 1416 transmittit.

370 1438 413 1520 [L.
432 1443 481 1502 19.
504 1442 540 1498 1).
556 1444 592 1498 de
605 1450 664 1515 opt.
678 1445 775 1516 leonio
792 1438 856 1516 (33,
872 1433 929 1518 5).]

239 1526 268 1584 8.
295 1521 355 1582 1¹Si
370 1544 414 1583 res
430 1525 549 1599 obligata
563 1526 707 1595 creditori,
730 1528 807 1582 ouius
823 1541 929 1581 eausam
945 1533 1061 1581 testator
1075 1541 1132 1582 non

175 1613 321 1685 ignorauit,
338 1625 387 1683 per
400 1610 596 1666 damnationem
611 1609 700 1683 legata
715 1611 767 1680 sit,
791 1609 867 1666 tuitio
884 1609 916 1665 ad
932 1609 1038 1665 heredis
1054 1609 1132 1666 solii·

181 1811 184 1815 ·
249 1795 269 1862 ¹)
285 1795 380 1846 Deberi
394 1798 469 1844 etium
483 1795 515 1844 de
525 1795 557 1845 do
568 1797 623 1860 leyo
634 1797 719 1860 legato
734 1803 803 1845 recte
813 1796 919 1845 dicitur.
958 1792 978 1859 ¹)
996 1793 1048 1844 Nec
1062 1793 1132 1846 sato

177 1869 327 1920 Neroniano
341 1869 426 1916 attera
435 1880 503 1929 paro
518 1867 693 1928 confirmatur,
704 1867 773 1930 quod
781 1868 863 1916 iocum
873 1865 955 1923 dabat,
967 1864 1009 1914 ubi
1019 1866 1133 1930 leuatum

176 1942 207 1992 ab
221 1939 299 1990 uerba
314 1940 396 1987 minue
410 1943 470 1986 rata
484 1952 535 1986 nou
549 1939 633 1990 ualet.-
647 1936 695 1986 doc
709 1951 770 1986 uero
780 1938 854 1988 ualet.
908 1932 928 2000 8)
944 1935 1085 1985 Posidium
1094 1938 1132 1986 le-

173 2014 231 2077 qati
244 2011 372 2061 cedentem
386 2009 446 2058 iicet
460 2009 570 2072 denatum
583 2007 619 2056 ad
627 2007 746 2056 heredem
755 2008 953 2064 transmittatur,
968 2013 1050 2055 tamen
1060 2009 1132 2056 actio

175 2081 210 2147 (ai
223 2089 247 2131 et
261 2081 317 2130 dica
331 2077 453 2144 uenerit),
468 2093 533 2142 quae
548 2078 668 2128 tneioata
683 2092 734 2127 non
752 2084 801 2135 eet,
822 2091 872 2126 non
887 2078 1083 2135 transmittitur,
1103 2085 1133 2126 ut

172 2153 278 2215 fructus
296 2165 394 2215 quoque
412 2149 504 2198 heredi
521 2147 675 2206 debeantur,
694 2148 755 2210 quia
774 2147 895 2197 inctoua
913 2147 1010 2196 demum
1028 2149 1132 2196 actione

176 2232 259 2273 utrum
269 2222 404 2272 uindicare
414 2221 558 2285 legatarius
567 2235 600 2266 an
611 2218 749 2267 condicere
756 2219 874 2278 uetuerit,
882 2217 1027 2266 diiudicari
1037 2225 1132 2280 potest.

176 2294 207 2342 L.
223 2305 256 2344 te.
276 2294 299 2354 §-
315 2303 335 2342 a.
354 2291 386 2338 D.
402 2290 433 2339 dc
448 2292 496 2354 leq.
511 2301 532 2339 a.
570 2289 614 2336 Ad
632 2290 742 2353 leuatum
757 2303 807 2351 per
826 2287 1023 2337 vindicationem
1048 2289 1133 2352 iyitur

177 2364 242 2413 daec
254 2363 381 2412 sententia
396 2361 506 2409 mxime
518 2359 659 2421 reserenda
673 2365 719 2416 eat,
734 2358 803 2421 quod
815 2372 850 2407 ea·
860 2359 1072 2420 interpretatione
1081 2357 1131 2407 30.

178 2433 322 2483 Neroniani
339 2434 416 2480 etiam
432 2445 481 2492 per
500 2429 687 2479 condictionem
702 2430 758 2491 peti
771 2435 884 2492 poterat.
915 2428 1030 2478 Ceterum
1049 2430 1134 2492 iprum

176 2506 287 2567 leuatum
297 2503 336 2550 uei
347 2516 397 2563 per
407 2501 594 2548 damnationem
605 2501 674 2548 sicut
680 2500 902 2561 fideicommissum
911 2499 987 2548 etiam
997 2500 1134 2563 inaurandi

176 2573 280 2636 acquiri
294 2573 400 2634 ideoque
411 2576 472 2633 poet
480 2569 546 2618 diem
556 2569 685 2618 cedentem
695 2569 730 2617 ad
739 2569 857 2619 deredem
867 2571 1007 2618 munornitti
1015 2568 1133 2618 dubitari

177 2658 228 2692 non
243 2642 323 2693 debet.
343 2640 374 2689 L.
391 2652 424 2692 16.
444 2641 467 2701 ἓ.
483 2652 502 2690 1.
522 2639 554 2687 D.
575 2641 619 2702 qui
638 2647 733 2689 tentam.
754 2636 803 2704 (28,
821 2638 851 2704 1).
876 2639 908 2688 1..
924 2641 969 2688 ult.
987 2639 1132 2704 equando

177 2714 234 2763 diea
248 2715 296 2777 leq.
312 2711 343 2774 (o,
358 2709 402 2773 5³).
467 2706 488 2773 ⁴)
505 2709 543 2773 Cf.
562 2708 617 2772 Uip.
633 2722 658 2768 t,
673 2721 706 2760 18.
726 2720 760 2768 21,
775 2721 809 2760 1ο.
828 2709 860 2758 1..
875 2721 908 2760 ta.
930 2709 962 2758 D.
978 2710 1009 2758 de
1023 2718 1092 2759 auct.
1106 2719 1133 2759 et

176 2797 246 2833 cona.
262 2783 307 2846 (aa,
321 2782 352 2844 tt).
373 2780 404 2829 L.
421 2793 453 2830 11.
473 2780 504 2828 D.
520 2780 552 2830 de
567 2781 669 2843 optione
683 2783 730 2846 tea.
746 2778 791 2844 (oo,
806 2779 836 2844 a).
856 2779 888 2828 1..
904 2789 937 2831 oa.
952 2781 976 2841 §-
991 2792 1011 2831 o.
1035 2780 1067 2828 l).
1079 2795 1133 2844 pro

175 2869 228 2906 coc.
244 2851 288 2917 (tt,
303 2851 334 2917 a).
355 2851 386 2900 L.
401 2863 428 2901 49
439 2866 482 2913 pr.
497 2850 529 2899 D.
544 2851 581 2899 ad
593 2853 641 2915 leq.
655 2850 724 2900 itate.
736 2850 780 2915 (aa,
791 2850 822 2914 i).
837 2877 872 2887 —
888 2850 957 2899 Odet.
968 2850 1098 2913 different.
1110 2863 1132 2908 1,

178 2936 198 2975 n.
213 2936 233 2974 e
285 2921 306 2989 ⁶)
323 2923 361 2986 Cf.
379 2921 436 2970 Gai.
451 2932 472 2977 a,
488 2931 534 2971 iau.
559 2920 613 2984 Uip.
628 2931 663 2980 it,
678 2933 710 2972 to.
771 2917 793 2984 ⁶)
810 2920 848 2984 Cf.
865 2920 922 2969 Gai.
937 2927 962 2970 et
980 2919 1034 2984 dep.
1050 2922 1076 2970 il.
1093 2937 1131 2970 cc.

176 2997 236 3044 item
248 2994 362 3057 Interpr.
377 2992 401 3041 It.
417 2994 433 3040 t.
469 2989 510 3040 ‘Si
524 2993 581 3055 quie
592 2992 696 3053 faciens
714 2997 886 3040 tentamentum
900 2991 1020 3055 iniunqat
1033 2990 1132 3049 heredi,

177 3073 333 3129 attenuare,
348 3078 398 3128 quo
412 3064 467 3126 ipae
476 3062 551 3111 deren
561 3064 678 3120 moritur,
693 3064 804 3127 leuatum
814 3061 941 3125 lequtario
951 3061 1048 3119 tradat,
1063 3063 1134 3110 ualet

177 3133 307 3201 leuatum!
374 3131 394 3197 ⁷)
408 3133 519 3196 Scripsi.
543 3139 591 3180 tam
605 3147 662 3180 snae
677 3146 746 3195 quam
761 3131 856 3179 heredis
872 3131 923 3179 eius
938 3131 995 3180 edd.
1011 3138 1058 3179 tam
1072 3131 1133 3194 (tam

177 3207 201 3254 in
217 3206 278 3256 Cdd.
294 3204 387 3270 aliqui)
397 3219 439 3253 sua
450 3202 501 3270 (oet
514 3202 592 3266 onam)
602 3216 673 3266 quam
687 3201 782 3250 heredis
793 3203 844 3250 eius
856 3200 916 3250 Odd.
970 3198 990 3265 ⁸)
1000 3199 1133 3264 Suppteni,

178 3283 205 3324 ut
218 3278 361 3338 suppletum
375 3282 413 3324 eet
426 3275 458 3323 L.
473 3287 540 3336 apr.
560 3273 592 3321 D.
608 3273 711 3336 quando
726 3272 782 3321 dica
796 3269 844 3336 (aa,
859 3271 890 3334 i).
919 3270 1019 3321 Deinde
1032 3273 1134 3321 moritur

177 3347 217 3395 ed.
232 3345 265 3394 A.
280 3352 398 3409 typorum
413 3344 509 3393 mendo.
595 3341 617 3407 ⁰)
631 3343 765 3407 Intettiue:
783 3344 859 3391 etiam
868 3356 920 3405 per
933 3342 1134 3392 vindicationem

177 3418 225 3480 leq.
256 3415 295 3479 Of.
312 3414 368 3463 Gai.
384 3426 404 3471 a,
420 3425 465 3465 191.
481 3425 521 3464 etto
531 3415 576 3475 fin.
597 3415 620 3475 5.
631 3424 665 3465 28.
684 3413 707 3462 I.
722 3414 753 3461 de
767 3414 814 3476 leo.
830 3410 861 3477 (1,
869 3410 905 3476 io)
924 3419 1100 3475 eteupranot.
1112 3423 1134 3464 t.

181 3483 268 3548 ι0)(7.
283 3485 315 3534 L.
331 3499 373 3533 un.
388 3485 411 3545 ἓ.
427 3496 447 3534 1.
469 3483 494 3533 G.
509 3484 541 3532 de
556 3485 646 3534 caduc.
662 3485 715 3532 toll.
731 3482 762 3548 (o,
777 3480 820 3546 51).
881 3477 914 3548 ¹²)
931 3481 969 3545 Cf.
985 3483 1008 3544 §-
1024 3491 1044 3535 5.
1064 3482 1087 3532 I.
1102 3483 1135 3534 de

178 3556 226 3617 icy.
242 3554 273 3619 (a,
288 3555 332 3620 20).
