<?xml version="1.0" encoding="UTF-8"?>
<!DOCTYPE html PUBLIC "-//W3C//DTD XHTML 1.0 Transitional//EN"
    "http://www.w3.org/TR/xhtml1/DTD/xhtml1-transitional.dtd">
<html xmlns="http://www.w3.org/1999/xhtml" xml:lang="en" lang="en">
 <head>
  <title>
</title>
<meta http-equiv="Content-Type" content="text/html;charset=utf-8" />
  <meta name='ocr-system' content='tesseract 3.04.00' />
  <meta name='ocr-capabilities' content='ocr_page ocr_carea ocr_par ocr_line ocrx_word'/>
</head>
<body>
  <div class='ocr_page' id='page_1' title='image "./iurisprudentiae01huscgoog_0025.png"; bbox 0 0 2542 3909; ppageno 0'>
   <div class='ocr_carea' id='block_1_1' title="bbox 403 904 843 972">
    <p class='ocr_par' dir='ltr' id='par_1_1' title="bbox 403 904 843 972">
     <span class='ocr_line' id='line_1_1' title="bbox 403 904 843 972; baseline 0.005 -3"><span class='ocrx_word' id='word_1_1' title='bbox 403 905 460 970; x_wconf 83' lang='lat' dir='ltr'>TI.</span> <span class='ocrx_word' id='word_1_2' title='bbox 484 904 843 972; x_wconf 83' lang='lat' dir='ltr'>GORVNOANIVS</span> 
     </span>
    </p>
   </div>
   <div class='ocr_carea' id='block_1_2' title="bbox 460 1008 791 1077">
    <p class='ocr_par' dir='ltr' id='par_1_2' title="bbox 460 1008 791 1077">
     <span class='ocr_line' id='line_1_2' title="bbox 460 1008 791 1077; baseline 0.006 -16"><span class='ocrx_word' id='word_1_3' title='bbox 460 1010 531 1077; x_wconf 83' lang='lat' dir='ltr'>(obiit</span> <span class='ocrx_word' id='word_1_4' title='bbox 550 1012 614 1061; x_wconf 81' lang='lat' dir='ltr'>cinca</span> <span class='ocrx_word' id='word_1_5' title='bbox 633 1028 656 1061; x_wconf 92' lang='lat' dir='ltr'>a.</span> <span class='ocrx_word' id='word_1_6' title='bbox 676 1028 699 1061; x_wconf 84' lang='lat' dir='ltr'>u.</span> <span class='ocrx_word' id='word_1_7' title='bbox 718 1008 791 1077; x_wconf 76' lang='grc' dir='ltr'>509).ι</span> 
     </span>
    </p>
   </div>
   <div class='ocr_carea' id='block_1_3' title="bbox 141 1113 1104 1445">
    <p class='ocr_par' dir='ltr' id='par_1_3' title="bbox 141 1113 1104 1278">
     <span class='ocr_line' id='line_1_3' title="bbox 200 1113 1104 1193; baseline -0.003 -14"><span class='ocrx_word' id='word_1_8' title='bbox 200 1116 220 1179; x_wconf 94' lang='lat' dir='ltr'>l.</span> <span class='ocrx_word' id='word_1_9' title='bbox 242 1119 426 1176; x_wconf 79' lang='lat' dir='ltr'><strong>Coruncanius</strong></span> <span class='ocrx_word' id='word_1_10' title='bbox 441 1119 588 1175; x_wconf 82' lang='lat' dir='ltr'><strong>ruminales</strong></span> <span class='ocrx_word' id='word_1_11' title='bbox 603 1120 717 1186; x_wconf 87' lang='lat' dir='ltr'>hostias,</span> <span class='ocrx_word' id='word_1_12' title='bbox 739 1118 827 1175; x_wconf 85' lang='lat' dir='ltr'>donec</span> <span class='ocrx_word' id='word_1_13' title='bbox 842 1113 979 1175; x_wconf 83' lang='lat' dir='ltr'>bidentes²</span> <span class='ocrx_word' id='word_1_14' title='bbox 995 1118 1104 1193; x_wconf 85' lang='lat' dir='ltr'>fierent,</span> 
     </span>
     <span class='ocr_line' id='line_1_4' title="bbox 141 1201 824 1278; baseline -0.003 -18"><span class='ocrx_word' id='word_1_15' title='bbox 141 1220 220 1278; x_wconf 85' lang='lat' dir='ltr'>puras</span> <span class='ocrx_word' id='word_1_16' title='bbox 243 1205 363 1276; x_wconf 80' lang='lat' dir='ltr'>negauit.</span> <span class='ocrx_word' id='word_1_17' title='bbox 386 1233 425 1243; x_wconf 93' lang='lat'>-</span> <span class='ocrx_word' id='word_1_18' title='bbox 448 1202 516 1259; x_wconf 91' lang='lat' dir='ltr'>Plin.</span> <span class='ocrx_word' id='word_1_19' title='bbox 539 1202 570 1259; x_wconf 88' lang='lat' dir='ltr'>N.</span> <span class='ocrx_word' id='word_1_20' title='bbox 593 1202 625 1258; x_wconf 88' lang='grc' dir='ltr'>Η.</span> <span class='ocrx_word' id='word_1_21' title='bbox 648 1202 679 1274; x_wconf 84' lang='grc'>8,</span> <span class='ocrx_word' id='word_1_22' title='bbox 701 1201 752 1274; x_wconf 83' lang='grc'>51,</span> <span class='ocrx_word' id='word_1_23' title='bbox 776 1204 824 1260; x_wconf 83' lang='grc'><strong>77.</strong></span> 
     </span>
    </p>

    <p class='ocr_par' dir='ltr' id='par_1_4' title="bbox 143 1286 1104 1445">
     <span class='ocr_line' id='line_1_5' title="bbox 202 1286 1104 1347; baseline -0.004 0"><span class='ocrx_word' id='word_1_24' title='bbox 202 1286 233 1347; x_wconf 81' lang='lat'>2.</span> <span class='ocrx_word' id='word_1_25' title='bbox 256 1286 360 1344; x_wconf 79' lang='lat' dir='ltr'>Placuit</span> <span class='ocrx_word' id='word_1_26' title='bbox 373 1286 403 1342; x_wconf 86' lang='lat' dir='ltr'>P.</span> <span class='ocrx_word' id='word_1_27' title='bbox 419 1287 565 1344; x_wconf 86' lang='lat' dir='ltr'>Scaeuolae</span> <span class='ocrx_word' id='word_1_28' title='bbox 586 1294 614 1343; x_wconf 93' lang='lat' dir='ltr'>et</span> <span class='ocrx_word' id='word_1_29' title='bbox 629 1286 795 1342; x_wconf 81' lang='lat' dir='ltr'>Coruncanio</span> <span class='ocrx_word' id='word_1_30' title='bbox 817 1296 869 1344; x_wconf 89' lang='lat' dir='ltr'>etc.</span> <span class='ocrx_word' id='word_1_31' title='bbox 885 1318 927 1328; x_wconf 92' lang='lat'><em>-</em></span> <span class='ocrx_word' id='word_1_32' title='bbox 941 1286 996 1345; x_wconf 77' lang='lat' dir='ltr'>cic.</span> <span class='ocrx_word' id='word_1_33' title='bbox 1018 1287 1051 1344; x_wconf 92' lang='lat' dir='ltr'>de</span> <span class='ocrx_word' id='word_1_34' title='bbox 1066 1286 1104 1343; x_wconf 90' lang='lat' dir='ltr'>le·</span> 
     </span>
     <span class='ocr_line' id='line_1_6' title="bbox 143 1370 917 1445; baseline 0.003 -18"><span class='ocrx_word' id='word_1_35' title='bbox 143 1370 197 1445; x_wconf 81' lang='lat' dir='ltr'>gib.</span> <span class='ocrx_word' id='word_1_36' title='bbox 221 1371 251 1441; x_wconf 79' lang='lat'>2,</span> <span class='ocrx_word' id='word_1_37' title='bbox 274 1371 322 1427; x_wconf 80' lang='lat'>21.</span> <span class='ocrx_word' id='word_1_38' title='bbox 361 1370 400 1427; x_wconf 83' lang='lat' dir='ltr'>Gi.</span> <span class='ocrx_word' id='word_1_39' title='bbox 424 1372 494 1428; x_wconf 84' lang='lat' dir='ltr'>inira</span> <span class='ocrx_word' id='word_1_40' title='bbox 518 1371 546 1426; x_wconf 88' lang='lat' dir='ltr'>P.</span> <span class='ocrx_word' id='word_1_41' title='bbox 571 1370 687 1426; x_wconf 90' lang='lat' dir='ltr'>llucium</span> <span class='ocrx_word' id='word_1_42' title='bbox 709 1371 864 1429; x_wconf 85' lang='lat' dir='ltr'>Scaeuolam</span> <span class='ocrx_word' id='word_1_43' title='bbox 888 1371 917 1429; x_wconf 87' lang='lat'>3.</span> 
     </span>
    </p>
   </div>
   <div class='ocr_carea' id='block_1_4' title="bbox 308 1528 937 1617">
    <p class='ocr_par' dir='ltr' id='par_1_5' title="bbox 308 1528 937 1617">
     <span class='ocr_line' id='line_1_7' title="bbox 308 1528 937 1617; baseline 0.003 -3"><span class='ocrx_word' id='word_1_44' title='bbox 308 1548 398 1617; x_wconf 75' lang='lat' dir='ltr'>suu.</span> <span class='ocrx_word' id='word_1_45' title='bbox 422 1548 581 1616; x_wconf 77' lang='lat' dir='ltr'>Anulus</span> <span class='ocrx_word' id='word_1_46' title='bbox 603 1548 774 1615; x_wconf 73' lang='lat' dir='ltr'>annuus</span> <span class='ocrx_word' id='word_1_47' title='bbox 797 1528 937 1616; x_wconf 73' lang='lat' dir='ltr'>cinus</span> 
     </span>
    </p>
   </div>
   <div class='ocr_carea' id='block_1_5' title="bbox 483 1652 766 1837">
    <p class='ocr_par' dir='ltr' id='par_1_6' title="bbox 483 1652 766 1837">
     <span class='ocr_line' id='line_1_8' title="bbox 513 1652 739 1722; baseline 0.004 -17"><span class='ocrx_word' id='word_1_48' title='bbox 513 1654 574 1722; x_wconf 83' lang='lat' dir='ltr'>(cos.</span> <span class='ocrx_word' id='word_1_49' title='bbox 590 1670 611 1704; x_wconf 88' lang='lat' dir='ltr'>a.</span> <span class='ocrx_word' id='word_1_50' title='bbox 627 1671 650 1705; x_wconf 88' lang='lat' dir='ltr'>u.</span> <span class='ocrx_word' id='word_1_51' title='bbox 666 1652 739 1720; x_wconf 71' lang='lat' dir='ltr'>stt).³</span> 
     </span>
     <span class='ocr_line' id='line_1_9' title="bbox 483 1764 766 1837; baseline 0.007 -18"><span class='ocrx_word' id='word_1_52' title='bbox 483 1764 766 1837; x_wconf 80' lang='lat' dir='ltr'>l&#39;ripertita.</span> 
     </span>
    </p>
   </div>
   <div class='ocr_carea' id='block_1_6' title="bbox 61 1878 1105 2873">
    <p class='ocr_par' dir='ltr' id='par_1_7' title="bbox 61 1878 1105 2291">
     <span class='ocr_line' id='line_1_10' title="bbox 201 1878 1103 1956; baseline 0 -18"><span class='ocrx_word' id='word_1_53' title='bbox 201 1878 389 1938; x_wconf 84' lang='lat' dir='ltr'>LPraetenea</span> <span class='ocrx_word' id='word_1_54' title='bbox 417 1880 450 1937; x_wconf 91' lang='lat' dir='ltr'>de</span> <span class='ocrx_word' id='word_1_55' title='bbox 478 1897 550 1955; x_wconf 90' lang='lat' dir='ltr'>penu</span> <span class='ocrx_word' id='word_1_56' title='bbox 576 1879 782 1937; x_wconf 86' lang='lat' dir='ltr'>adscribendum</span> <span class='ocrx_word' id='word_1_57' title='bbox 811 1881 863 1937; x_wconf 86' lang='lat' dir='ltr'>hcc</span> <span class='ocrx_word' id='word_1_58' title='bbox 890 1884 969 1938; x_wconf 88' lang='lat' dir='ltr'>etiam</span> <span class='ocrx_word' id='word_1_59' title='bbox 998 1885 1103 1956; x_wconf 89' lang='lat' dir='ltr'>putaui:</span> 
     </span>
     <span class='ocr_line' id='line_1_11' title="bbox 139 1964 1104 2040; baseline 0.001 -18"><span class='ocrx_word' id='word_1_60' title='bbox 139 1967 264 2022; x_wconf 87' lang='lat' dir='ltr'>Seruium</span> <span class='ocrx_word' id='word_1_61' title='bbox 291 1964 439 2037; x_wconf 90' lang='lat' dir='ltr'>Sulpicium</span> <span class='ocrx_word' id='word_1_62' title='bbox 466 1966 494 2020; x_wconf 92' lang='lat' dir='ltr'>in</span> <span class='ocrx_word' id='word_1_63' title='bbox 521 1966 693 2037; x_wconf 78' lang='lat' dir='ltr'><strong>reprehensis</strong></span> <span class='ocrx_word' id='word_1_64' title='bbox 716 1965 862 2021; x_wconf 82' lang='lat' dir='ltr'>Scaeuolae</span> <span class='ocrx_word' id='word_1_65' title='bbox 884 1966 1017 2040; x_wconf 74' lang='lat' dir='ltr'>capitibus</span> <span class='ocrx_word' id='word_1_66' title='bbox 1040 1970 1104 2023; x_wconf 87' lang='lat' dir='ltr'>scri·</span> 
     </span>
     <span class='ocr_line' id='line_1_12' title="bbox 140 2048 1104 2123; baseline 0.002 -19"><span class='ocrx_word' id='word_1_67' title='bbox 140 2051 238 2123; x_wconf 88' lang='lat' dir='ltr'>psisse,</span> <span class='ocrx_word' id='word_1_68' title='bbox 254 2048 319 2105; x_wconf 83' lang='lat' dir='ltr'>Cato</span> <span class='ocrx_word' id='word_1_69' title='bbox 331 2048 406 2104; x_wconf 83' lang='lat' dir='ltr'>Aelio</span> <span class='ocrx_word' id='word_1_70' title='bbox 419 2049 564 2122; x_wconf 83' lang='lat' dir='ltr'>placuisse,</span> <span class='ocrx_word' id='word_1_71' title='bbox 580 2065 636 2105; x_wconf 90' lang='lat' dir='ltr'>uon</span> <span class='ocrx_word' id='word_1_72' title='bbox 651 2065 721 2123; x_wconf 85' lang='lat' dir='ltr'>quae</span> <span class='ocrx_word' id='word_1_73' title='bbox 736 2050 795 2105; x_wconf 92' lang='lat' dir='ltr'>esui</span> <span class='ocrx_word' id='word_1_74' title='bbox 810 2057 838 2105; x_wconf 93' lang='lat' dir='ltr'>et</span> <span class='ocrx_word' id='word_1_75' title='bbox 853 2052 929 2123; x_wconf 88' lang='lat' dir='ltr'>potui</span> <span class='ocrx_word' id='word_1_76' title='bbox 941 2050 1041 2122; x_wconf 86' lang='lat' dir='ltr'>iurent,</span> <span class='ocrx_word' id='word_1_77' title='bbox 1057 2051 1104 2106; x_wconf 90' lang='lat' dir='ltr'>sed</span> 
     </span>
     <span class='ocr_line' id='line_1_13' title="bbox 140 2130 1105 2206; baseline 0.002 -17"><span class='ocrx_word' id='word_1_78' title='bbox 140 2135 203 2189; x_wconf 88' lang='lat' dir='ltr'>thus</span> <span class='ocrx_word' id='word_1_79' title='bbox 220 2148 329 2206; x_wconf 87' lang='lat' dir='ltr'>quoque</span> <span class='ocrx_word' id='word_1_80' title='bbox 344 2140 372 2187; x_wconf 93' lang='lat' dir='ltr'>et</span> <span class='ocrx_word' id='word_1_81' title='bbox 387 2148 480 2189; x_wconf 86' lang='lat' dir='ltr'>cereos</span> <span class='ocrx_word' id='word_1_82' title='bbox 496 2134 523 2189; x_wconf 92' lang='lat' dir='ltr'>in</span> <span class='ocrx_word' id='word_1_83' title='bbox 538 2149 611 2205; x_wconf 89' lang='lat' dir='ltr'>penu</span> <span class='ocrx_word' id='word_1_84' title='bbox 626 2150 698 2203; x_wconf 85' lang='lat' dir='ltr'>esse,</span> <span class='ocrx_word' id='word_1_85' title='bbox 722 2133 794 2205; x_wconf 85' lang='lat' dir='ltr'>quud</span> <span class='ocrx_word' id='word_1_86' title='bbox 816 2141 888 2189; x_wconf 89' lang='lat' dir='ltr'>esset</span> <span class='ocrx_word' id='word_1_87' title='bbox 903 2135 960 2189; x_wconf 89' lang='lat' dir='ltr'>eius</span> <span class='ocrx_word' id='word_1_88' title='bbox 976 2130 1105 2191; x_wconf 75' lang='lat' dir='ltr'>lamiliae⁴</span> 
     </span>
     <span class='ocr_line' id='line_1_14' title="bbox 61 2216 717 2291; baseline 0.003 -20"><span class='ocrx_word' id='word_1_89' title='bbox 61 2266 64 2271; x_wconf 53' lang='grc'><strong>.</strong></span> <span class='ocrx_word' id='word_1_90' title='bbox 138 2225 334 2291; x_wconf 82' lang='lat' dir='ltr'>comparatum.</span> <span class='ocrx_word' id='word_1_91' title='bbox 350 2246 391 2257; x_wconf 94' lang='lat'>-</span> <span class='ocrx_word' id='word_1_92' title='bbox 407 2216 475 2276; x_wconf 85' lang='lat' dir='ltr'>Geli.</span> <span class='ocrx_word' id='word_1_93' title='bbox 492 2216 522 2289; x_wconf 82' lang='lat'>4,</span> <span class='ocrx_word' id='word_1_94' title='bbox 542 2218 568 2271; x_wconf 89' lang='lat'>1.</span> <span class='ocrx_word' id='word_1_95' title='bbox 585 2216 613 2287; x_wconf 74' lang='lat' dir='ltr'>S.</span> <span class='ocrx_word' id='word_1_96' title='bbox 632 2216 717 2273; x_wconf 83' lang='lat'><strong>20...</strong></span> 
     </span>
    </p>

    <p class='ocr_par' dir='ltr' id='par_1_8' title="bbox 136 2297 1105 2873">
     <span class='ocr_line' id='line_1_15' title="bbox 202 2297 1105 2373; baseline 0.001 -16"><span class='ocrx_word' id='word_1_97' title='bbox 202 2297 232 2357; x_wconf 81' lang='lat'>2.</span> <span class='ocrx_word' id='word_1_98' title='bbox 254 2301 378 2356; x_wconf 86' lang='lat' dir='ltr'>illuseras</span> <span class='ocrx_word' id='word_1_99' title='bbox 393 2300 452 2356; x_wconf 90' lang='lat' dir='ltr'>heri</span> <span class='ocrx_word' id='word_1_100' title='bbox 473 2302 544 2357; x_wconf 81' lang='lat' dir='ltr'>inter</span> <span class='ocrx_word' id='word_1_101' title='bbox 563 2300 692 2373; x_wconf 84' lang='lat' dir='ltr'>scyphus,</span> <span class='ocrx_word' id='word_1_102' title='bbox 714 2298 786 2372; x_wconf 89' lang='lat' dir='ltr'>quod</span> <span class='ocrx_word' id='word_1_103' title='bbox 802 2298 930 2370; x_wconf 77' lang='lat' dir='ltr'>dixeram,</span> <span class='ocrx_word' id='word_1_104' title='bbox 946 2309 1105 2358; x_wconf 85' lang='lat' dir='ltr'>controuer-</span> 
     </span>
     <span class='ocr_line' id='line_1_16' title="bbox 137 2383 1104 2458; baseline 0 -16"><span class='ocrx_word' id='word_1_105' title='bbox 137 2388 206 2442; x_wconf 84' lang='lat' dir='ltr'>siam</span> <span class='ocrx_word' id='word_1_106' title='bbox 230 2400 301 2455; x_wconf 88' lang='lat' dir='ltr'>esse,</span> <span class='ocrx_word' id='word_1_107' title='bbox 323 2393 452 2457; x_wconf 75' lang='lat' dir='ltr'>possetne</span> <span class='ocrx_word' id='word_1_108' title='bbox 474 2385 565 2455; x_wconf 86' lang='lat' dir='ltr'>heres,</span> <span class='ocrx_word' id='word_1_109' title='bbox 588 2383 662 2458; x_wconf 88' lang='lat' dir='ltr'>quod</span> <span class='ocrx_word' id='word_1_110' title='bbox 685 2384 787 2439; x_wconf 84' lang='lat' dir='ltr'>lurtum</span> <span class='ocrx_word' id='word_1_111' title='bbox 810 2391 886 2440; x_wconf 87' lang='lat' dir='ltr'>antea</span> <span class='ocrx_word' id='word_1_112' title='bbox 907 2384 1005 2439; x_wconf 84' lang='lat' dir='ltr'>iactum</span> <span class='ocrx_word' id='word_1_113' title='bbox 1021 2396 1104 2458; x_wconf 85' lang='lat' dir='ltr'>esset,</span> 
     </span>
     <span class='ocr_line' id='line_1_17' title="bbox 139 2467 1104 2543; baseline 0 -17"><span class='ocrx_word' id='word_1_114' title='bbox 139 2470 206 2526; x_wconf 85' lang='lat' dir='ltr'>lunti</span> <span class='ocrx_word' id='word_1_115' title='bbox 223 2476 298 2525; x_wconf 85' lang='lat' dir='ltr'>recte</span> <span class='ocrx_word' id='word_1_116' title='bbox 314 2485 404 2542; x_wconf 78' lang='lat' dir='ltr'>agene.</span> <span class='ocrx_word' id='word_1_117' title='bbox 435 2470 526 2542; x_wconf 87' lang='lat' dir='ltr'>ltaque</span> <span class='ocrx_word' id='word_1_118' title='bbox 542 2470 592 2525; x_wconf 86' lang='lat' dir='ltr'>etsi</span> <span class='ocrx_word' id='word_1_119' title='bbox 609 2469 719 2524; x_wconf 86' lang='lat' dir='ltr'>domum</span> <span class='ocrx_word' id='word_1_120' title='bbox 734 2467 801 2525; x_wconf 87' lang='lat' dir='ltr'>bene</span> <span class='ocrx_word' id='word_1_121' title='bbox 818 2477 899 2543; x_wconf 87' lang='lat' dir='ltr'>pctus</span> <span class='ocrx_word' id='word_1_122' title='bbox 914 2485 1030 2543; x_wconf 86' lang='lat' dir='ltr'>seroque</span> <span class='ocrx_word' id='word_1_123' title='bbox 1045 2470 1104 2526; x_wconf 85' lang='lat' dir='ltr'>red·</span> 
     </span>
     <span class='ocr_line' id='line_1_18' title="bbox 137 2552 1105 2626; baseline 0.001 -16"><span class='ocrx_word' id='word_1_124' title='bbox 137 2554 234 2625; x_wconf 89' lang='lat' dir='ltr'>ieram,</span> <span class='ocrx_word' id='word_1_125' title='bbox 259 2560 348 2607; x_wconf 88' lang='lat' dir='ltr'>tamen</span> <span class='ocrx_word' id='word_1_126' title='bbox 363 2552 389 2608; x_wconf 93' lang='lat' dir='ltr'>id</span> <span class='ocrx_word' id='word_1_127' title='bbox 413 2560 505 2626; x_wconf 89' lang='lat' dir='ltr'>caput,</span> <span class='ocrx_word' id='word_1_128' title='bbox 528 2552 574 2609; x_wconf 92' lang='lat' dir='ltr'>ubi</span> <span class='ocrx_word' id='word_1_129' title='bbox 596 2553 663 2609; x_wconf 90' lang='lat' dir='ltr'>haec</span> <span class='ocrx_word' id='word_1_130' title='bbox 686 2555 874 2617; x_wconf 79' lang='lat' dir='ltr'>controuersia</span> <span class='ocrx_word' id='word_1_131' title='bbox 895 2561 945 2624; x_wconf 88' lang='lat' dir='ltr'>est,</span> <span class='ocrx_word' id='word_1_132' title='bbox 970 2557 1061 2611; x_wconf 88' lang='lat' dir='ltr'>notaui</span> <span class='ocrx_word' id='word_1_133' title='bbox 1078 2565 1105 2611; x_wconf 87' lang='lat' dir='ltr'>et</span> 
     </span>
     <span class='ocr_line' id='line_1_19' title="bbox 137 2635 1104 2710; baseline 0.003 -17"><span class='ocrx_word' id='word_1_134' title='bbox 137 2637 307 2710; x_wconf 75' lang='lat' dir='ltr'>desumptum</span> <span class='ocrx_word' id='word_1_135' title='bbox 331 2635 379 2692; x_wconf 92' lang='lat' dir='ltr'>tibi</span> <span class='ocrx_word' id='word_1_136' title='bbox 400 2638 471 2708; x_wconf 91' lang='lat' dir='ltr'>misi,</span> <span class='ocrx_word' id='word_1_137' title='bbox 494 2644 524 2692; x_wconf 95' lang='lat' dir='ltr'>ut</span> <span class='ocrx_word' id='word_1_138' title='bbox 545 2637 628 2693; x_wconf 83' lang='lat' dir='ltr'>scires</span> <span class='ocrx_word' id='word_1_139' title='bbox 644 2637 682 2709; x_wconf 92' lang='lat' dir='ltr'>id,</span> <span class='ocrx_word' id='word_1_140' title='bbox 705 2636 778 2710; x_wconf 89' lang='lat' dir='ltr'>quod</span> <span class='ocrx_word' id='word_1_141' title='bbox 795 2646 824 2694; x_wconf 91' lang='lat' dir='ltr'>tu</span> <span class='ocrx_word' id='word_1_142' title='bbox 839 2638 972 2693; x_wconf 90' lang='lat' dir='ltr'>neminem</span> <span class='ocrx_word' id='word_1_143' title='bbox 987 2642 1104 2696; x_wconf 85' lang='lat' dir='ltr'>sensisse</span> 
     </span>
     <span class='ocr_line' id='line_1_20' title="bbox 136 2718 1104 2798; baseline 0.004 -22"><span class='ocrx_word' id='word_1_144' title='bbox 136 2722 258 2793; x_wconf 89' lang='lat' dir='ltr'>dicebas,</span> <span class='ocrx_word' id='word_1_145' title='bbox 279 2718 339 2776; x_wconf 82' lang='lat' dir='ltr'>Sex.</span> <span class='ocrx_word' id='word_1_146' title='bbox 356 2720 471 2793; x_wconf 78' lang='lat' dir='ltr'>delium,</span> <span class='ocrx_word' id='word_1_147' title='bbox 488 2720 530 2776; x_wconf 86' lang='lat' dir='ltr'>ll&#39;.</span> <span class='ocrx_word' id='word_1_148' title='bbox 546 2720 690 2792; x_wconf 84' lang='lat' dir='ltr'>Manilium,</span> <span class='ocrx_word' id='word_1_149' title='bbox 712 2722 746 2776; x_wconf 86' lang='lat' dir='ltr'>ll.</span> <span class='ocrx_word' id='word_1_150' title='bbox 763 2722 873 2778; x_wconf 83' lang='lat' dir='ltr'>Brutum</span> <span class='ocrx_word' id='word_1_151' title='bbox 889 2724 1017 2780; x_wconf 88' lang='lat' dir='ltr'>sensisse.</span> <span class='ocrx_word' id='word_1_152' title='bbox 1047 2723 1104 2798; x_wconf 78' lang='lat' dir='ltr'>Ego</span> 
     </span>
     <span class='ocr_line' id='line_1_21' title="bbox 136 2804 1068 2873; baseline 0.002 -12"><span class='ocrx_word' id='word_1_153' title='bbox 136 2814 230 2863; x_wconf 83' lang='lat' dir='ltr'>tamen</span> <span class='ocrx_word' id='word_1_154' title='bbox 245 2804 392 2861; x_wconf 89' lang='lat' dir='ltr'>Scaeuolae</span> <span class='ocrx_word' id='word_1_155' title='bbox 407 2813 435 2859; x_wconf 88' lang='lat' dir='ltr'>et</span> <span class='ocrx_word' id='word_1_156' title='bbox 450 2804 545 2861; x_wconf 80' lang='lat' dir='ltr'>Testae</span> <span class='ocrx_word' id='word_1_157' title='bbox 560 2808 703 2861; x_wconf 81' lang='lat' dir='ltr'>assentior.</span> <span class='ocrx_word' id='word_1_158' title='bbox 720 2834 760 2845; x_wconf 92' lang='lat'><strong>—</strong></span> <span class='ocrx_word' id='word_1_159' title='bbox 776 2806 829 2865; x_wconf 82' lang='lat' dir='ltr'>Cic.</span> <span class='ocrx_word' id='word_1_160' title='bbox 846 2806 877 2861; x_wconf 86' lang='lat' dir='ltr'>ad</span> <span class='ocrx_word' id='word_1_161' title='bbox 893 2807 956 2862; x_wconf 87' lang='lat' dir='ltr'>lam.</span> <span class='ocrx_word' id='word_1_162' title='bbox 975 2807 1001 2873; x_wconf 82' lang='lat'>7,</span> <span class='ocrx_word' id='word_1_163' title='bbox 1021 2806 1068 2863; x_wconf 79' lang='lat'>22.</span> 
     </span>
    </p>
   </div>
   <div class='ocr_carea' id='block_1_7' title="bbox 135 2965 1108 3588">
    <p class='ocr_par' dir='ltr' id='par_1_9' title="bbox 135 2965 1108 3588">
     <span class='ocr_line' id='line_1_22' title="bbox 210 2965 1103 3040; baseline 0.004 -22"><span class='ocrx_word' id='word_1_164' title='bbox 210 2965 235 3035; x_wconf 89' lang='lat'>¹)</span> <span class='ocrx_word' id='word_1_165' title='bbox 245 2967 354 3033; x_wconf 83' lang='lat' dir='ltr'>Scripta</span> <span class='ocrx_word' id='word_1_166' title='bbox 368 2971 424 3019; x_wconf 85' lang='lat' dir='ltr'>eius</span> <span class='ocrx_word' id='word_1_167' title='bbox 438 2986 489 3020; x_wconf 82' lang='lat' dir='ltr'>non</span> <span class='ocrx_word' id='word_1_168' title='bbox 504 2969 629 3020; x_wconf 72' lang='lat' dir='ltr'>celabant</span> <span class='ocrx_word' id='word_1_169' title='bbox 638 2970 670 3019; x_wconf 87' lang='lat' dir='ltr'>L.</span> <span class='ocrx_word' id='word_1_170' title='bbox 681 2982 701 3021; x_wconf 79' lang='lat'>2.</span> <span class='ocrx_word' id='word_1_171' title='bbox 712 2973 736 3033; x_wconf 71' lang='lat'>§-</span> <span class='ocrx_word' id='word_1_172' title='bbox 747 2983 781 3023; x_wconf 77' lang='lat'>88.</span> <span class='ocrx_word' id='word_1_173' title='bbox 806 2972 838 3021; x_wconf 85' lang='lat' dir='ltr'>D.</span> <span class='ocrx_word' id='word_1_174' title='bbox 849 2972 881 3021; x_wconf 88' lang='lat' dir='ltr'>de</span> <span class='ocrx_word' id='word_1_175' title='bbox 891 2973 957 3037; x_wconf 75' lang='lat' dir='ltr'>erip.</span> <span class='ocrx_word' id='word_1_176' title='bbox 968 2974 1019 3023; x_wconf 76' lang='lat' dir='ltr'>iun.</span> <span class='ocrx_word' id='word_1_177' title='bbox 1030 2971 1062 3038; x_wconf 91' lang='lat'>(1,</span> <span class='ocrx_word' id='word_1_178' title='bbox 1072 2973 1103 3040; x_wconf 82' lang='lat' dir='ltr'>a).</span> 
     </span>
     <span class='ocr_line' id='line_1_23' title="bbox 137 3037 1103 3109; baseline 0.002 -18"><span class='ocrx_word' id='word_1_179' title='bbox 137 3037 159 3107; x_wconf 84' lang='lat'>¹)</span> <span class='ocrx_word' id='word_1_180' title='bbox 176 3042 215 3105; x_wconf 81' lang='lat' dir='ltr'>Of.</span> <span class='ocrx_word' id='word_1_181' title='bbox 237 3040 301 3090; x_wconf 72' lang='lat' dir='ltr'>dett.</span> <span class='ocrx_word' id='word_1_182' title='bbox 317 3052 351 3099; x_wconf 77' lang='lat'>16,</span> <span class='ocrx_word' id='word_1_183' title='bbox 366 3052 385 3092; x_wconf 74' lang='lat' dir='ltr'>u.</span> <span class='ocrx_word' id='word_1_184' title='bbox 406 3040 522 3091; x_wconf 81' lang='lat' dir='ltr'>Macrob.</span> <span class='ocrx_word' id='word_1_185' title='bbox 532 3040 588 3090; x_wconf 84' lang='lat' dir='ltr'>Sat.</span> <span class='ocrx_word' id='word_1_186' title='bbox 603 3053 623 3103; x_wconf 82' lang='grc'>6,</span> <span class='ocrx_word' id='word_1_187' title='bbox 634 3054 656 3104; x_wconf 78' lang='grc'>9,</span> <span class='ocrx_word' id='word_1_188' title='bbox 667 3054 686 3091; x_wconf 84' lang='grc'><strong>1.</strong></span> <span class='ocrx_word' id='word_1_189' title='bbox 707 3042 773 3091; x_wconf 84' lang='lat' dir='ltr'>Fesl.</span> <span class='ocrx_word' id='word_1_190' title='bbox 787 3058 826 3106; x_wconf 87' lang='lat' dir='ltr'>ep.</span> <span class='ocrx_word' id='word_1_191' title='bbox 842 3060 864 3091; x_wconf 82' lang='lat' dir='ltr'>u.</span> <span class='ocrx_word' id='word_1_192' title='bbox 878 3042 1008 3094; x_wconf 80' lang='lat' dir='ltr'>Bidental.</span> <span class='ocrx_word' id='word_1_193' title='bbox 1024 3061 1051 3109; x_wconf 85' lang='lat' dir='ltr'>p.</span> <span class='ocrx_word' id='word_1_194' title='bbox 1070 3057 1103 3095; x_wconf 78' lang='grc'><strong>33.</strong></span> 
     </span>
     <span class='ocr_line' id='line_1_24' title="bbox 136 3108 1102 3178; baseline 0.006 -18"><span class='ocrx_word' id='word_1_195' title='bbox 136 3108 157 3177; x_wconf 70' lang='lat'>³)</span> <span class='ocrx_word' id='word_1_196' title='bbox 172 3112 249 3161; x_wconf 81' lang='lat' dir='ltr'>Aelii</span> <span class='ocrx_word' id='word_1_197' title='bbox 263 3111 360 3160; x_wconf 84' lang='lat' dir='ltr'>dictum</span> <span class='ocrx_word' id='word_1_198' title='bbox 373 3112 405 3161; x_wconf 82' lang='lat' dir='ltr'>de</span> <span class='ocrx_word' id='word_1_199' title='bbox 420 3118 494 3162; x_wconf 84' lang='lat' dir='ltr'>nocte</span> <span class='ocrx_word' id='word_1_200' title='bbox 509 3114 670 3175; x_wconf 83' lang='lat' dir='ltr'>intempesta,</span> <span class='ocrx_word' id='word_1_201' title='bbox 690 3114 759 3177; x_wconf 81' lang='lat' dir='ltr'>quad</span> <span class='ocrx_word' id='word_1_202' title='bbox 772 3114 852 3162; x_wconf 81' lang='lat' dir='ltr'>Varr.</span> <span class='ocrx_word' id='word_1_203' title='bbox 871 3115 904 3162; x_wconf 85' lang='lat' dir='ltr'>de</span> <span class='ocrx_word' id='word_1_204' title='bbox 917 3114 949 3163; x_wconf 82' lang='lat' dir='ltr'>L.</span> <span class='ocrx_word' id='word_1_205' title='bbox 965 3115 997 3164; x_wconf 82' lang='lat' dir='ltr'>L.</span> <span class='ocrx_word' id='word_1_206' title='bbox 1012 3128 1032 3178; x_wconf 79' lang='grc'>6,</span> <span class='ocrx_word' id='word_1_207' title='bbox 1048 3128 1068 3175; x_wconf 86' lang='grc'>1,</span> <span class='ocrx_word' id='word_1_208' title='bbox 1083 3128 1102 3167; x_wconf 82' lang='lat' dir='ltr'>t.</span> 
     </span>
     <span class='ocr_line' id='line_1_25' title="bbox 136 3181 1108 3248; baseline 0.006 -17"><span class='ocrx_word' id='word_1_209' title='bbox 136 3183 230 3245; x_wconf 76' lang='lat' dir='ltr'>refert,</span> <span class='ocrx_word' id='word_1_210' title='bbox 246 3181 280 3231; x_wconf 83' lang='lat' dir='ltr'>L.</span> <span class='ocrx_word' id='word_1_211' title='bbox 294 3181 367 3230; x_wconf 81' lang='lat' dir='ltr'>Aelii</span> <span class='ocrx_word' id='word_1_212' title='bbox 379 3181 490 3233; x_wconf 80' lang='lat' dir='ltr'>Stilonis</span> <span class='ocrx_word' id='word_1_213' title='bbox 499 3198 553 3233; x_wconf 84' lang='lat' dir='ltr'>esse</span> <span class='ocrx_word' id='word_1_214' title='bbox 563 3184 673 3232; x_wconf 83' lang='lat' dir='ltr'>videtur.</span> <span class='ocrx_word' id='word_1_215' title='bbox 697 3184 767 3234; x_wconf 87' lang='lat' dir='ltr'>Idem</span> <span class='ocrx_word' id='word_1_216' title='bbox 780 3185 843 3233; x_wconf 80' lang='lat' dir='ltr'>milti</span> <span class='ocrx_word' id='word_1_217' title='bbox 847 3188 981 3248; x_wconf 83' lang='lat' dir='ltr'>persuasit</span> <span class='ocrx_word' id='word_1_218' title='bbox 990 3187 1022 3235; x_wconf 85' lang='lat' dir='ltr'>de</span> <span class='ocrx_word' id='word_1_219' title='bbox 1037 3188 1108 3237; x_wconf 83' lang='lat' dir='ltr'>Aelii</span> 
     </span>
     <span class='ocr_line' id='line_1_26' title="bbox 136 3250 1103 3320; baseline 0.009 -20"><span class='ocrx_word' id='word_1_220' title='bbox 136 3253 295 3317; x_wconf 64' lang='lat' dir='ltr'>etymologia</span> <span class='ocrx_word' id='word_1_221' title='bbox 308 3252 381 3301; x_wconf 82' lang='lat' dir='ltr'>verbi</span> <span class='ocrx_word' id='word_1_222' title='bbox 397 3250 551 3311; x_wconf 80' lang='lat' dir='ltr'>‘assiduus’,</span> <span class='ocrx_word' id='word_1_223' title='bbox 566 3270 641 3318; x_wconf 83' lang='lat' dir='ltr'>quam</span> <span class='ocrx_word' id='word_1_224' title='bbox 650 3269 685 3302; x_wconf 83' lang='lat' dir='ltr'>eae</span> <span class='ocrx_word' id='word_1_225' title='bbox 697 3256 748 3305; x_wconf 82' lang='lat' dir='ltr'>Cic.</span> <span class='ocrx_word' id='word_1_226' title='bbox 763 3255 933 3319; x_wconf 75' lang='lat' dir='ltr'>Top.a.§.1o.</span> <span class='ocrx_word' id='word_1_227' title='bbox 945 3259 1039 3320; x_wconf 80' lang='lat' dir='ltr'>priore</span> <span class='ocrx_word' id='word_1_228' title='bbox 1050 3261 1103 3309; x_wconf 82' lang='lat' dir='ltr'>edi·</span> 
     </span>
     <span class='ocr_line' id='line_1_27' title="bbox 135 3324 1105 3388; baseline 0.005 -17"><span class='ocrx_word' id='word_1_229' title='bbox 135 3324 205 3372; x_wconf 82' lang='lat' dir='ltr'>tione</span> <span class='ocrx_word' id='word_1_230' title='bbox 220 3324 273 3373; x_wconf 85' lang='lat' dir='ltr'>ltuc</span> <span class='ocrx_word' id='word_1_231' title='bbox 287 3326 435 3383; x_wconf 82' lang='lat' dir='ltr'>retulerant,</span> <span class='ocrx_word' id='word_1_232' title='bbox 451 3324 487 3373; x_wconf 90' lang='lat' dir='ltr'>M.</span> <span class='ocrx_word' id='word_1_233' title='bbox 502 3324 591 3374; x_wconf 64' lang='lat' dir='ltr'>hertz.</span> <span class='ocrx_word' id='word_1_234' title='bbox 607 3327 634 3373; x_wconf 85' lang='lat' dir='ltr'>in</span> <span class='ocrx_word' id='word_1_235' title='bbox 647 3324 807 3376; x_wconf 81' lang='lat' dir='ltr'>Fleckeisent&#39;</span> <span class='ocrx_word' id='word_1_236' title='bbox 815 3326 905 3375; x_wconf 72' lang='lat' dir='ltr'>Jahrb.</span> <span class='ocrx_word' id='word_1_237' title='bbox 913 3328 935 3388; x_wconf 72' lang='lat' dir='ltr'>f.</span> <span class='ocrx_word' id='word_1_238' title='bbox 947 3331 1022 3377; x_wconf 84' lang='lat' dir='ltr'>class.</span> <span class='ocrx_word' id='word_1_239' title='bbox 1037 3328 1105 3376; x_wconf 80' lang='lat' dir='ltr'>Pltil.</span> 
     </span>
     <span class='ocr_line' id='line_1_28' title="bbox 136 3392 1101 3461; baseline 0.001 -17"><span class='ocrx_word' id='word_1_240' title='bbox 136 3405 188 3445; x_wconf 73' lang='lat' dir='ltr'>ista</span> <span class='ocrx_word' id='word_1_241' title='bbox 199 3411 229 3457; x_wconf 84' lang='lat' dir='ltr'>p.</span> <span class='ocrx_word' id='word_1_242' title='bbox 244 3404 279 3445; x_wconf 75' lang='lat'>45.</span> <span class='ocrx_word' id='word_1_243' title='bbox 310 3392 332 3460; x_wconf 85' lang='lat'>⁴)</span> <span class='ocrx_word' id='word_1_244' title='bbox 346 3393 391 3444; x_wconf 71' lang='lat' dir='ltr'>Em</span> <span class='ocrx_word' id='word_1_245' title='bbox 403 3394 582 3461; x_wconf 72' lang='lat' dir='ltr'>Cannepieteri</span> <span class='ocrx_word' id='word_1_246' title='bbox 597 3398 629 3459; x_wconf 78' lang='lat' dir='ltr'>ej.</span> <span class='ocrx_word' id='word_1_247' title='bbox 647 3395 776 3448; x_wconf 81' lang='lat' dir='ltr'>Momseno</span> <span class='ocrx_word' id='word_1_248' title='bbox 791 3412 890 3461; x_wconf 86' lang='lat' dir='ltr'>quoque</span> <span class='ocrx_word' id='word_1_249' title='bbox 900 3398 1021 3458; x_wconf 82' lang='lat' dir='ltr'>probata.</span> <span class='ocrx_word' id='word_1_250' title='bbox 1039 3398 1101 3461; x_wconf 88' lang='lat' dir='ltr'>quod</span> 
     </span>
     <span class='ocr_line' id='line_1_29' title="bbox 136 3463 1107 3532; baseline 0 -20"><span class='ocrx_word' id='word_1_251' title='bbox 136 3472 202 3513; x_wconf 86' lang='lat' dir='ltr'>esset</span> <span class='ocrx_word' id='word_1_252' title='bbox 218 3466 271 3514; x_wconf 86' lang='lat' dir='ltr'>eius</span> <span class='ocrx_word' id='word_1_253' title='bbox 286 3463 344 3532; x_wconf 87' lang='lat' dir='ltr'><strong>(non</strong></span> <span class='ocrx_word' id='word_1_254' title='bbox 360 3467 411 3516; x_wconf 88' lang='lat' dir='ltr'>eius</span> <span class='ocrx_word' id='word_1_255' title='bbox 425 3468 465 3516; x_wconf 86' lang='lat' dir='ltr'>nel</span> <span class='ocrx_word' id='word_1_256' title='bbox 479 3481 526 3515; x_wconf 89' lang='lat' dir='ltr'>non</span> <span class='ocrx_word' id='word_1_257' title='bbox 542 3472 607 3515; x_wconf 86' lang='lat' dir='ltr'>essct</span> <span class='ocrx_word' id='word_1_258' title='bbox 622 3464 682 3530; x_wconf 73' lang='lat' dir='ltr'>alit)</span> <span class='ocrx_word' id='word_1_259' title='bbox 696 3470 770 3519; x_wconf 80' lang='lat' dir='ltr'>lernae</span> <span class='ocrx_word' id='word_1_260' title='bbox 785 3469 821 3517; x_wconf 86' lang='lat' dir='ltr'>rei</span> <span class='ocrx_word' id='word_1_261' title='bbox 836 3481 908 3516; x_wconf 87' lang='lat' dir='ltr'>causa</span> <span class='ocrx_word' id='word_1_262' title='bbox 923 3469 980 3517; x_wconf 86' lang='lat' dir='ltr'>edd.</span> <span class='ocrx_word' id='word_1_263' title='bbox 997 3467 1107 3532; x_wconf 87' lang='lat' dir='ltr'>quodque</span> 
     </span>
     <span class='ocr_line' id='line_1_30' title="bbox 136 3536 635 3588; baseline 0.002 -4"><span class='ocrx_word' id='word_1_264' title='bbox 136 3542 202 3585; x_wconf 80' lang='lat' dir='ltr'>esset</span> <span class='ocrx_word' id='word_1_265' title='bbox 217 3536 270 3585; x_wconf 87' lang='lat' dir='ltr'>eius</span> <span class='ocrx_word' id='word_1_266' title='bbox 285 3538 359 3586; x_wconf 88' lang='lat' dir='ltr'>lerme</span> <span class='ocrx_word' id='word_1_267' title='bbox 373 3539 408 3587; x_wconf 83' lang='lat' dir='ltr'>rei</span> <span class='ocrx_word' id='word_1_268' title='bbox 422 3537 481 3588; x_wconf 87' lang='lat' dir='ltr'>edd.</span> <span class='ocrx_word' id='word_1_269' title='bbox 497 3553 566 3587; x_wconf 86' lang='lat' dir='ltr'>meae</span> <span class='ocrx_word' id='word_1_270' title='bbox 580 3550 599 3587; x_wconf 90' lang='lat'>1.</span> <span class='ocrx_word' id='word_1_271' title='bbox 615 3549 635 3588; x_wconf 79' lang='lat' dir='ltr'>a.</span> 
     </span>
    </p>
   </div>
   <div class='ocr_carea' id='block_1_8' title="bbox 190 3627 871 3673">
    <p class='ocr_par' dir='ltr' id='par_1_10' title="bbox 190 3627 871 3673">
     <span class='ocr_line' id='line_1_31' title="bbox 190 3627 871 3673; baseline -0.001 -10"><span class='ocrx_word' id='word_1_272' title='bbox 190 3632 296 3663; x_wconf 71' lang='lat' dir='ltr'>tumn.</span> <span class='ocrx_word' id='word_1_273' title='bbox 311 3633 391 3665; x_wconf 73' lang='lat' dir='ltr'>mu.</span> <span class='ocrx_word' id='word_1_274' title='bbox 405 3634 461 3664; x_wconf 76' lang='lat' dir='ltr'>m.</span> <span class='ocrx_word' id='word_1_275' title='bbox 488 3632 526 3663; x_wconf 76' lang='grc' dir='ltr'><strong>ΙΙ).</strong></span> <span class='ocrx_word' id='word_1_276' title='bbox 551 3634 574 3664; x_wconf 76' lang='lat' dir='ltr'>V.</span> <span class='ocrx_word' id='word_1_277' title='bbox 858 3627 871 3673; x_wconf 85' lang='lat'>1</span> 
     </span>
    </p>
   </div>
   <div class='ocr_carea' id='block_1_9' title="bbox 0 0 1276 3909">
    <p class='ocr_par' dir='ltr' id='par_1_11' title="bbox 0 0 1276 3909">
     <span class='ocr_line' id='line_1_32' title="bbox 0 0 1276 3909; baseline 0 1"><span class='ocrx_word' id='word_1_278' title='bbox 0 0 1276 3909; x_wconf 95' lang='lat' dir='ltr'> </span> 
     </span>
    </p>
   </div>
  </div>
 </body>
</html>
