2542 3909
170 216 235 280 412
497 234 623 270 vonvervs
642 234 798 271 naucranvs.

170 359 247 411 recte
264 356 426 410 restitutum
449 371 508 409 esse
530 357 594 425 post
612 358 744 408 Macriani
765 354 935 422 (absumtum
957 353 997 406 ibi
1019 353 1201 415 scilicettaaal

171 424 308 477 similibus
324 423 427 475 litteris
445 429 524 488 uni),
547 428 661 491 praeter
682 421 770 475 verba
790 421 841 475 illa
857 423 886 473 in
904 420 1019 475 exordio
1038 420 1127 489 ‘quod

172 489 242 569 assis'
261 490 496 543 distributionem'
525 489 630 565 evincit
656 504 775 565 sequens
798 488 899 565 vocula
920 494 977 541 item
1000 487 1127 566 alioquin

171 559 329 680 rorat
342 557 739 693 eatretinere}
753 571 826 676 aa
846 557 967 699 5355
983 556 1127 699 5555

171 704 240 747 etant
255 697 372 760 pondere
390 692 444 745 etc.
467 705 522 744 non
544 690 628 743 modo
650 692 766 759 propter
788 706 850 743 corr
880 688 946 742 endr
970 689 1126 755 audaciam,

171 776 269 814 verum
286 759 376 812 multo
392 758 491 827 magis,
509 758 585 835 quod
601 757 631 810 in
648 757 754 811 maiore
772 757 853 825 parte
878 756 956 809 ibelii
968 771 1024 809 non
1036 756 1071 810 de
1083 756 1127 809 hia

171 827 263 891 rebus,
281 826 331 880 sed
349 825 384 879 de
402 829 541 879 contrario
560 840 664 893 genere
683 840 793 888 earum,
810 839 883 889 quae
901 824 930 875 in
949 826 1043 891 specie
1061 838 1127 877 con·

173 894 283 960 sistunt,
302 892 382 947 velut
398 892 503 946 solidae
522 908 566 945 res
585 894 613 945 et
629 890 802 944 hereditates
815 894 852 956 (5.
865 895 927 956 44),
946 889 1036 943 dehis
1048 906 1126 957 vero,

173 958 810 1095 aerraterrattetartaeo*
826 957 1128 1093 andreae

172 1103 199 1149 in
216 1100 291 1149 rebus
308 1067 462 1162 pe’cum'an'r'a
474 1095 504 1146 et
514 1108 566 1171 pro
578 1096 706 1161 suspecto
718 1091 879 1145 habendum
892 1110 1003 1145 numero.
1026 1098 1127 1145 Veram

172 1165 268 1217 autem
285 1161 436 1216 lectionem
449 1160 636 1229 adipiscemur
654 1160 813 1213 scribendo:
831 1166 857 1211 in
869 1162 944 1212 rebar
958 1164 1126 1237 pecaniumts,

173 1237 258 1284 aereis
275 1236 385 1294 nummu,
403 1234 525 1293 pondere,
543 1246 669 1284 mensura.
698 1230 828 1293 Namque
846 1242 910 1279 cum
927 1232 1013 1279 aereis
1030 1241 1127 1295 perua-

173 1297 218 1351 aet
235 1297 271 1350 ob
289 1295 458 1350 antecedens
475 1300 563 1354 -ανιϊε,
582 1299 696 1356 nummio,
720 1294 796 1362 quod
819 1293 878 1346 sine
900 1291 951 1346 illa
967 1292 1127 1347 adiectione

173 1363 210 1417 ad
227 1364 371 1441 sestertios
389 1365 438 1417 aut
449 1362 524 1415 certe
537 1361 574 1414 ad
585 1378 715 1440 nummos
726 1361 818 1439 primo
830 1376 886 1413 uon
899 1375 996 1441 aereos
1008 1362 1128 1429 spectat,

172 1428 1013 1562 concarataaauttaeterrimae
1023 1427 1128 1549 rada

172 1566 557 1710 nenaggegsgeeogeirgggrhoc
574 1629 636 1683 loco
654 1629 810 1708 disputavi,
821 1630 909 1705 'quod
927 1630 969 1683 ita
985 1630 1128 1683 correctus

172 1699 271 1753 titulus
289 1702 365 1752 reete
383 1700 497 1762 mdrcat,
515 1712 572 1817 {aa
590 1696 624 1749 de
643 1712 673 1750 re
690 1712 720 1748 m
738 1697 790 1750 hoc
808 1696 904 1750 libello
922 1698 1031 1766 agatur,
1050 1696 1126 1763 quod

172 1766 226 1819 nisi
244 1767 309 1819 ante
327 1766 501 1833 compertum
539 1764 644 1817 abeant
660 1764 775 1828 tirones,
792 1764 839 1817 vix
857 1780 890 1816 ac
902 1780 938 1818 ne
949 1765 997 1817 vix
1010 1764 1125 1830 quidem

172 1833 341 1903 intelligent·
351 1832 427 1902 quod
438 1832 543 1902 legent.
567 1831 689 1885 Exhibet
699 1832 786 1898 igitur
795 1830 955 1884 Maecianus
963 1832 1016 1884 hoc
1027 1830 1126 1884 libello

172 1901 311 1956 vocabula
328 1917 360 1954 ac
378 1902 458 1953 notas
475 1898 598 1967 partium
615 1900 737 1967 primum
755 1900 804 1965 (55.
826 1901 927 1966 1-44.)
944 1905 970 1953 in
987 1901 1063 1951 redae
1078 1918 1126 1965 pe-

171 1974 301 2031 cuniariis,
318 1968 345 2022 h.
360 1984 384 2022 e.
402 1968 435 2020 ut
450 1967 543 2036 ipsum
561 1965 729 2020 vocabulum
747 1965 870 2030 (collatis
886 1964 965 2019 Paul.
980 1973 1004 2030 5,
1018 1971 1041 2021 3.
1061 1969 1123 2029 51.

172 2036 250 2093 (taes.
272 2041 302 2094 Β.
320 2036 348 2090 G.
365 2042 393 2101 3,
412 2040 456 2098 59)
479 2033 615 2096 ostendit,
638 2034 779 2097 omuibus,
806 2049 878 2100 quae
899 2032 1125 2087 aestimationem

170 2104 290 2171 habeut,
309 2102 389 2157 velut
404 2102 478 2155 libra
495 2102 581 2166 aeris,
598 2102 697 2167 homo,
715 2100 826 2165 fundus,
844 2101 875 2153 et
891 2102 986 2154 omnia
1002 2099 1123 2164 ‘solidam

171 2174 240 2227 item
252 2170 448 2241 incorporalia,
460 2169 493 2222 ut
508 2169 663 2223 centesima
673 2183 767 2232 uauru,
783 2167 925 2221 hereditas
938 2171 988 2232 (55.
1002 2174 1043 2222 43.
1056 2170 1124 2235 tt);

172 2256 237 2294 nam
254 2254 327 2307 quae
344 2252 493 2316 personam
510 2252 523 2288 a
545 2236 650 2301 autaut,
669 2250 703 2289 ea
719 2251 772 2289 nec
783 2234 1008 2289 aestimationem
1019 2250 1071 2289 nec
1083 2234 1125 2289 di-

171 2308 308 2361 visionem
330 2304 477 2381 recrpiuut.
536 2302 648 2369 equitur
664 2307 703 2365 55.
721 2307 830 2355 44-76.
854 2302 889 2355 de
913 2308 998 2379 caeto
1014 2309 1125 2366 nunnae,

172 2374 230 2428 sive
249 2373 284 2425 de
301 2386 467 2440 pecuniam
486 2384 551 2423 aera
568 2373 715 2422 numerata
733 2372 767 2433 (5.
781 2370 843 2437 75),
861 2371 965 2437 partum
1003 2370 1074 2423 rimo
1092 2385 1125 2423 ac

171 2456 238 2495 vero
256 2452 449 2557 seusuffiffiuam
463 2435 511 2488 diu
521 2436 644 2504 pecunia
653 2438 802 2491 numerata
812 2452 912 2490 revera
922 2436 952 2488 in
962 2386 1037 2490 lissra
1052 2437 1125 2491 aeris

171 2508 286 2627 rar?
297 2504 1035 2637 aa..commentataeramata
1049 2502 1126 2624 ⁶53

171 2639 316 2695 habebant
332 2643 366 2703 (5.
384 2641 451 2701 44.);
473 2610 560 2705 duare
583 2635 714 2691 effectum
733 2639 789 2700 est,
812 2640 845 2691 ut
865 2637 948 2691 redae
1003 2654 1064 2691 asse
1088 2637 1125 2691 ad

171 2708 309 2761 minutum
327 2721 481 2771 nummum,
500 2702 577 2772 quod
593 2719 682 2773 genus
699 2706 758 2759 seni
775 2705 841 2758 deni
853 2704 966 2758 demum
978 2704 1125 2759 denarium

172 2773 324 2839 efficorent,
344 2773 367 2827 si
385 2772 482 2840 quain
494 2787 603 2824 summa
615 2772 737 2825 denariis
750 2788 883 2840 expressa
894 2787 942 2825 aea
954 2773 1124 2837 excurreret,

170 2843 224 2896 hoo
241 2856 289 2895 aes
307 2855 455 2895 excurrens
473 2840 609 2907 tauquam
627 2839 784 2893 sedecimas
801 2842 897 2908 partes
912 2839 1019 2892 denarii
1037 2838 1126 2892 solitis

191 2907 294 2963 artium
312 2906 455 2962 vocabulis
473 2906 503 2961 et
518 2905 593 2959 notis
610 2905 823 2975 significandum
836 2907 918 2960 esset
948 2906 1057 2960 Deinde
1068 2906 1126 2975 agi·

170 2927 217 3031 Fur
234 2975 270 3030 de
286 2982 402 3044 pondere
419 2979 458 3039 55.
477 2978 517 3032 rt.
536 2977 587 3039 78.,
608 2974 638 3026 et
653 2976 796 3042 postremo
813 2978 852 3038 55.
871 2980 912 3027 ⁷9.
929 2978 970 3027 80.
1006 2973 1041 3027 de
1059 2993 1125 3026 men·

169 3064 232 3099 suro
249 3046 307 3097 sive
321 3041 492 3110 liquidorum
510 3040 569 3093 sive
588 3038 738 3105 aridorum,
757 3056 830 3109 quae
847 3055 904 3093 nou
916 3042 976 3093 tam
988 3041 1127 3109 partibus,

171 3126 255 3179 quam
271 3108 425 3164 maioribus
438 3124 470 3162 ao
482 3106 636 3161 minoribus
647 3108 769 3161 modulis
780 3108 817 3161 ad
830 3107 1003 3167 definiendas
1016 3107 1125 3176 quanti·

171 3182 243 3232 tates
270 3176 430 3255 constitutis
456 3174 622 3229 continetur.
658 3175 773 3253 ‚Ultima
799 3175 893 3255 rerba·
912 3179 936 3239 5.
958 3180 1023 3295 81.ss
1041 3174 1127 3243 culpa

169 3241 1125 3388 errari:errareturttrrrtrdrrrarraca:

168 3394 221 3433 uec
242 3379 317 3431 hunc
339 3375 478 3429 Macoranr
499 3375 601 3429 librum
622 3376 765 3443 integrum
787 3375 867 3428 nobis
888 3377 1030 3429 servatum
1053 3390 1126 3440 ease,

168 3460 318 3514 perperam
339 3442 483 3496 iudicavit.
523 3441 612 3512 Immo
634 3442 705 3495 haec
732 3443 795 3510 ipsa
817 3442 960 3496 sententia
976 3441 1013 3494 ad
1030 3443 1126 3519 partes

169 3526 357 3579 numerosque
370 3510 399 3562 et
410 3509 520 3577 pondus
537 3523 752 3576 mensuramque
765 3508 950 3563 communiter
963 3508 1124 3585 respiciens,
1136 3523 1199 3573 [ooo]

169 3576 254 3631 finem
277 3574 404 3645 opusculi
425 3576 539 3630 iudicat
578 3577 638 3628 Nec
655 3575 783 3643 opinere‚
807 3589 950 3629 mensuras
968 3577 1126 3643 spatiorum
