2542 3909
439 228 505 265 runrr
524 226 619 265 rtrum
638 228 710 265 sarar.
729 210 777 266 III.
796 216 820 265 o.
1043 216 1101 280 501

156 358 303 417 citudinem
326 367 439 431 spectat.
481 356 510 417 9.
537 353 642 415 ¹Serud
665 357 781 415 iataliter
802 356 1110 431 interemptolegatarii

155 444 279 499 (lemnum
305 452 362 513 est,
389 444 452 515 quia
479 443 597 516 legatum
624 442 699 499 nulla
725 443 802 516 culpa
835 442 940 499 heredis
964 441 1109 501 intercidit.

154 522 199 585 10.
216 520 351 581 2'llamnari
367 526 446 582 heres
462 534 562 600 potest,
579 535 608 581 ut
624 526 702 582 alicui
718 526 827 583 alonium
842 535 973 598 exstruat,
989 534 1035 583 aut
1048 542 1111 583 aere

156 611 245 667 alieno
268 626 329 665 eum
352 610 459 667 liberet.
502 608 538 668 11.
564 602 691 665 ³Sinendi
708 610 788 666 modo
809 620 863 665 tam
878 607 1034 683 corporales
1056 626 1111 680 res,

157 710 236 768 quam
253 710 320 765 quae
335 694 362 749 in
378 695 436 749 iure
451 696 620 767 consistunt,
638 695 724 767 legari
738 703 871 767 possunt,
892 701 919 750 et
934 687 1024 750 ’ideo4
1039 693 1111 749 delti-

156 779 210 835 tori
230 776 274 848 id,
296 777 368 850 quod
385 776 482 849 debet,
498 785 572 834 recte
587 778 701 851 legatur.
737 775 778 834 te.
803 772 884 833 5liius
905 779 961 846 rei,
984 793 1052 849 quae
1074 778 1112 831 le·

157 870 220 935 gata
236 869 289 931 est,
304 862 428 934 exemplo
444 861 551 917 heredis
567 870 670 934 partem
681 877 839 935 agnoscere,
855 869 957 933 partem
969 859 1112 933 repudiare

157 946 305 1018 legatarius
328 961 383 1001 non
403 953 506 1018 potest.
543 940 583 1003 ta.
606 938 756 1017 ⁶lopertum
777 946 829 1000 nist
854 952 943 1001 certae
962 946 1002 999 rei
1027 945 1062 999 sit
1084 951 1112 999 et

158 1028 190 1084 ad
206 1037 305 1085 certam
320 1044 463 1101 personam
479 1028 626 1092 deleratur,
649 1028 750 1083 nullius
771 1036 813 1084 est
828 1028 968 1083 momenti.
1004 1023 1047 1084 14.
1071 1020 1112 1083 ⁷st

158 1114 219 1185 quis
235 1110 285 1168 sibi
306 1121 334 1168 et
354 1112 425 1167 Titio
444 1111 564 1185 legatum
586 1113 776 1185 adscripserit,
799 1113 885 1185 magis
906 1119 949 1167 eat
971 1118 1001 1167 ut
1023 1117 1113 1167 totum

158 1196 276 1270 legatum
292 1194 324 1251 ad
341 1197 514 1253 coniunctum
529 1197 673 1269 pertineat.

255 1275 300 1355 [L.
317 1279 356 1337 18
370 1297 418 1352 pr.
441 1278 479 1335 D.
495 1282 534 1335 acl
546 1281 600 1353 lep.
619 1279 704 1336 Corn.
720 1280 755 1335 ele
768 1278 839 1351 fols.
856 1274 921 1351 (48,
939 1272 1015 1355 10).]

222 1359 263 1421 to.
287 1356 357 1429 tout
379 1378 408 1419 se
432 1362 487 1419 filio
512 1364 651 1420 testatoris
665 1362 797 1437 impuberi
819 1371 937 1419 tutorem
960 1362 1113 1435 adscripsit,

159 1456 191 1505 ut
206 1455 347 1520 suspectus
364 1464 379 1504 a
394 1447 478 1503 tutela
492 1446 674 1505 remouendus
695 1454 753 1517 est,
774 1446 806 1503 ad
822 1462 902 1521 quam
917 1446 991 1503 ultro
1008 1446 1115 1503 uidetur

159 1531 309 1589 affectasse.
346 1527 388 1589 16.
412 1524 496 1587 ⁹Rem
518 1531 633 1605 legatam
649 1538 765 1590 testator
785 1533 807 1587 si
827 1539 922 1605 postea
945 1531 1054 1605 pignori
1068 1531 1113 1587 uel

159 1615 272 1673 fiduciae
286 1613 400 1684 dederit,
417 1630 448 1671 er
465 1632 497 1671 eo
513 1616 683 1674 uoluntatem
698 1624 818 1673 mutasse
829 1632 884 1671 non
896 1615 1013 1673 uidetur.
1044 1607 1114 1672 ¹⁰17.

158 1699 333 1756 Usussruetus
350 1700 561 1772 uniuscuiusque
577 1702 615 1755 rei
630 1700 716 1773 legari
737 1707 845 1772 potest,
867 1708 894 1755 et
915 1708 961 1755 aut
975 1701 1035 1772 ipso
1057 1702 1115 1755 iure

159 1784 342 1840 constituetur
357 1790 403 1839 aut
417 1798 466 1856 per
482 1783 607 1847 heredem
622 1782 812 1856 praestabitur.
849 1799 882 1839 er
904 1799 983 1840 eausa
1007 1784 1114 1863 quidem

160 1867 336 1934 damnationis
359 1882 409 1939 per
431 1866 557 1923 heredem
580 1866 774 1939 praestatutam
797 1869 857 1939 ipso
881 1874 968 1922 autem
991 1868 1050 1923 iure
1066 1884 1115 1940 per

88 1964 147 2013 [tot]
161 1951 377 2007 uindicationem.
422 1947 464 2008 ta.
490 1943 627 2006 ¹¹l¹uriosi
641 1958 670 2005 et
685 1952 850 2022 aegrotantis
870 1958 898 2006 et
912 1950 1021 2006 tutantis
1037 1965 1115 2006 usus·

161 2036 265 2092 tructus
287 2034 391 2090 utiliter
417 2033 588 2106 relinquitur.
633 2034 729 2089 horum
757 2035 826 2089 enim
854 2034 923 2091 alius
945 2035 1114 2106 resipiscere,

143 2118 229 2175 alius
244 2118 444 2190 conualescere,
460 2117 527 2173 alius
542 2133 665 2175 erescere
680 2125 782 2189 potest.
818 2111 860 2173 ta.
886 2110 1034 2172 ¹²Anciliae
1050 2134 1113 2173 usu-

160 2204 252 2319 irucpr
280 2203 386 2275 iegato,
414 2208 509 2275 partus
537 2203 594 2257 eius
623 2200 656 2257 ad
683 2200 860 2257 fructuarium
875 2216 943 2258 ⁴non
965 2202 1113 2272 pertinent.

159 2282 211 2345 20.
249 2279 362 2359 ³Gregis
378 2285 522 2343 usufructu
537 2285 645 2358 legato,
661 2300 746 2358 grege
760 2287 869 2357 integro
884 2291 1026 2356 manente,
1042 2285 1114 2341 letus

234 2433 254 2502 ¹)
271 2436 309 2499 Cf.
325 2438 347 2497 ς.
363 2449 396 2487 te.
416 2436 438 2485 I.
454 2437 508 2487 eod.
562 2432 583 2501 2)
600 2436 638 2500 Cf.
653 2437 676 2497 §-
691 2447 724 2487 11.
744 2435 766 2483 Ι.
781 2436 837 2485 eod.
889 2431 1007 2502 ε)οῙ.11.
1023 2437 1066 2485 cit.
1081 2436 1113 2486 L.

159 2520 185 2559 tt
196 2522 240 2571 pr.
260 2506 292 2555 D.
304 2507 335 2556 de
346 2509 393 2571 lep.
405 2519 424 2556 1.
477 2504 498 2571 ⁴)
513 2506 603 2557 Malim
618 2507 686 2555 adeo.
717 2504 818 2571 Copitat
831 2521 892 2556 uero
903 2506 1012 2556 Paullus
1026 2506 1057 2555 de
1066 2504 1115 2557 loc

161 2580 260 2643 deputo:
273 2577 348 2626 neres
362 2592 430 2626 meua
444 2577 535 2639 sinito,
551 2584 579 2625 ut
596 2576 678 2626 Titius
693 2578 762 2642 quod
774 2576 838 2625 milti
851 2576 935 2642 debet,
950 2576 1000 2625 sibi
1013 2576 1114 2628 debeat.

163 2646 184 2712 ὅ)
201 2648 239 2711 εγ.
254 2647 286 2696 Ι..
300 2658 322 2697 t.
341 2647 373 2695 Ι).
389 2648 421 2696 de
435 2650 483 2713 tep.
499 2660 519 2697 1.
543 2648 575 2696 J..
590 2659 616 2697 ea
626 2662 669 2709 pr.
694 2647 725 2695 1).
741 2648 774 2696 de
787 2649 834 2712 lep.
851 2662 870 2698 1.
941 2644 962 2712 ο)
979 2647 1016 2711 Cf.
1031 2647 1064 2696 L.
1079 2660 1114 2699 oe.

159 2721 183 2781 ἃ.
197 2730 218 2769 t.
238 2717 270 2766 1).
285 2718 316 2767 de
331 2720 388 2767 iure
402 2717 454 2768 dot.
470 2718 514 2781 (11,
529 2717 560 2782 e).
580 2717 610 2766 L.
627 2729 651 2769 tt
662 2733 706 2781 pr.
726 2718 758 2767 D.
773 2718 805 2767 de
819 2721 867 2784 lep.
883 2731 902 2768 1.
923 2717 954 2767 L.
969 2720 1026 2782 15.
1042 2731 1062 2769 t.
1082 2718 1114 2769 D.

160 2790 192 2839 de
212 2789 288 2838 adim.
309 2804 331 2837 e.
352 2790 446 2853 manes.
466 2791 513 2853 lep.
534 2788 582 2851 (ot,
602 2787 633 2851 t).
709 2784 783 2853 ⁷)Cf.
803 2788 835 2837 l..
855 2801 881 2839 11
891 2804 935 2851 pr.
954 2791 977 2851 §.
993 2802 1013 2839 1.
1032 2789 1064 2838 D.
1080 2790 1117 2839 ad

160 2862 208 2925 lep.
226 2858 301 2909 Corn.
316 2860 347 2909 de
359 2861 421 2923 sals.
437 2858 487 2924 (ta,
501 2858 545 2924 to).
611 2856 631 2923 ⁸)
648 2859 756 2909 Plenior
769 2860 871 2909 uidetur
885 2863 977 2909 extare
991 2861 1018 2909 in
1033 2860 1065 2911 l..
1081 2873 1114 2911 18.

160 2932 183 2993 ἕ.
198 2943 219 2982 1.
238 2929 269 2978 D.
285 2929 321 2979 ad
334 2932 382 2995 lep.
400 2929 474 2981 Gora.
490 2930 521 2978 de
533 2930 596 2993 sets.
612 2928 657 2993 (te,
667 2929 711 2991 ιο).
738 2926 802 2989 ‘Qui
815 2944 843 2979 ee
853 2932 909 2991 filio
924 2931 1055 2980 tertatorie
1069 2931 1114 2979 im·

156 2999 252 3064 puberi
265 3007 374 3050 tutorem
387 3001 542 3063 adscripsit,
561 3001 610 3049 etsi
622 3007 757 3062 suspectus
769 3014 825 3049 eree
838 3002 1028 3062 praesumitur,
1047 3002 1117 3063 quod

160 3073 228 3121 ultro
243 3073 347 3120 tutelam
366 3071 496 3121 uidebitur
514 3071 663 3134 affectasse,
683 3078 765 3120 tanuen
783 3072 808 3119 ci
826 3072 934 3120 idoneus
947 3085 1002 3119 ease
1020 3084 1115 3133 appro-

159 3141 246 3200 betur,
262 3156 312 3192 nou
327 3156 361 3191 ex
375 3148 535 3199 testamento,
554 3142 602 3191 ced
613 3156 649 3191 erc
667 3141 770 3191 decreto
789 3148 860 3190 tutor
878 3140 981 3189 dandus
999 3148 1051 3189 eat:
1067 3156 1116 3191 nea

159 3214 294 3263 excusatio
309 3214 365 3261 eius
374 3214 530 3270 admittetur,
547 3214 608 3276 quia
618 3214 777 3261 consensisse
788 3212 891 3261 uidetur
901 3212 1029 3260 uoluntati
1038 3218 1116 3261 testa·

159 3279 245 3332 torte!
313 3280 334 3349 ο)
350 3282 388 3346 Cf.
404 3285 427 3344 5.
442 3295 475 3333 11.
491 3282 512 3331 I.
528 3283 560 3332 de
574 3285 621 3347 lep.
637 3282 669 3344 (1,
684 3281 730 3346 eo).
749 3281 783 3331 Ι..
797 3292 817 3331 a.
840 3281 865 3333 θ.
880 3282 937 3332 eod.
951 3281 983 3344 (e,
997 3281 1042 3347 aa).

162 3349 694 3418 ω)Τὶῑ.111.(11111111111111.1111111111
711 3352 772 3402 cad.
851 3349 883 3418 ¹¹)
901 3351 939 3415 Cf.
954 3351 986 3400 L.
1001 3362 1034 3402 11.
1055 3354 1078 3413 ξ.
1092 3364 1115 3403 1.

158 3423 191 3472 L.
206 3433 240 3475 ta.
260 3423 292 3472 D.
308 3423 339 3472 de
353 3423 438 3486 ususr.
455 3424 486 3489 (t,
501 3422 531 3489 1).
590 3420 622 3487 11)
639 3422 678 3485 Cf.
692 3422 723 3472 Ι..
738 3434 765 3474 ott
774 3438 819 3485 pr.
838 3423 870 3472 D.
886 3423 942 3472 eod.
962 3422 995 3471 I..
1005 3433 1039 3473 11.
1058 3424 1082 3484 ξ.
1093 3437 1114 3473 1.

158 3494 191 3545 D.
206 3495 238 3544 de
253 3508 323 3545 usur.
339 3492 388 3559 (11,
404 3492 434 3560 1).
454 3496 476 3556 5.
492 3505 525 3545 et.
548 3494 571 3543 I.
587 3494 618 3543 de
632 3508 685 3544 rer.
705 3494 757 3544 dir.
772 3493 807 3558 (1,
825 3491 858 3559 t).
929 3489 962 3558 ¹⁸)
979 3492 1017 3562 Cf.
1032 3492 1064 3544 Ι..
1079 3505 1115 3545 oa.

157 3566 181 3627 §-
195 3575 208 3614 1
223 3579 274 3629 seq.
294 3564 326 3613 D.
341 3566 373 3614 de
387 3565 470 3628 usufr.
486 3564 517 3629 (1,
531 3562 561 3630 1).
