2542 3909
185 171 246 238 850
329 189 387 225 rsa.
403 188 505 225 cruram
520 188 606 224 mese.
621 184 806 225 consrnrnrro.
821 168 867 223 VI.
884 174 997 223 itt-18.

228 319 279 389 tls,
308 309 874 391 quod'intentionlsuestrae1proprias
897 314 992 371 alierre
1019 315 1142 373 debeatis
1247 306 1248 311 ¹

225 400 410 475 probationes,
431 414 486 457 nou
500 399 644 457 aduersum
664 414 693 456 se
709 398 741 455 ab
756 399 916 457 aduersariis
937 393 1058 457 adduci.²
1088 399 1141 461 PP.
1247 456 1248 463 ,

226 485 279 541 lral.
294 483 354 540 liaii
368 485 422 541 ΔΑ.
438 492 467 540 et
480 482 530 539 CC.
546 477 635 541 coss.³

269 564 314 626 lb.
335 566 408 624 idem
423 566 518 624 eodem
533 582 649 641 corpore
665 566 736 623 titul.
752 565 799 623 ubi
814 567 858 641 agi
874 565 985 623 debeat:

226 649 467 725 lmppllioeletian.
481 660 508 707 et
519 650 666 710 llarimian.
680 651 733 710 ll.
742 649 892 707 Flauianus.
919 650 1011 706 luter
1025 666 1061 707 ce
1070 660 1141 707 tera

226 744 260 792 et
275 734 314 791 ad
328 734 453 791 locum:
474 733 656 808 Quaecunque
671 732 702 789 ad
720 742 745 789 te
760 735 922 807 pertinentia
937 733 1051 791 detineri
1074 734 1142 790 dicis
1247 756 1248 763 ¹

226 818 259 875 ab
269 819 322 890 bis,
334 834 451 891 quorum
463 819 615 882 meministi,
629 817 673 873 uel
684 817 842 890 probaueris
855 816 903 873 tibi
915 816 1015 887 deberi,
1031 833 1141 891 praeses

226 903 383 1043 prolegnclige
393 900 676 1040 rmtiguiprouidebit.
694 900 802 1039 PlEVll.
815 899 964 958 idlanuar.
979 902 1034 957 ΔΑ.
1052 894 1143 959 coss.⁴

308 1026 316 1041 .
368 999 411 1041 cm
425 1000 458 1040 eo
478 1000 521 1041 em
537 1000 652 1057 corpore
667 986 709 1042 tit.
743 985 909 1041 alesmum:

226 1069 311 1145 lmpp.
328 1068 485 1126 diocletian.
502 1077 530 1123 et
544 1068 694 1125 llanimiau.
718 1069 772 1125 dt.
783 1067 849 1123 lulio
861 1067 1011 1126 Pancratio.
1045 1066 1144 1124 luter

227 1160 342 1209 cetera
366 1160 399 1208 et
421 1151 460 1208 ad
481 1152 610 1208 locum:
633 1150 743 1207 Omissis
764 1153 855 1225 itaque
875 1150 1026 1208 istiusmodi
1045 1154 1141 1222 moris,

227 1238 251 1292 sl
266 1236 444 1292 intentionem
455 1250 530 1292 suam
540 1236 651 1309 incipiat
665 1236 835 1291 aduersarius
848 1243 910 1290 tuus
926 1234 1050 1309 implere,
1063 1250 1141 1308 prae·

227 1318 420 1393 scriptionibus
435 1320 566 1392 temporis
583 1318 626 1375 uel
642 1318 752 1375 alterius
763 1316 827 1395 (rei)
843 1326 872 1374 et
886 1326 916 1374 tu
931 1334 1038 1375 causam
1053 1320 1142 1392 magis

226 1407 301 1459 tuam
316 1402 440 1475 deiende,
455 1402 556 1459 babens
576 1403 748 1459 securitatem
765 1404 903 1472 uictoriae,
919 1403 943 1457 si
959 1401 1030 1475 quod
1051 1403 1159 1457 luten-¹

226 1486 266 1542 dit
280 1485 451 1543 aduersarius
467 1494 541 1556 tuus,
556 1484 760 1559 probationibus
775 1485 887 1558 implere
902 1501 957 1542 non
973 1486 1069 1559 possit.
1085 1484 1140 1541 PP.

226 1569 277 1624 uu.
293 1569 447 1625 diocletian.
464 1570 494 1622 Α.
508 1567 537 1624 V.
555 1577 583 1623 et
596 1568 745 1639 liarimian.
761 1571 792 1626 Α.
809 1567 836 1641 (Ι
845 1561 891 1646 V.)
905 1564 993 1631 coss.⁵

268 1647 311 1708 tt.
335 1652 401 1706 item
415 1651 500 1725 leges,
523 1651 595 1724 quod
609 1653 754 1724 scriptura,
775 1668 843 1724 quae
865 1651 965 1708 nullam
985 1651 1019 1708 de
1033 1650 1141 1725 legibus

185 1735 282 1792 babeat
296 1732 459 1805 firmitatem,
471 1733 571 1790 firmari
588 1752 602 1791 a
616 1737 738 1809 principe
750 1752 805 1792 non
816 1734 905 1807 debet,
919 1736 1013 1791 eodem
1025 1752 1142 1809 corpore
1247 1786 1248 1797 ,

185 1822 227 1877 tit.
244 1820 277 1876 de
291 1825 465 1878 testament.e

227 1904 311 1977 lmpp.
340 1902 497 1958 blocletiau.
521 1913 549 1958 et
577 1900 726 1959 llarimian.
755 1902 809 1958 At.
842 1901 952 1959 Aurelio
975 1901 1141 1974 Secundino,
1247 1955 1248 1973 ,

228 1987 346 2060 Optioui.
368 1984 689 2043 luterceteraetad
704 1986 830 2041 locum:
853 1985 1144 2059 Scriptura,quaenec
1247 2008 1248 2013 ¹

226 2072 295 2140 iure,
310 2086 362 2125 nco
376 2069 482 2141 legibus
498 2070 632 2138 consistit,
645 2085 696 2125 uec
715 2068 818 2125 anobis
834 2070 903 2126 hanc
913 2068 1063 2125 confirmari
1075 2086 1143 2126 con-

227 2156 318 2216 uenit;
340 2154 440 2227 quippe
461 2168 522 2209 cum
543 2150 685 2208 'beneficia
708 2147 782 2225 (niti)
810 2146 897 2209 citra⁶
918 2154 1075 2226 cuiusquam
1100 2155 1143 2207 iu·
1247 2172 1248 2223 3

226 2239 323 2293 iuriam
344 2235 500 2311 petentibus
522 2235 668 2293 decernere
694 2236 803 2292 minime
830 2235 974 2297 soleamus.
1017 2235 1066 2292 PP.
1084 2236 1143 2293 Vll.
1247 2246 1248 2301 ξ

228 2320 280 2376 lral.
297 2319 367 2377 Nou.
384 2319 579 2393 biartianopoli,
596 2319 643 2375 CC.
660 2312 746 2376 coss.⁷

269 2401 313 2462 18.
336 2405 403 2460 lteru
417 2403 504 2479 leges,
520 2403 636 2476 qualiter
651 2402 725 2476 quod
741 2395 865 2460 ’erector8
881 2402 982 2473 babuit,
1008 2404 1060 2460 boc
1082 2404 1144 2459 eius
1247 2442 1248 2451 .

186 2487 278 2545 benedi
300 2490 388 2559 possit
409 2497 593 2562 competere,
607 2502 641 2543 ex
663 2502 778 2560 corpore
808 2484 1015 2561 Hermogeniani
1038 2488 1082 2545 tit.
1106 2486 1143 2543 de
1157 2505 1218 2553 [rsa]
1247 2484 1248 2503 ¹

186 2570 415 2627 successionibusz

227 2653 314 2726 lmpp.
331 2652 487 2709 diocletian.
503 2660 531 2709 et
545 2652 692 2708 Maximine.
709 2654 765 2709 Al.
781 2651 892 2709 Aurelio
908 2653 1025 2710 Asterie.
1048 2653 1148 2711 inter

229 2743 344 2793 cetera
366 2735 451 2790 etad
474 2735 601 2790 locum:
623 2734 652 2790 Si
667 2736 813 2792 secundum
829 2735 908 2792 edicti
930 2736 1041 2793 formam
1058 2744 1147 2796 testa·
1247 2782 1248 2785 η

229 2829 350 2876 mentum
372 2816 542 2890 obsignatum
564 2818 671 2888 existit,
694 2817 781 2889 bona,
804 2834 881 2892 quae,
903 2834 964 2875 cum
987 2829 1149 2877 moreretur
1247 2862 1248 2885 ,

228 2896 353 2961 ’auctori
376 2908 454 2971 tuus,
478 2904 535 2957 eius
558 2900 679 2971 inerunt,
701 2902 851 2960 solenniter
871 2910 964 2976 petes,
985 2911 1019 2958 et
1039 2903 1148 2978 reliq.
1247 2922 1248 2981 ζ

227 2986 279 3044 ΡΡ.
295 2985 338 3042 ΙΙΙ.
354 2984 406 3040 lral.
424 2985 508 3059 April.
523 2985 633 3057 Sirmio,
648 2983 697 3041 CC.
714 2980 799 3044 coss.⁷

256 3158 280 3229 1)
289 3162 335 3211 Em
343 3161 366 3211 I.
378 3161 403 3211 Ο.
414 3162 557 3211 intentiones
567 3169 661 3212 uestras
672 3162 735 3211 Par.
745 3174 777 3213 tt.
793 3164 917 3211 intentioni
927 3170 1022 3211 uestrae
1033 3162 1096 3211 Par.
1105 3176 1147 3217 86.
1247 3166 1248 3209 t

188 3229 209 3296 2)
224 3233 318 3281 Deease
331 3232 448 3281 videtur:
464 3233 585 3294 postulare
603 3234 643 3281 uei
658 3240 773 3295 oporteat.
848 3228 869 3297 8)
884 3232 938 3284 Aut
951 3233 996 3281 lt.
1012 3239 1095 3281 etant
1116 3242 1149 3283 ut
1247 3210 1248 3286 l

187 3306 214 3350 in
228 3302 251 3349 1.
268 3302 294 3350 0.
309 3309 333 3349 et
347 3299 391 3349 ct.
406 3301 547 3351 delendum.
603 3299 625 3366 ⁴)
641 3318 665 3353 a.
680 3312 801 3353 aes—aot.
859 3298 879 3365 ὅ)
895 3318 918 3351 a.
934 3313 980 3353 aba.
1037 3298 1059 3368 6)
1073 3300 1147 3365 Sup-
1247 3294 1248 3339 l

186 3372 255 3433 plevi
270 3385 292 3418 v.
307 3371 363 3425 nisi,
378 3371 452 3419 cuiue
466 3378 527 3419 nota
540 3372 647 3419 excidit.
676 3371 777 3420 Haenel
791 3372 826 3420 ad
839 3371 927 3421 Herm.
945 3373 970 3421 0.
981 3388 1009 3436 p.
1022 3384 1055 3423 itt.
1070 3387 1147 3436 susp.

187 3440 303 3535 bzeneilcia
324 3440 395 3488 circa.
476 3437 496 3503 ἵ)
517 3456 541 3489 α.
563 3451 685 3491 att-³02.
767 3438 787 3504 8)
809 3449 875 3490 actor
895 3442 953 3491 edd.
1033 3438 1054 3507 ⁹)
1074 3450 1151 3493 actor

212 3524 252 3556 ur.
267 3519 300 3558 tr.
