2542 3909
187 230 205 286 6
363 233 389 266 li.
409 230 499 265 1vrt1t⁷s
517 228 618 264 unveis
633 239 666 248 -·
681 228 704 263 Ρ.
719 227 815 263 MVCIVB
830 226 972 263 scfflvom.

247 353 276 415 4.
297 354 384 411 limtio
401 356 497 427 equina
511 353 604 408 similis
620 353 679 408 iere
699 368 729 407 ae
749 352 831 408 boum
853 361 881 408 et
902 355 1050 422 asinorum,
1072 353 1147 426 quud

185 441 278 497 iisdem
293 438 373 493 rebus
389 440 414 493 in
431 439 548 493 emtione
564 437 701 492 dominum
716 444 838 508 mutant,
857 445 888 491 ut
909 439 936 492 in
951 436 1050 492 Manilii
1063 439 1147 493 aetio·

185 522 264 579 nibus
280 523 429 594 perscripta
444 529 516 580 sunt.
534 549 572 559 —
588 520 672 575 Varro
688 519 722 575 de
736 537 759 576 r.
775 537 798 575 r.
816 520 845 591 2,
863 521 891 577 7.
907 521 933 591 3.
951 521 979 577 6.

247 603 274 662 6.
295 603 397 660 Menum
412 604 534 660 Manilius
554 602 648 660 scribit
669 620 760 673 omne,
782 604 855 676 quod
878 620 927 677 per
947 603 1041 659 libram
1062 612 1090 659 et
1101 620 1147 659 aes

186 690 299 763 geritur,
314 690 342 744 111
358 705 413 761 quo
427 691 482 743 sint
498 689 634 760 mancipia.
651 717 685 726 -
704 687 788 743 Varro
804 687 837 743 de
852 687 882 745 L.
899 687 929 747 L.
946 688 976 759 t,
994 686 1064 758 ns.
1079 687 1148 747 105.

248 767 275 831 θ.
298 777 336 827 An
352 781 446 846 partus
464 771 574 827 arreillae
589 772 662 827 sitne
676 772 703 826 in
719 772 811 827 iruetu
825 770 977 836 habendus,
998 771 1149 828 disseretur

185 858 256 912 inter
271 856 404 929 principes
422 856 536 912 ciuitatis
552 855 581 914 P.
597 854 764 927 Scaeuolam,
775 846 818 910 M’.
835 854 987 927 Manilium,
1003 854 1035 909 ab
1049 856 1149 928 bisque

185 937 219 998 M.
235 933 347 996 Brutus¹
371 939 512 996 dissentiet
534 936 617 1014 (quod
639 947 668 993 et
687 947 795 995 acutum
814 956 902 1012 genus
922 947 1011 995 estet
1033 938 1066 994 ad
1080 956 1146 994 usus
1155 949 1188 997 [e]

185 1025 284 1079 ciuium
300 1040 354 1079 ιιοιι
371 1023 484 1097 inutile,
504 1039 610 1096 nosque
631 1038 663 1077 ea
677 1023 778 1095 scripta
792 1022 950 1096 reliquaque
965 1022 1085 1079 eiusdem
1101 1040 1149 1096 ge·

184 1109 257 1163 neris
280 1116 307 1163 et
328 1106 443 1181 legimus
458 1107 573 1163 libenter
588 1114 616 1162 et
630 1101 780 1180 legemus):
803 1106 877 1176 base,
902 1123 971 1180 quae
986 1108 1068 1162 uitam
1084 1124 1149 1164 een·

185 1194 274 1247 tinent
290 1207 405 1262 omnem,
424 1190 617 1264 negligentur?
633 1220 673 1230 -—
686 1188 738 1245 Cic.
755 1189 788 1244 de
804 1188 850 1247 fin.
869 1189 896 1253 1,
912 1190 942 1247 4.
959 1190 987 1261 3.
1006 1190 1054 1246 12.

247 1271 273 1333 V.
293 1274 418 1330 llluseras
433 1274 492 1329 heri
508 1282 560 1330 ete.
575 1302 617 1314 -
632 1272 672 1329 Cf.
689 1290 771 1347 supra
785 1272 846 1333 Ser.
862 1272 966 1329 bellum
982 1274 1075 1330 Catum
1091 1274 1121 1332 2.

247 1352 291 1415 &²
313 1400 319 1413 .
337 1399 344 1414 .
363 1400 369 1413 .
387 1367 418 1414 ut
440 1357 484 1412 bie
505 1358 571 1412 iuris
594 1364 689 1413 noster
709 1358 843 1430 interpres
866 1357 915 1412 alia
938 1374 1010 1414 nune
1024 1356 1147 1415 Manilius

184 1444 243 1499 iura
258 1441 329 1498 dieat
345 1458 404 1498 esse
420 1441 453 1497 de
468 1441 610 1497 mulierum
625 1441 722 1513 legatis
738 1449 766 1495 et
787 1440 995 1512 hereditatibus,
1017 1443 1068 1498 alia
1082 1444 1148 1499 soli·

185 1534 229 1581 tus
252 1528 288 1582 sit
309 1525 466 1582 adolescens
487 1524 577 1581 dicere
597 1524 716 1580 nondum
738 1523 855 1580 Voconia
876 1524 936 1599 lege
958 1526 1019 1583 lata.
1035 1554 1077 1567 —
1091 1526 1146 1588 Cic.

184 1609 217 1665 de
232 1627 292 1684 rep.
308 1609 338 1680 3,
357 1609 406 1666 10.
419 1608 447 1681 3.
465 1608 515 1665 17.

459 1737 503 1803 Μ.
526 1735 678 1803 IVNIVS
701 1735 872 1802 BRVTVS

546 1843 664 1907 (eiusdem
679 1840 783 1909 aetatis).

430 1943 471 1999 De
494 1942 569 1998 iure
590 1942 692 1998 eiuili
714 1940 796 1999 libri
819 1950 901 2000 tres.

247 2041 273 2101 1
297 2042 334 2099 111
356 2041 425 2100 libro
447 2044 550 2117 primo:
574 2041 667 2098 ‘Ferte
689 2045 790 2115 euenit,
813 2051 845 2100 ut
865 2046 893 2099 in
908 2044 1058 2100 Priuernati
1074 2061 1146 2101 esse·

184 2125 770 2200 ιιιιιι’.-(]11.11εοιιι2553224.

246 2206 274 2272 2.
294 2212 331 2268 En
353 2211 469 2268 seeundo
492 2209 572 2267 libre:
597 2209 636 2266 ‘ln
662 2210 761 2267 Albano
784 2228 889 2267 eramus
915 2228 968 2285 ego
994 2219 1021 2266 et
1043 2212 1146 2268 Marcus

183 2295 277 2355 filius'.
294 2325 335 2336 -
351 2295 404 2355 Gie.
420 2294 455 2350 ib.

177 2370 187 2396 ²
246 2377 274 2436 3.
295 2380 363 2435 l'um
386 2394 418 2433 er
440 2378 510 2433 libro
533 2380 625 2449 tertio,
648 2380 675 2434 in
698 2396 752 2452 quo
769 2378 847 2435 finem
864 2377 997 2434 scribendi
1012 2377 1076 2433 ieeit
1091 2377 1146 2447 (tot

185 2464 271 2535 enim,
293 2470 323 2517 ut
338 2460 427 2517 audiui
443 2461 600 2518 Scaeuolam
615 2463 720 2534 dicere,
741 2471 805 2519 sunt
826 2464 884 2518 ueri
899 2463 974 2517 Bruti
995 2456 1082 2539 libril:
1104 2460 1146 2518 ‘lu

184 2544 288 2602 1111111ιὶ
304 2546 375 2602 iorte
390 2545 539 2601 assedimus
553 2562 604 2618 ego
621 2554 650 2601 et
664 2546 767 2602 Marcus
782 2546 877 2602 iilius’.
893 2574 933 2586 »-
948 2545 1003 2604 die.
1020 2539 1069 2602 ib³

246 2626 275 2686 4.
296 2630 420 2686 illuseras
435 2630 494 2687 heri
509 2638 560 2687 etc.
578 2662 615 2671 -
632 2630 671 2689 Gi
687 2647 768 2704 supra
784 2634 844 2687 Sex.
861 2631 965 2687 delium
980 2629 1074 2686 Catum
1091 2629 1119 2685 2.

428 2758 463 2824 Ρ.
486 2758 649 2826 MVOIVS
673 2758 903 2826 SOAEVOLA

395 2865 455 2932 (cos.
470 2881 491 2915 ιι.
507 2882 530 2916 ιι.
545 2878 592 2918 611.
607 2872 673 2929 pont.
688 2880 749 2915 max.
764 2880 793 2914 ex
806 2881 828 2915 ιι.
839 2882 862 2916 ιι.
873 2866 931 2931 ιιι).

245 2952 268 3014 1.
292 2997 298 3011 .
316 3000 323 3015 .
341 2997 348 3012 .
366 2965 395 3012 ut
410 2958 433 3012 si
447 2958 484 3012 ita
499 2958 679 3031 respondeas:
697 2956 827 3024 Quoniam
838 2956 867 3011 P.
875 2956 1007 3013 Scaeuola
1018 2956 1045 3011 id
1057 2955 1147 3013 selum

183 3056 243 3097 esse
258 3038 372 3096 ambitus
388 3039 492 3096 aedium
507 3041 615 3112 dixerit,
630 3034 739 3114 ἰιιιοιιι4
752 3042 861 3113 parietis
872 3043 1021 3097 eommunis
1034 3040 1149 3114 tegendi

256 3185 275 3255 ²)
291 3188 329 3252 Of.
345 3188 376 3237 L.
391 3200 424 3240 ue.
440 3189 472 3237 D.
487 3190 519 3239 de
534 3188 616 3252 deufr.
637 3186 669 3253 (t,
684 3185 715 3253 1).
754 3183 907 3252 ²)Aeeeseit
924 3200 945 3240 ι.
964 3189 1004 3237 ed.

183 3255 204 3324 8)
220 3258 305 3309 Paulo
319 3261 396 3309 aliter
410 3266 434 3309 et
445 3260 504 3322 fere
515 3260 620 3321 plenius
634 3258 698 3306 leues
711 3258 795 3320 refert
810 3258 861 3308 Gis.
873 3274 925 3321 pro
942 3259 994 3308 ctu.
1009 3269 1043 3310 ιι.
1059 3259 1082 3320 §-
1098 3270 1148 3310 141.

182 3329 250 3380 unde
263 3332 340 3379 etiam
354 3337 471 3392 apparet.
486 3330 551 3379 ltaee
565 3330 642 3377 initia
653 3329 737 3391 fuisse
746 3330 825 3377 trium
835 3328 967 3378 librorum.
978 3354 1014 3365 -
1024 3328 1068 3377 Ex
1077 3331 1147 3378 eius·

181 3401 238 3450 dem
246 3399 325 3449 Bruti
334 3399 410 3449 libris
419 3401 497 3448 etiem
507 3413 561 3448 esse
571 3414 594 3448 v.
604 3395 769 3463 ‘requietem’,
780 3400 849 3463 quod
855 3401 919 3449 citat
927 3398 983 3448 Ine.
994 3416 1035 3462 ap.
1047 3399 1146 3463 Haupt.

181 3471 217 3520 ad
233 3468 305 3519 Ouid.
320 3469 381 3519 Hal.
393 3485 421 3532 p.
436 3480 479 3527 95..
494 3471 644 3532 suspicatur
660 3467 779 3518 Osannas
793 3470 829 3519 ad
842 3469 964 3533 Pompoa.
981 3486 1010 3533 p.
1026 3481 1060 3521 ιι.

182 3538 204 3607 ⁴)
218 3539 336 3603 Scripsi,-
351 3539 414 3603 quod
428 3540 486 3588 edd.
503 3539 542 3603 Os.
556 3538 646 3589 Boetlt.
664 3539 753 3588 Comm.
