2542 3909
436 238 502 274 mm
520 237 614 275 rernm
632 239 704 274 enne.
723 220 756 273 11.
777 225 818 274 14.
1040 217 1102 283 477

79 384 142 432 [ssa]
152 368 255 439 emptio
270 383 325 423 non
345 366 468 434 uidetur;
492 376 520 423 et
540 366 601 422 ideo
623 367 785 440 quandoque
803 367 842 424 lul
863 374 964 442 potest.
1007 382 1040 422 ex
1055 366 1107 422 hec

153 451 223 504 euim
246 467 326 506 causa
351 453 474 524 pignoris
497 450 540 505 uel
563 449 674 506 fiduciae
697 449 767 506 liniri
788 468 842 506 non
859 459 960 525 potest.
1006 447 1034 508 i.
1061 445 1106 506 ¹Si

152 536 225 590 inter
246 533 407 590 creditorem
429 543 458 590 et
479 534 630 591 debitorem
654 536 828 607 conuenerit,
858 545 886 590 ut
910 533 1033 590 fiduciam
1056 533 1107 590 sibi

153 617 272 673 uendere
286 633 341 673 nan
356 617 447 688 liceat,
463 635 518 673 non
533 617 659 674 soluente
674 617 808 689 debitore,
819 621 937 675 creditor
948 619 1108 674 denuntiare

153 702 179 756 ei
194 699 344 758 solenniter
358 709 450 775 potest
471 711 498 758 et
513 701 677 758 distrahere:
701 719 751 759 nee
772 704 842 758 enim
865 719 896 757 en
919 701 966 757 tali
989 717 1108 758 conuen-

154 785 230 840 tione
246 782 358 841 llduclae
373 787 443 842 notio
458 787 532 840 nasci
548 794 648 858 potest.
687 780 715 842 6.
739 785 768 841 Si
786 786 905 842 creditor
923 801 979 841 rem
995 784 1109 841 fiduciae

154 868 244 924 datam
267 869 313 924 uni
334 884 367 924 ex
394 867 538 925 heredibus
566 868 610 924 uel
638 877 765 925 extraneo
792 862 955 941 legauerlt,²
977 868 1109 924 aduersus

154 968 249 1007 omnes
263 951 377 1008 heredes
392 954 463 1009 actio
487 951 599 1008 fiduciae
620 953 759 1026 competit.
803 949 829 1008 7.
854 945 901 1008 ³Si
915 952 1034 1009 creditor
1052 969 1109 1008 rem

156 1034 320 1093 fiduciariam
335 1035 429 1093 iecerit
444 1035 592 1106 meliorem,
610 1035 645 1091 ob
661 1051 691 1091 ea
706 1034 905 1109 recuperanda,
922 1052 990 1109 quae
1005 1036 1108 1108 impen-

154 1120 204 1190 dit,
220 1120 319 1175 iudicio
335 1117 448 1176 fiduciae
469 1118 618 1175 debitorem
641 1117 747 1176 halrebit
768 1119 923 1175 obnoxium.
959 1118 990 1175 8.
1013 1118 1109 1174 Nouis·

155 1205 238 1258 simus
254 1203 374 1259 creditor
387 1206 522 1277 priorem,
538 1202 627 1258 oblata
642 1204 771 1276 pecunia,
786 1203 830 1258 ’ne
844 1196 956 1276 inique⁴
970 1205 1108 1278 possessio

154 1287 183 1342 iu
198 1303 259 1342 eum
274 1287 468 1358 transferatur,
491 1286 625 1342 dimittere
647 1294 748 1360 potest.
793 1285 840 1342 sed
857 1295 883 1342 et
898 1287 974 1362 prior
989 1286 1109 1342 creditor

156 1369 304 1425 secundum
326 1371 497 1440 creditorem,
521 1372 545 1424 si
566 1369 693 1440 uoluerit,
717 1369 852 1425 dimittere
868 1387 921 1426 non
938 1369 1106 1444 prohibetur,

156 1469 317 1526 quamquam
332 1456 431 1528 ipsein
447 1457 562 1528 pignore
578 1455 671 1527 potior
684 1455 729 1509 sit.
766 1449 796 1514 9.
816 1449 935 1510 ⁶Seruus
951 1455 974 1509 si
988 1463 1108 1510 mutuam

156 1538 296 1610 pecuniam
318 1540 458 1594 seruitutis
473 1548 596 1610 tempore
611 1539 756 1610 acceperit,
771 1553 805 1594 ex
820 1555 850 1594 ea
865 1537 1030 1612 obligatione
1045 1547 1108 1613 post

156 1621 392 1679 manumissionem
407 1623 547 1679 conueniri
563 1637 617 1676 non
632 1630 733 1694 potest.

458 1775 521 1814 Tl‘l'.
535 1773 599 1815 xlv.
628 1773 671 1814 DE
686 1773 806 1819 vsvssis.

219 1865 245 1924 1.
269 1860 317 1923 ⁰Sl
329 1876 439 1940 pactum
453 1859 555 1923 nudum
571 1865 604 1922 de
618 1867 787 1939 praestandis
808 1871 897 1923 usuris
917 1870 1109 1942 interpositum

156 1953 209 2022 sit,
224 1950 327 2006 nulllus
341 1960 383 2006 est
399 1953 541 2019 momenti3
562 1966 595 2006 ex
610 1950 685 2006 nudo
701 1953 771 2006 enim
788 1960 866 2024 pacto
881 1953 952 2008 luter
967 1953 1039 2006 ciues
1054 1951 1108 2007 llo·

157 2027 272 2090 mauos⁷
295 2037 364 2090 actio
387 2051 442 2090 non
464 2036 592 2094 nascitur.
635 2032 665 2091 2.
694 2029 813 2090 8Usurae
835 2051 916 2108 supra
938 2036 1109 2092 centesimam

157 2119 264 2175 solutae
290 2127 393 2174 sortem
420 2117 558 2175 minuunt:
585 2127 744 2191 consumpta
773 2127 847 2173 sorte
876 2119 961 2191 repeti
984 2127 1109 2192 possunt.

157 2199 186 2261 8.
209 2195 381 2258 ⁹l'ralectitla
396 2204 507 2276 pecunia
522 2209 636 2275 propter
650 2201 801 2276 periculum
817 2201 967 2273 creditoris,
984 2202 1110 2273 quamdiu

232 2367 252 2436 ¹)
269 2371 307 2434 df.
321 2386 402 2435 supra
416 2383 437 2429 s,
451 2382 471 2422 n.
485 2373 509 2434 §-
519 2384 540 2422 1.
585 2367 607 2436 ²)
624 2371 663 2434 Cf.
679 2382 729 2429 ns.
746 2371 814 2431 §.en
860 2365 881 2434 ³)
897 2369 936 2432 Os.
951 2369 983 2418 L.
998 2380 1064 2432 epr.
1075 2381 1109 2421 ss.

158 2442 191 2490 D.
206 2442 238 2490 de
247 2444 321 2507 pipn.
336 2448 386 2492 act.
398 2440 444 2508 (is,
459 2439 490 2506 t).
560 2438 581 2506 ⁴)
596 2456 643 2504 quo
658 2442 715 2490 edd.
730 2457 765 2490 ecc
780 2440 866 2489 Gaiae.
882 2443 924 2504 ej,
939 2441 982 2489 cai
996 2439 1109 2503 Interpr.

149 2508 261 2561 'videtur
271 2513 371 2576 favere.
399 2511 452 2561 Sed
465 2519 526 2562 tanc
540 2519 677 2574 exspectas
692 2513 716 2560 in
731 2526 757 2560 se
771 2511 939 2568 transferatur,
953 2517 978 2559 et
993 2512 1033 2559 ias
1048 2511 1110 2574 offe·

157 2583 236 2632 rendi
244 2585 395 2646 pleramque
404 2589 500 2632 taniam
510 2598 527 2632 a
534 2583 684 2646 possidente
690 2584 836 2646 posteriore
846 2582 976 2631 creditore
986 2581 1110 2631 aduersus

157 2654 329 2702 uindicantem
339 2655 457 2717 priorem
471 2650 534 2718 (nisi
547 2668 634 2716 panas
643 2656 760 2716 priorem
774 2653 947 2716 possidentem
961 2654 988 2701 in
1003 2667 1033 2702 eo
1047 2667 1109 2710 esse,

157 2730 186 2773 ut
195 2725 294 2789 pipnas
306 2723 446 2790 distrabat)
461 2725 582 2773 exerceri
591 2730 684 2787 potest.
706 2723 744 2786 Of.
758 2722 790 2771 L.
807 2735 839 2772 11.
855 2725 878 2784 ξ.
894 2725 938 2772 alt.
954 2723 985 2772 b.
1001 2725 1046 2788 qai
1055 2731 1109 2786 pot.

157 2793 204 2859 (no,
213 2792 245 2860 4).
271 2794 331 2843 &am
344 2796 372 2842 in
382 2796 516 2858 plerisque
527 2794 588 2843 Gdd.
603 2795 639 2842 sit
648 2793 774 2855 obligatam
784 2794 909 2856 pecuniam
919 2807 975 2859 quo,
985 2809 1020 2843 en·
1031 2796 1110 2859 pemi-

157 2873 219 2914 nato
233 2867 309 2913 -uiam
321 2865 404 2927 facile
413 2865 571 2928 effecerisne
581 2865 629 2924 iui;
645 2865 730 2928 itaque
739 2865 850 2927 scripsi:
864 2878 893 2912 ue
903 2865 991 2928 inique.
1016 2864 1110 2929 Iniqua

155 2937 228 2999 soret
237 2937 410 2998 possessionis
423 2938 451 2984 in
462 2937 579 2999 priorem
593 2935 747 2984 creditorem
761 2936 908 2992 translatio,
923 2937 1041 2998 quoniam
1052 2951 1110 2984 aen-

157 3007 233 3055 dente
246 3008 292 3056 ilio
303 3020 354 3069 pro
369 3006 450 3056 lubitu
459 3006 616 3070 posterioris
630 3005 753 3070 pipnoris
767 3019 847 3054 cansa
862 3005 1038 3066 periclitatur.

158 3075 333 3142 ⁶)0s111.14.
353 3077 386 3125 D.
401 3077 433 3127 de
447 3075 495 3127 aaz.
510 3083 535 3125 ei
548 3083 598 3128 act.
615 3074 660 3141 (44,
675 3073 707 3140 t).
721 3074 753 3124 L.
769 3087 789 3125 1.
804 3087 825 3126 i.
846 3073 871 3124 0.
887 3090 921 3123 an
934 3088 1000 3124 sero.
1016 3089 1051 3123 esc
1063 3089 1111 3125 sao

154 3148 229 3210 sacto
254 3160 336 3209 4,14.

232 3147 280 3268 (Ἠ.
298 3146 377 3268 ldIV.
414 3213 437 3282 ο)
453 3217 491 3279 Cf.
506 3217 538 3266 L.
548 3228 569 3268 4.
590 3216 617 3266 0.
632 3217 664 3266 de
678 3231 749 3266 asar.
764 3215 796 3282 (4,
811 3215 857 3282 ³2).
876 3216 908 3266 a.
919 3227 953 3267 ii.
975 3216 999 3265 0.
1015 3216 1047 3266 de
1061 3218 1109 3266 loc.

158 3289 191 3355 (4,
200 3289 247 3356 65).
295 3286 316 3354 ⁷)
332 3288 403 3338 Idem
421 3287 546 3350 Ulpianus
558 3287 662 3337 videtur
676 3288 775 3338 dimisse
789 3288 821 3338 L.
832 3299 852 3338 t.
868 3288 891 3348 ἐ.
901 3299 922 3338 4.
938 3287 970 3336 D.
981 3287 1012 3337 de
1023 3289 1110 3350 pactis

158 3360 257 3427 (2,1t):
276 3359 333 3409 Cum
352 3360 415 3409 nulls
434 3373 506 3407 causa
526 3359 621 3420 subest,
640 3365 739 3424 propter
758 3359 939 3408 conuentiouem
957 3358 996 3406 hic
1017 3365 1111 3407 constat

156 3445 204 3482 non
217 3446 290 3495 posse
305 3431 418 3482 constitui
431 3429 608 3492 obligationem,
622 3429 666 3478 nbi
679 3445 732 3493 pro
746 3431 832 3493 inepta
846 3445 868 3478 υ.
884 3430 922 3478 hic
937 3429 1110 3492 reponendam

157 3504 179 3552 ie
195 3525 228 3544 =
243 3504 294 3552 iure
309 3503 383 3552 ciuili.
453 3498 475 3567 ⁸)
490 3501 529 3564 Of.
544 3501 576 3550 L.
591 3512 617 3552 is
627 3515 672 3564 pr.
687 3500 719 3550 D.
735 3501 767 3549 de
781 3501 854 3551 cond.
870 3499 953 3549 indeb.
970 3498 1014 3566 (14,
1029 3497 1060 3564 d).

158 3570 180 3638 9)
197 3571 235 3636 Of.
250 3573 283 3623 L.
297 3585 318 3623 1.
340 3571 366 3622 0.
381 3573 413 3623 de
426 3579 497 3622 nant.
509 3572 580 3634 foen.
595 3571 627 3638 (4,
642 3570 687 3637 ts).
707 3570 738 3619 L.
753 3583 819 3634 epr.
835 3570 867 3620 D.
882 3571 938 3621 eod.
954 3570 999 3636 (ee,
1013 3569 1046 3636 s).
