2542 3909
25 81 58 180 (a
166 127 228 193 812
376 142 473 179 mnus.
493 143 546 181 nvn.
565 141 626 177 non.
646 140 732 177 vona.
753 128 901 179 ast-sto.

164 288 330 347 sponsorem
351 273 494 328 conueniat
508 272 578 327 intra
593 270 751 335 biennium·
772 270 825 327 sed
846 274 914 329 etsi
927 286 1000 343 opus
1014 288 1119 329 nouum

164 360 355 426 nuntiauerit,
379 357 428 412 udi
446 358 627 412 interdictum
648 354 726 411 nohis
747 354 813 411 utile
835 363 877 410 est
898 368 984 419 avon
1005 371 1037 412 vs
1058 370 1121 413 nvn

165 457 253 501 cerro.
294 440 387 496 Plane
416 445 485 496 tunc
508 446 535 495 et
556 440 662 513 adtipat
689 440 769 497 nodis
790 453 871 495 reum
890 442 1070 508 procurator
1092 446 1121 493 et

163 524 281 597 adquirit
307 524 458 594 actionem,
485 524 509 579 si
536 527 585 580 cui
610 530 709 579 nostro
737 525 850 579 nomine
872 525 1028 595 pecuniam
1058 539 1119 578 ma·

164 614 242 666 tuam
257 608 313 664 det.

225 686 294 749 335.
320 684 415 748 ¹Actcr
429 691 606 765 municipum,
625 693 677 763 qui
690 705 729 747 eu
745 691 836 747 edicto
857 689 1016 761 defendere
1037 696 1064 746 et
1084 690 1121 746 de

164 781 229 831 rato
245 789 353 832 cauere
368 775 488 848 cogitur,
503 768 660 830 intardum²
675 780 804 830 neutrum
820 781 980 845 praestare
1001 788 1120 831 necesse

163 859 257 928 dubet,
273 874 327 915 nec
345 858 467 915 iudicati
484 859 620 915 iudicium
642 858 762 930 accipere
781 860 900 931 cogitur,
922 856 995 931 quud
1016 856 1121 914 iudicio

161 953 218 1015 pro
232 942 422 1015 municipibus
437 948 555 1012 accepto
564 942 717 997 damnatus
729 948 780 1011 est,
792 941 863 997 sicut
874 942 901 997 in
913 942 1056 1015 cognitore
1073 938 1120 998 ad·

164 1031 312 1084 seruatur.
334 1033 361 1083 et
372 1025 502 1081 mutandi
517 1027 627 1080 actoris
635 1032 766 1097 potestas
778 1031 820 1081 est
836 1028 865 1081 in
883 1027 982 1081 iisdem
1002 1024 1119 1092 casibus,

164 1108 262 1184 quibus
277 1118 305 1165 et
320 1110 494 1183 cognitorem
507 1113 621 1165 mutare
629 1111 706 1166 licet.
728 1116 931 1182 etquauquam
943 1112 1077 1165 constitui
1094 1112 1123 1165 ei

161 1186 281 1266 potest,3
294 1207 351 1250 non
363 1199 458 1248 tamen
470 1200 550 1248 recto
561 1193 585 1247 ei
597 1191 724 1261 soluitur,
737 1194 807 1249 sicut
819 1208 869 1249 nec
881 1196 1029 1266 capnitori.
1052 1192 1121 1249 Pte-

165 1292 285 1350 rumque
300 1268 408 1332 tamen⁴
424 1282 507 1332 actor
529 1280 688 1347 municipes
703 1280 788 1333 etiam
807 1276 939 1332 aduersus
961 1292 1053 1331 omnes
1074 1274 1120 1331 de-

164 1361 283 1419 fendere
298 1362 419 1432 capitur,
432 1362 506 1415 sicut
516 1366 704 1432 procurator,
718 1367 745 1415 et
757 1363 797 1416 ita
809 1361 919 1416 demum
930 1366 1011 1416 recte
1027 1358 1119 1415 dasen-

164 1445 229 1501 dorc
249 1441 429 1515 intelicpitur‚
450 1447 476 1499 si
493 1447 534 1499 ita
555 1450 586 1500 ut
607 1462 626 1499 a
645 1452 840 1515 procuratore
861 1446 940 1517 enipi
958 1446 1040 1513 sodet,
1055 1444 1121 1499 satis

164 1526 286 1594 dcderit;
301 1532 423 1582 cetorum
434 1542 470 1583 ne
480 1530 557 1584 actio
568 1528 715 1584 iudicati
703 1544 733 1583 m
745 1542 808 1584 eum
818 1528 913 1597 detur,
922 1535 1045 1600 praetor
1056 1542 1121 1583 eum

165 1611 297 1667 aaiuuarc
312 1608 401 1680 debat,
424 1612 494 1668 sicut
510 1614 541 1667 in
553 1618 751 1682 procuratore
768 1616 934 1683 proesentis
949 1612 1119 1671 custoditur.

73 1680 140 1758 Ἠ
226 1687 298 1751 336.
324 1686 399 1750 ⁵tio.
427 1694 447 1751 Ι.
477 1694 686 1751 Sententiarum.
721 1687 779 1774 (1.)
801 1694 867 1751 Cum
882 1711 938 1767 quo
953 1698 1047 1767 agitur
1067 1710 1120 1751 suo

78 1764 151 1803 sm
164 1782 285 1849 nomine,
307 1781 336 1835 si
355 1778 517 1851 quidenna
538 1792 608 1848 rem,
628 1794 686 1851 pro
698 1780 810 1851 praede
823 1780 881 1835 litis
896 1786 923 1835 et
944 1778 1120 1835 uindiciarunn

165 1862 327 1920 aduersario
349 1863 493 1919 satisdare
515 1866 636 1935 capitur,
660 1866 705 1919 uei
728 1865 884 1920 iudicatum
912 1863 999 1926 solam
1021 1863 1120 1937 quodsi

163 1948 192 2003 in
206 1962 349 2021 personum
364 1947 490 2014 situatis,
503 1944 810 2017 depensiuetiudicoti
825 1954 983 2003 conuentus
997 1947 1118 2014 iudica-

164 2028 232 2103 tum)
248 2026 342 2105 s(otni)
358 2030 489 2087 satisdat.
519 2028 622 2086 Alieno
636 2034 750 2087 nomine
770 2032 798 2085 in
813 2044 870 2084 rem
884 2046 934 2103 pro
950 2030 1049 2102 praedo
1063 2029 1119 2084 litis
1246 2072 1247 2115 t

164 2117 396 2172 ctuiudiciarum
410 2116 457 2171 uel
471 2109 692 2187 iiudicatumjs(
682 2110 771 2187 (uiui),
783 2116 813 2169 in
826 2126 982 2184 porsonam
996 2108 1117 2189 iiudica-
1131 2110 1192 2159 [⁷1⁹]
1246 2118 1247 2155 t

165 2198 232 2269 tum)
253 2193 347 2272 sicini]
364 2198 532 2255 satisdatur
565 2193 616 2271 (2.)
632 2190 758 2253 Actoris⁶
773 2204 935 2269 procurator
955 2212 1013 2253 uon
1028 2197 1119 2253 solum
1246 2202 1247 2211 ¹

164 2283 309 2339 absentem
322 2281 489 2353 defendere,
505 2281 558 2338 sed
576 2288 604 2338 et
618 2296 679 2337 rem
694 2285 790 2336 rotam
804 2279 943 2337 dominum
958 2279 1119 2337 habiturum

164 2366 308 2421 satisdare
323 2367 442 2437 capitur.

226 2442 293 2506 337.
309 2440 490 2503 ''Procurator
504 2456 566 2505 autc
579 2451 654 2521 pesti
667 2451 772 2521 nepotii
790 2453 910 2513 nomine,
924 2466 979 2522 quo
993 2452 1042 2504 cui
1052 2449 1118 2504 odii·

162 2538 249 2605 patus
270 2538 351 2602 erut,
365 2533 486 2605 accipere
499 2531 628 2587 iudicium
654 2534 722 2587 iicet
743 2532 824 2603 finito
846 2533 979 2588 mundato
997 2533 1118 2603 frustra

106 2645 109 2649 ·
163 2615 315 2671 detrectat.

238 2771 258 2840 ¹)
271 2772 379 2825 Sensum
392 2774 552 2825 restituendo
565 2773 719 2837 sipnificaui.
741 2774 779 2837 Of.
795 2775 827 2826 L.
842 2786 876 2827 33.
891 2776 914 2836 §-
924 2786 946 2827 3.
959 2776 993 2825 D.
1003 2776 1118 2839 deproc.

164 2843 195 2910 (3,
209 2843 241 2910 3).
256 2844 288 2895 L.
302 2858 323 2897 3.
338 2847 361 2907 5.
377 2857 398 2897 3.
417 2844 450 2896 D,
465 2844 534 2909 quod
548 2845 646 2908 cuiusq.
663 2847 730 2894 unio.
746 2843 777 2911 (s,
791 2844 823 2909 t).
838 2844 870 2893 L.
885 2855 905 2894 t.
921 2846 944 2907 5.
959 2856 979 2895 3.
995 2846 1118 2895 D.dera

164 2916 217 2963 iud.
232 2915 278 2980 (13,
292 2914 325 2979 1).
344 2915 375 2964 L.
391 2927 411 2967 a.
433 2914 466 2963 D.
481 2920 566 2963 rotam
580 2929 633 2963 rem
648 2915 696 2981 (te,
715 2914 745 2982 ε).
768 2915 824 2964 Gai.
839 2927 865 2972 a,
879 2926 913 2967 ss.
943 2916 1044 2966 Partim
1063 2918 1118 2965 adia

164 2987 278 3034 restituit
297 2985 408 3048 Rudorf.
429 2983 553 3033 Zeitscdr.
573 2982 621 3036 IV.
642 2998 676 3049 p:
685 2998 718 3039 33.
743 2984 895 3052 (dequibus
915 2986 949 3047 cf.
964 2985 1117 3036 Betdmaan·

163 3054 289 3119 Holiwep‚
306 3054 442 3117 Ciuilproc.
458 3053 496 3104 II.
511 3069 539 3118 p.
554 3056 614 3123 311.)
628 3065 653 3107 et
666 3056 705 3106 ed.
720 3062 817 3119 perpet.
828 3070 857 3118 p.
872 3066 905 3107 51.
965 3052 986 3121 ¹)
1001 3056 1118 3107 Maxime

164 3139 197 3174 en
220 3126 277 3188 iepe
299 3126 459 3188 municipali,
483 3133 512 3175 ut
529 3134 602 3189 puto.
678 3124 698 3191 ⁸)
724 3126 762 3189 Cf.
786 3124 817 3174 L
837 3138 857 3177 3.
883 3127 906 3187 5.
926 3137 946 3177 3.
964 3128 1008 3177 cit.
1032 3126 1064 3177 L.
1083 3138 1117 3178 33

164 3194 187 3254 5.
203 3206 223 3243 1.
245 3193 278 3241 D
293 3194 325 3242 de
335 3209 444 3257 procur
460 3194 491 3260 (3,
505 3194 537 3261 3)
602 3194 678 3262 ⁴)Of.
695 3197 734 3257 ἐξ.
749 3206 795 3247 313
810 3207 857 3247 331.
927 3192 948 3261 ⁶)
962 3196 1069 3246 luctuum
1083 3198 1120 3246 nd

163 3276 264 3311 sensum
277 3266 387 3314 restitui.
407 3265 514 3331 (Paullo
528 3268 605 3317 aiiter
620 3263 746 3329 Momms.)
770 3265 808 3329 Cf.
821 3266 877 3315 (iai.
887 3278 910 3324 t,
918 3278 1015 3318 33-31
1026 3278 1072 3319 103.
1083 3278 1118 3318 35.

165 3327 187 3395 )
201 3330 276 3382 Haec
289 3338 435 3386 exstantia
451 3336 562 3385 Censuit
577 3346 598 3397 a,
613 3345 633 3384 3.
687 3330 707 3397 7)
722 3333 828 3385 Sensum
842 3338 1001 3386 restituendo
1016 3338 1118 3387 demon-

163 3404 253 3449 stravi.
275 3403 313 3466 Cf.
329 3406 368 3467 55.
383 3416 430 3457 sns,
445 3417 492 3457 ssu.
516 3403 547 3452 Si
556 3410 688 3466 postremo
698 3406 780 3467 primi
793 3420 883 3455 uersus
897 3408 984 3456 littera
998 3415 1065 3469 estp
1080 3407 1120 3472 (ut

164 3468 239 3518 habet
249 3471 276 3520 V
277 3471 288 3503 ⁰¹
290 3473 317 3538 .‚)
322 3475 490 3538 supplendum
497 3473 608 3521 uidetur:
615 3473 759 3525 Procurator
766 3476 1024 3540 autequandominum
1034 3484 1119 3527 ratum
