2542 3909
159 191 222 256 258
447 208 509 243 cm
525 207 628 242 ntem.
648 189 682 247 ΙΙ,
703 193 843 243 let-160.

160 368 220 408 rum
243 349 314 406 bone
337 350 471 406 uenieriot
493 367 543 422 pro
558 350 700 424 portione,
723 351 746 405 si
769 348 831 421 quid
854 356 950 420 postes
972 347 1125 422 adquirant,
1135 359 1191 412 [1811

160 436 242 491 etiem
258 437 365 508 saepius
381 450 476 490 eorum
492 433 562 490 boue
577 434 671 490 uenire
687 433 786 488 soient.
830 426 894 489 156.
918 431 964 488 Sui
986 441 1075 490 eutem
1098 442 1125 490 et

159 521 307 576 necessarii
327 518 441 575 heredes
457 528 522 575 sunt
537 519 613 574 uelut
628 517 700 573 iiiios
716 517 816 589 titione,
837 533 924 591 nepos
946 519 1072 591 neptisue
1093 535 1126 574 ex

160 602 215 660 filio
239 597 291 683 (et)
315 604 442 677 deinceps
465 605 564 674 scisti,
594 604 640 676 qui
663 603 742 658 modo
770 603 798 658 in
824 606 962 675 potestate
985 605 1128 658 morientis·

160 689 285 744 fuerunt:
309 688 356 743 sed
378 690 418 743 uti
433 705 519 762 nepos
538 689 663 761 neptisue
679 703 748 744 suus
768 687 913 758 heressis,
937 703 990 742 non
1011 685 1124 760 sufficit,

161 789 222 829 eum
237 774 265 829 in
279 780 417 848 potestate
432 775 476 829 eui
491 773 586 828 mortis
609 780 731 844 tempore
748 771 846 842 iuisse,
868 771 915 826 sed
932 787 1001 844 opus
1017 779 1073 843 εει,
1096 780 1125 828 ut

159 865 237 932 potes
252 874 362 930 quoque
377 859 436 913 eius
452 859 517 913 uiuo
533 866 610 931 petre
625 873 676 912 suo
692 855 803 911 desierit
813 872 880 911 suus
896 855 976 912 heres
992 871 1063 928 esse,
1079 865 1126 912 aut

160 951 248 998 morte
263 945 429 1016 interceptus
445 950 492 997 aut
504 941 624 1015 quotibet
635 943 739 996 ratione
755 939 884 996 liberatus
899 949 1051 1014 potestate3
1069 951 1126 996 tum
1153 987 1159 994 ,

160 1027 230 1082 enim
245 1042 332 1102 nepos
348 1028 475 1101 neptisue
490 1029 518 1082 in
539 1026 628 1083 iocum
645 1026 687 1081 sui
706 1027 790 1099 patris
806 1025 965 1082 succedunt.
994 1021 1055 1082 157.
1072 1025 1126 1081 Sed

160 1111 202 1167 sui
224 1112 332 1184 quidem
353 1110 468 1167 heredes
491 1110 552 1168 ideo
568 1110 752 1184 appellentur,
775 1110 838 1184 quia
853 1109 995 1166 domestici
1011 1108 1126 1165 heredes

158 1205 223 1251 sunt
239 1205 268 1251 et
282 1197 346 1251 uiuo
370 1212 480 1269 quoque
495 1201 606 1268 parente
627 1194 832 1268 quodammodo
852 1195 953 1251 domini
971 1194 1125 1248 existimen-

160 1288 215 1348 tur,
231 1280 301 1336 unde
316 1282 398 1336 etism
413 1282 437 1336 si
452 1281 512 1352 quis
527 1281 671 1336 intestatus
688 1287 813 1335 mortuus
831 1280 875 1347 sit,
892 1280 978 1352 prime
991 1293 1068 1334 cause
1084 1287 1126 1332 est

160 1365 187 1419 in
203 1366 376 1420 successione
392 1363 554 1421 liberorum:
577 1365 722 1421 necessarii
738 1380 804 1420 uero
827 1363 888 1419 ideo
904 1363 1043 1434 dicuntur,
1066 1363 1127 1436 quia

160 1449 332 1520 omnimodo,
349 1441 440 1528 (siue)
456 1449 540 1504 uelint
555 1447 638 1520 (siiuc
652 1444 761 1523 (nolint,
778 1443 849 1523 tum)
861 1446 893 1502 ab
905 1449 1034 1503 intestato
1046 1463 1126 1520 quom

160 1550 192 1589 ex
207 1540 371 1589 testamento
390 1531 503 1589 heredes
524 1531 602 1592 iiuot.
646 1529 708 1591 158.
732 1532 784 1589 Sed
805 1534 846 1588 his
869 1540 978 1606 praetor
993 1533 1127 1606 permittit

159 1617 295 1676 obstinere
317 1634 347 1673 se
369 1616 402 1672 ab
424 1617 593 1689 hereditate,
617 1626 648 1673 ut
670 1620 761 1691 potius
777 1618 896 1691 parentis
913 1616 984 1673 bona
1000 1626 1125 1673 ueneent.

159 1697 222 1759 lto.
245 1702 318 1758 idem
333 1703 400 1757 iuris
416 1711 458 1758 est
473 1709 501 1757 et
515 1693 574 1780 (in)
591 1704 682 1758 uxoris
702 1718 828 1775 persone,
852 1717 920 1775 quae
935 1703 962 1757 in
979 1717 1059 1757 manu
1074 1709 1127 1771 est,

160 1787 222 1861 quia
239 1785 308 1843 filies
323 1786 385 1843 ioco
401 1794 452 1856 est,
475 1795 503 1842 et
518 1789 546 1843 iu
565 1803 666 1858 nurus,
692 1803 762 1860 quae
784 1788 810 1842 io
826 1803 906 1843 manu
923 1784 1039 1856 intest,
1063 1787 1127 1859 quie

104 1867 146 1916 96·
161 1874 252 1948 neptis
264 1872 326 1929 loco
338 1878 389 1930 est.
410 1866 477 1933 160,
489 1870 559 1938 Quin
569 1873 648 1927 etiam
659 1871 784 1927 similiter
794 1870 945 1928 abstinendi
954 1863 1126 1948 potestietent

161 1956 225 2013 facit
247 1965 357 2031 praetor
373 1957 451 2012 etiam
471 1955 514 2018 ’ei
537 1958 625 2029 quiin
643 1972 722 2013 cause
739 1956 866 2030 mancipii
880 1965 931 2026 est,
954 1955 981 2011 id
997 1963 1039 2010 est
1055 1971 1128 2011 mon·

160 2044 265 2115 cipeto,
288 2035 365 2116 (qui)
387 2057 448 2096 cum
471 2034 612 2096 libertate¹
638 2041 718 2096 heres
741 2041 884 2096 institutos
899 2041 949 2109 sit;
972 2032 1128 2113 ‘quamuis²

160 2290 229 2324 nuuc
242 2275 305 2323 midi
317 2274 498 2337 smissaciunt,
514 2287 562 2321 nec
575 2269 634 2321 Suo.
651 2274 684 2335 ej.
698 2271 743 2338 (esc
756 2287 786 2322 eo
801 2269 880 2338 quod)
894 2272 992 2322 Latinus
1007 2273 1046 2321 cel
1060 2285 1128 2320 mea:

160 2346 238 2394 Latini
258 2345 343 2410 (bonis
363 2344 439 2408 quae)
458 2343 600 2406 adquisierit
618 2345 657 2392 oet
676 2345 704 2392 iu
724 2344 763 2392 ed.
784 2355 804 2394 tt.
832 2344 913 2392 Latini
931 2342 1004 2392 donis
1025 2343 1065 2406 qui
1086 2342 1127 2391 de-

160 2416 275 2477 cesserit;
290 2415 491 2464 demonstrando
510 2415 578 2462 enim
594 2421 653 2464 erat
671 2415 833 2464 hereditaria
852 2429 933 2464 causa
947 2414 1129 2478 acquisitionis

161 2495 186 2536 et
200 2486 373 2551 inteilependu
387 2491 425 2534 est
439 2484 563 2534 bonorum
578 2487 624 2535 itta
640 2487 770 2548 possessio
790 2484 822 2552 (1,
836 2486 873 2551 35)
892 2499 944 2535 non
958 2486 1031 2534 modo
1051 2483 1128 2534 hono·

160 2574 217 2606 rum
240 2558 358 2621 defuncti
381 2556 428 2605 sed
449 2558 526 2605 etiam
544 2557 609 2606 civis
633 2556 704 2606 Hom.
722 2557 792 2619 facti
813 2557 913 2605 Latini.
945 2554 999 2605 Sed
1016 2563 1040 2604 et
1059 2571 1129 2604 nunc

160 2629 258 2678 demum
284 2643 319 2676 eos
343 2639 367 2688 1,
387 2638 413 2678 85
436 2643 453 2676 a
479 2626 553 2676 nodis
573 2630 694 2677 restituta
717 2629 891 2692 inteltepz'tur,
920 2627 1129 2690 quemadmodum

164 2699 246 2748 Gaius
264 2699 312 2748 doc
331 2701 474 2762 exemplum
491 2698 515 2747 it.
537 2699 553 2746 l.
574 2697 644 2763 (unte
658 2711 683 2761 3,
698 2709 723 2750 os
737 2696 802 2764 seq.)
819 2711 918 2761 ponere
937 2698 1062 2759 potuerit.
1095 2695 1128 2744 In

160 2788 302 2851 archetypo
320 2789 446 2851 scriptum
461 2788 547 2851 suerit
562 2787 656 2836 Latinio
677 2787 740 2851 (pro
760 2785 786 2852 h)
806 2789 845 2849 dm
865 2787 887 2834 h.
968 2780 988 2848 ¹)
1003 2784 1025 2832 ci
1044 2783 1084 2846 qui
1103 2783 1127 2832 in

161 2873 233 2908 cause
257 2859 282 2907 id
306 2866 318 2906 e
342 2859 476 2922 mancipato
500 2859 588 2922 msetpi
607 2873 620 2906 e
640 2873 693 2907 cum
712 2857 773 2907 liber
792 2864 815 2906 ct
835 2857 861 2906 O.
881 2855 929 2922 (et,
953 2854 1038 2904 uerbis
1052 2854 1076 2903 id
1092 2861 1129 2903 est

161 2931 296 2993 mancipato
315 2937 412 2979 tantum
432 2931 536 2980 uncinis
554 2931 664 2979 inclusis
682 2929 721 2980 ed.
737 2927 786 2993 Bp.
801 2927 823 2992 5)
842 2929 991 2991 mancipato,
1006 2926 1030 2974 id
1045 2933 1082 2974 est
1097 2926 1128 2989 ei,

161 3002 202 3065 qui
221 3002 244 3050 in
264 3017 336 3051 seusa
354 3001 469 3065 mancipii
489 3007 538 3063 est,
558 3015 612 3051 oum
629 3001 691 3050 iiber
705 3006 728 3048 et
742 3001 781 3049 ed.
798 2999 845 3066 Bp.
877 2999 914 3062 Of.
931 2995 1037 3047 ‘Gaius’
1050 3013 1077 3062 p.
1092 3008 1127 3048 ts.
1266 2991 1267 3002 ¹

161 3073 192 3135 ei,
207 3073 285 3137 quiin
300 3088 372 3122 cause
387 3073 499 3136 mancipii
515 3079 560 3131 est,
578 3069 623 3138 (st)
639 3086 692 3121 cum
707 3071 818 3120 libertate
832 3072 871 3121 ed.
886 3069 960 3120 Stud.
1028 3065 1050 3137 ²)
1067 3069 1128 3119 Gor·

159 3145 228 3193 rexi.
253 3158 307 3192 cum
322 3142 360 3208 (in
375 3143 517 3208 archetypo
527 3150 593 3206 putu
608 3151 638 3192 cd
649 3159 701 3207 pro
716 3141 758 3209 qd)
775 3142 800 3195 0.
816 3143 874 3192 edd.

231 3352 274 3425 ἕξ.
291 3357 439 3406 los—158.
455 3377 488 3398 =
503 3357 526 3417 ἕ.
542 3367 562 3405 s.
582 3355 654 3404 Ltit.
668 3357 710 3405 ets.
727 3361 757 3418 (s,
773 3355 817 3422 19).
840 3356 877 3419 Of.
889 3357 962 3420 infru
977 3368 997 3419 o,
1008 3368 1028 3406 s.
1049 3355 1080 3403 L.
1093 3368 1127 3406 11.

159 3428 191 3476 Ι).
207 3429 239 3477 de
254 3426 296 3476 tit.
312 3433 415 3490 etpost.
427 3425 471 3490 (ss,
482 3426 513 3490 s).
542 3426 597 3489 Ulpi.
613 3439 645 3478 es.
660 3438 694 3477 si.
716 3426 804 3477 Cottas.
821 3439 855 3489 is,
869 3439 889 3478 e.
910 3429 933 3489 §-
948 3439 969 3478 e.
1026 3428 1049 3488 §-
1067 3428 1126 3476 159.

159 3498 200 3617 gf.
220 3511 254 3600 3'·
264 3509 284 3548 s.
309 3508 400 3560 s‚1oe.
421 3510 446 3562 1,
467 3509 513 3546 111.
585 3492 611 3564 §-
634 3500 692 3549 160.
713 3497 751 3561 Os.
772 3510 929 3559 1,123.188.
950 3509 1041 3560 e,114.
1071 3497 1126 3560 Uip.

192 3580 262 3630 ‚eu
