2542 3909
500 219 594 254 rvurvs
612 220 739 256 ravanus.
1042 203 1106 268 455

133 351 275 421 exemplis
292 353 506 422 spargerentur,
525 355 635 408 mature
653 355 729 408 vitiis
748 355 908 422 inquinatas
932 371 1004 420 esse,
1029 353 1101 408 adeo

132 423 171 475 ut
188 437 241 474 nec
258 420 278 472 ii
297 420 415 486 codices,
434 419 539 497 quibus
556 421 705 475 Iustiniani
724 425 754 477 et
765 422 869 476 Alarici
887 421 1041 491 prudentes
1058 420 1102 474 usi

135 490 212 555 sunt,
232 487 268 541 ab
286 487 340 542 hac
359 487 423 542 labe
441 505 584 542 immunes
600 490 716 556 fuerint,
736 507 793 545 non
805 491 888 544 modo
902 489 1037 543 credibile
1049 489 1101 556 est,

136 555 189 611 sed
208 556 294 609 etiam
311 555 373 625 ipsa
389 571 420 609 re
438 557 646 624 comprobatur.

208 622 278 677 Cum
295 638 363 677 vero
380 623 438 677 iam
456 624 492 677 ad
503 624 635 679 Paullum
647 625 806 694 integritati
818 641 885 679 suae
899 624 1103 678 restituendam

136 691 307 757 venerimus,
327 692 451 760 primum
469 694 612 747 sciendum
626 695 677 758 est,
695 696 838 763 epitomae
853 692 1029 746 Alarieianae
1047 709 1104 746 nou

52 767 122 824 [357]
138 760 278 827 exiguum¹
297 775 446 812 numerum
474 761 734 830 supplementorum
761 760 909 822 accedere,
937 760 1041 828 partim
1070 776 1105 812 ex

136 826 315 896 Fragmentis
328 825 473 880 Vaticanis
492 835 522 882 et
533 828 690 882 Collatione
709 830 739 882 et
751 825 963 882 Consultatione
983 829 1012 880 et
1020 827 1103 879 Iusti-

136 895 216 949 niani
241 893 381 972 Digestis,
409 895 514 963 partim
543 912 578 951 ex
604 896 772 963 quibusdam
799 895 941 948 codicibus
968 893 1104 947 breviarii

137 961 300 1027 Alariciam,
320 962 422 1030 quibus
440 978 476 1015 ex
494 964 623 1034 genuinis
641 963 731 1016 Paulli
749 962 909 1026 Sententiis,
929 963 960 1014 ut
978 961 1101 1025 videtur,

137 1027 1101 1161 {taltdtitlttlltitdretiarii&batillis

139 1170 356 1222 tb-19.21.2·2.
376 1167 532 1235 exscriptus
550 1167 580 1220 'et
595 1167 624 1218 in
644 1165 768 1219 editione
787 1180 836 1217 sua
854 1179 877 1223 a⁴
899 1167 972 1217 1566.
992 1162 1101 1216 adhibi-

135 1235 197 1299 tus,
215 1247 289 1285 nune
306 1248 374 1285 vero
392 1233 580 1300 deperditus.¹

137 1317 141 1324 ·
208 1299 291 1367 Quod
305 1315 373 1353 vero
391 1300 428 1354 ad
445 1303 536 1370 ipsam
554 1302 707 1370 epitomum
727 1299 914 1354 Alaricianam
933 1299 1049 1364 attinet,
1069 1313 1104 1350 ea

137 1366 255 1436 quidem
272 1367 420 1436 permultis
433 1369 576 1423 codicibus
587 1386 652 1426 mss.
667 1369 703 1422 ad
720 1385 771 1422 uos
787 1383 838 1436 pro
862 1367 947 1436 agata
964 1368 1015 1432 est,
1035 1381 1105 1432 quo·

136 1452 204 1488 rum
212 1434 339 1488 nonnulli
351 1437 387 1488 ab
398 1436 554 1490 editoribus
564 1435 659 1490 seculo
675 1436 784 1490 decimo
795 1385 875 1489 serlo
886 1437 928 1487 ins
950 1435 1014 1498 euti,
1029 1449 1103 1486 nunc

136 1503 189 1556 ubi
207 1502 275 1568 sint,
295 1502 454 1572 ignoratur,
474 1505 564 1558 multo
582 1504 675 1558 maior
693 1505 788 1558 autem
807 1519 871 1573 pars
890 1451 981 1556 adfine
1001 1501 1103 1580 exstat,

136 1586 191 1624 nec
210 1569 298 1623 solum
323 1572 416 1624 exstat
437 1573 487 1625 sed
506 1572 582 1626 etin
604 1573 698 1626 lucem
721 1573 866 1640 protracta
884 1571 935 1625 est.
971 1569 1103 1638 Inprrmrs

137 1637 258 1692 Gustavi
271 1637 404 1691 Haenelii
419 1639 564 1694 doctrinae
579 1641 609 1694 et
618 1640 760 1693 indefesso
772 1639 865 1692 studio
879 1637 1007 1704 debetur,
1026 1636 1103 1703 quod

136 1705 176 1759 tri
197 1705 258 1759 inte
266 1705 401 1773 quattuor
410 1707 537 1760 codicum
549 1708 585 1762 ab
598 1707 661 1777 ipso
674 1706 880 1775 descriptorum
895 1708 924 1760 et
936 1705 1104 1759 collatorum

136 1722 308 1827 lectionibus
323 1773 367 1826 uti
383 1773 491 1828 liceat.²
521 1775 644 1840 Quorum
662 1774 777 1844 quidem
794 1775 837 1826 siu
858 1774 970 1826 ulorum
983 1773 1105 1851 dedeti-

137 1841 191 1894 bus
210 1856 296 1910 agere
315 1841 346 1918 et
362 1841 478 1910 longum
496 1843 603 1897 estnec
620 1843 695 1897 tanti
712 1791 1104 1918 refert313gitursuific1thoc

137 1908 201 1962 loeo
219 1907 391 1976 generaliter
406 1911 532 1976 notasse,
556 1910 625 1963 duos
644 1909 730 1963 seculi
753 1908 881 1988 septimi,
906 1909 1013 1961 ceteros
1031 1923 1104 1960 mse-

138 1977 288 2044 quentium
307 1977 466 2030 seculorum
485 1993 552 2041 csse,
571 1977 640 2030 alios
658 1992 742 2045 saepe
762 1977 831 2029 ahas
844 1975 999 2028 sententias
1014 1976 1103 2028 conti-

136 2059 206 2098 nere
225 2058 278 2097 nec
295 2059 381 2112 quem
401 2059 467 2097 uam
485 2046 592 2098 ceteros
609 2043 651 2097 ita
669 2044 845 2164 praestantia
857 2059 1000 2112 superare,
1020 2043 1052 2095 ut
1070 2059 1103 2096 eo

138 2110 200 2165 solo
213 2112 256 2165 uti
265 2111 357 2165 liceat.
414 2110 509 2165 mnino
519 2112 614 2165 autem
629 2112 660 2164 in
694 2127 749 2163 unc
761 2126 910 2163 numerum
919 2127 976 2163 non
986 2110 1104 2163 veniunt

138 2179 250 2232 codices
269 2179 457 2249 epitomarum
474 2179 596 2246 illarum,
615 2178 694 2232 velut
712 2177 894 2247 Aegidianae,
914 2176 1104 2230 Guelferbita-

138 2262 201 2313 nae,
221 2245 349 2312 aliarum,
372 2263 445 2314 quae
463 2264 558 2300 rursus
577 2263 610 2300 ex
627 2245 769 2299 breviario
787 2244 948 2298 Alariciano
966 2245 1103 2312 posterio-

138 2315 216 2367 ribus
233 2314 335 2368 seculis
353 2314 455 2380 iactae,
473 2316 570 2368 nostra
589 2314 703 2367 demum
722 2313 816 2366 aetate
834 2312 960 2366 eiusdem
973 2311 1104 2366 Haenelii

137 2382 241 2436 merito
259 2381 288 2434 in
305 2381 462 2450 pleniorem
480 2382 610 2436 notitiam
629 2383 776 2435 venerunt.
812 2380 849 2433 Et
866 2396 932 2434 sane
952 2379 988 2432 ad
1006 2379 1104 2450 genui·

137 2467 206 2503 num
223 2449 355 2504 Paullum
373 2449 580 2504 restituendum
600 2449 646 2502 vix
665 2449 820 2519 quidquam
839 2447 996 2502 conferunt.

211 2659 233 2728 ¹)
247 2663 282 2713 Ci.
302 2664 398 2714 Stieber
415 2664 492 2713 Praei.
512 2665 541 2713 ad
562 2664 679 2714 ilauboldi
699 2679 781 2727 opusc.
802 2664 867 2715 acad.
882 2663 907 2714 T.
928 2663 957 2716 ll.
977 2680 1000 2728 p.
1017 2663 1105 2714 Clllll.

139 2735 239 2784 ilaeusl.
254 2737 329 2798 prael.
339 2736 369 2784 ad
384 2736 429 2797 leg.
440 2735 507 2784 liom.
518 2736 590 2797 Visig.
601 2751 625 2798 p.
636 2735 705 2784 XVII.
717 2735 776 2784 lllll.
802 2735 935 2784 Verisimile
950 2743 994 2799 eat,
1010 2736 1034 2786 in
1049 2751 1105 2786 eae-

138 2807 199 2855 teris
214 2807 347 2856 occideutis
361 2807 469 2870 partibus
480 2814 544 2856 extra
560 2821 658 2868 reguum
670 2806 846 2868 visigothorum
856 2806 920 2871 (narn
934 2808 973 2856 hic
984 2809 1105 2872 antiquum

140 2877 177 2926 ius
192 2891 237 2940 per
251 2892 335 2926 noram
349 2878 425 2940 legem
439 2878 569 2926 Romanam
584 2877 699 2926 abolitum
715 2876 776 2943 erat)
791 2879 946 2941 genuinarum
961 2878 1034 2928 Paulli
1050 2894 1107 2928 sen-

139 2949 269 2997 tentiarum
283 2949 381 2998 codices
395 2949 485 2998 diutius
500 2949 524 2997 iu
535 2963 579 2998 usu
594 2949 669 2997 inisse
680 2956 703 2997 et
714 2956 799 3012 postea
809 2949 955 2999 Francorum
965 2964 1038 3010 reguo
1048 2965 1106 3012 pro-

140 3018 212 3068 latuto
228 3020 300 3068 etiam
314 3020 343 3068 ab
358 3020 405 3081 his,
420 3021 460 3084 qui
475 3020 499 3068 iu
510 3019 586 3069 Gallia
596 3019 728 3070 meridiana
739 3021 776 3069 ius
787 3020 909 3081 docerent,
927 3021 1037 3083 usurpari
1049 3033 1107 3069 coe·

139 3090 215 3152 pisse.
243 3091 280 3139 lbi
299 3091 361 3139 euim
380 3091 475 3140 scholas
495 3091 604 3154 antiquos
623 3091 699 3140 libros
718 3092 860 3153 retinuisse,
882 3091 988 3153 exceptis
1003 3092 1105 3140 tortasse

141 3160 193 3210 Gaii
205 3160 407 3224 institutionibus,
422 3162 509 3225 probat
522 3161 633 3211 remissio
649 3163 679 3211 ad
695 3159 781 3212 ‘Paulli
795 3162 918 3225 Responsa
933 3161 977 3209 sub
992 3162 1060 3210 titulo
1076 3163 1105 3210 de

140 3246 166 3280 re
182 3229 276 3281 uxoria’
292 3233 317 3281 in
332 3233 434 3296 interpr.
449 3234 492 3284 Th.
503 3231 528 3282 C.
539 3233 578 3282 ill.
594 3245 628 3296 tt,
643 3245 663 3284 a.
688 3231 723 3282 Ci.
734 3233 818 3284 lsidor.
836 3232 900 3294 Orig.
911 3245 932 3294 e,
943 3244 969 3282 14
984 3239 1007 3280 et
1023 3231 1104 3282 Consi.

140 3301 241 3352 Omnem
256 3303 316 3366 reip.
331 3306 355 3366 ᾗ.
370 3316 390 3353 1.
442 3299 464 3369 ²)
478 3303 617 3367 Descriptus
632 3305 740 3353 invenies
754 3312 809 3367 post
824 3303 959 3353 Stieberum
974 3302 989 3353 l.
1003 3320 1022 3354 c.
1037 3305 1064 3354 T.
1075 3304 1105 3353 ll.

141 3387 165 3436 p.
176 3372 298 3424 Lxxxvtt
308 3389 359 3438 seq.
375 3375 398 3423 iu
410 3375 507 3424 ilsenel.
521 3376 597 3438 praei.
612 3375 643 3423 ad
657 3375 683 3424 L.
699 3375 766 3425 Rom.
779 3374 849 3437 Visig.
865 3390 886 3423 e.
898 3374 936 3422 lll.
952 3389 976 3437 p.
992 3374 1038 3423 llL.
1054 3390 1105 3438 seq.

140 3443 220 3507 ipsam
240 3441 342 3495 ‘Variet
363 3446 496 3509 scripturae
516 3461 544 3495 er
563 3446 635 3494 Paulli
656 3447 759 3508 avisig.
776 3446 832 3508 epit.
848 3442 988 3494 codicibus'
1010 3445 1106 3507 collegit

141 3513 205 3565 idem
219 3515 293 3565 Bono.
309 3527 370 3568 1834.
385 3522 409 3566 ei
423 3518 447 3566 iu
462 3516 533 3580 Corp.
549 3518 593 3568 iur.
609 3517 719 3566 auteiust.
734 3517 854 3565 Bouueusi
867 3531 890 3578 p.
907 3527 945 3567 168
959 3531 1010 3580 seq.
1040 3517 1105 3566 Unus

141 3599 169 3633 er
183 3587 220 3636 bis
235 3588 320 3650 codd,
335 3587 509 3652 Berolinensis,
526 3589 559 3637 ibi
574 3588 675 3637 collatus
690 3593 727 3635 est
742 3603 755 3636 a
770 3587 890 3636 liudcrlio.
