2542 3909
368 187 429 224 uos.
448 189 482 225 sn
500 188 560 226 nou.
579 170 871 226 warmacensem.
891 176 914 225 l.
1049 167 1111 234 685

159 333 341 393 partorum,
356 316 418 373 sub
434 317 541 375 titulo
563 316 618 374 ’de
638 317 777 393 abigeis
793 312 913 375 dicit:¹
934 314 961 376 t.
976 311 1116 374 ²lncendia

159 395 197 459 si³
220 402 266 476 qui
280 402 308 458 ln
324 400 423 476 oppido
443 401 558 475 praedae
579 418 658 459 eausa
680 394 872 471 'admiserint,¹
892 404 980 475 capite
999 401 1115 476 puniun-

158 495 223 544 tur:
246 487 293 559 qui
307 502 373 544 casu
387 485 502 544 insulam
517 493 563 542 aut
578 485 680 557 uillam,
701 501 756 542 non
771 502 805 542 ex
819 487 975 558 inimicitiis,
991 485 1116 544 incende·

160 571 226 642 rint,
248 569 347 628 leuius.
390 567 512 627 Fortuita
535 571 605 626 enlm
627 568 747 626 incendia
769 568 802 625 ad
828 569 919 627 iorum
942 563 1116 628 remittenda¹

160 662 236 724 sunt,
251 661 283 710 ut
297 653 423 710 damnum
438 654 533 710 uicinis
549 655 690 715 sarciatur.

224 737 291 812 llap.
307 736 359 796 Vll.
394 735 559 810 Ulpianus
582 737 673 796 libro
694 753 786 796 xvrn.
807 737 845 794 ad
867 738 1034 810 edietum,
1055 735 1117 795 snb

160 821 269 878 titulo
292 822 320 878 si
342 819 515 878 fatebitur
536 823 666 879 iniuria
688 823 841 879 occisum
862 837 955 892 esse,
978 823 1012 878 in
1034 823 1117 878 sim·

160 905 251 979 plum
273 905 321 961 'ut
340 899 572 963 eoudlceret.¹
607 902 632 962 1.
649 899 728 962 ⁷ltem
742 905 767 961 si
782 904 896 962 insulam
911 921 997 962 meam
1008 905 1118 962 adusse-

160 991 199 1046 ris
215 988 260 1046 uel
274 987 436 1056 incenderis,
451 989 573 1063 Aquiliae
587 990 720 1046 aetianam
734 987 849 1046 habebo.
879 988 1076 1065 ldomqneest,
1091 996 1131 1056 et¹
1174 997 1190 1063 y·

162 1073 185 1130 si
207 1071 347 1130 arbustum
370 1088 470 1145 meum,
493 1072 536 1130 uel
560 1071 651 1130 uillam
667 1088 763 1131 meam.
806 1070 836 1131 2.
860 1070 963 1141 Quodsi
977 1072 1041 1129 dolo
1057 1073 1118 1146 quis

162 1156 276 1214 insulam
292 1158 434 1228 exusserit,
458 1158 537 1214 etiam
553 1158 649 1230 eapitis
663 1172 751 1230 poena
764 1155 903 1229 plectitur,
926 1156 1005 1229 quasi
1027 1157 1118 1213 incen-

86 1247 151 1299 [⁵891
162 1241 273 1298 diarius.
316 1237 346 1298 8.
371 1233 450 1298 ⁸’Si⁰
473 1243 533 1312 quis
553 1239 668 1296 insulam
690 1233 837 1313 'israorrrl¹⁰
859 1239 979 1297 uoluerit
993 1255 1118 1311 exurere,

163 1333 190 1380 ot
204 1324 275 1398 ignis
291 1323 417 1399 etiamad
433 1324 514 1381 uicini
529 1323 643 1380 insulam
662 1325 832 1398 peruenerit,
854 1323 959 1398 Aquilia
982 1322 1135 1385 tenebitur.

161 1408 224 1482 lege
239 1409 343 1465 uicino:
360 1424 415 1466 non
431 1409 519 1466 minus
535 1407 614 1464 etiam
629 1407 769 1482 inquilinis
781 1406 816 1464 ob
831 1423 876 1466 res
888 1424 982 1465 eorum
998 1416 1118 1478 crustas,

162 1499 191 1550 et
205 1493 242 1547 ita
257 1490 344 1548 Labeo
364 1491 434 1548 libro
453 1491 513 1550 ’xm
533 1483 757 1566 responsorum¹¹
777 1490 870 1553 relert.
914 1489 943 1549 4.
966 1490 1019 1548 Sed
1033 1493 1056 1547 si
1071 1493 1119 1548 sti·

162 1576 253 1650 pulam
268 1577 295 1632 in
311 1591 376 1650 agro
392 1583 441 1632 tuo
456 1574 622 1647 incenderis,
644 1577 770 1650 ignisque
790 1582 921 1648 euagatus
935 1574 968 1632 ad
982 1575 1120 1649 praedium

163 1661 244 1717 uicini
260 1660 428 1734 peruenerit,
444 1667 471 1716 et
482 1659 549 1716 illud
562 1661 723 1730 excusserit,
737 1659 843 1734 Aquilia
854 1659 898 1717 len
910 1660 1001 1717 locum
1012 1657 1118 1732 habeat,

164 1761 198 1800 an
214 1745 242 1801 in
257 1743 359 1801 iactum
371 1745 442 1799 actio
457 1745 503 1814 sit,
519 1743 570 1800 luit
582 1744 759 1816 quaestionis.
795 1740 823 1800 5.
841 1742 875 1798 Et
888 1743 1026 1817 plerisque
1037 1744 1119 1817 Aqui·

164 1828 199 1884 lia
214 1827 258 1884 lex
272 1827 361 1884 locum
383 1825 481 1884 habere
495 1843 552 1883 uon
567 1825 691 1897 uidetur,
712 1834 740 1882 et
754 1826 793 1882 ita
807 1826 901 1882 Celsus
916 1826 985 1882 libro
999 1843 1118 1885 xxxvm.

164 1911 334 1985 digestorum
356 1909 459 1971 scribit.
502 1911 548 1966 Ait
569 1911 655 1981 enim,
677 1911 700 1964 si
716 1909 845 1983 stipulam
863 1910 1032 1967 incendentis
1047 1911 1120 1984 ignis
1161 1939 1164 1944 ·

163 1987 339 2069 ’effugerit,¹²
358 1993 463 2068 Aquilia
479 1993 541 2068 lege
556 2009 616 2050 eum
632 2009 688 2051 nou
704 1994 800 2066 teneri,
814 1992 863 2051 sed
878 1994 907 2050 in
922 1993 1023 2052 iactum
1038 2009 1120 2068 agen·

164 2078 242 2150 dum,
263 2077 338 2152 ‘quia
353 2095 408 2134 non
423 2077 606 2152 principaliter
621 2078 665 2134 hic
679 2079 798 2149 exussit,
821 2077 870 2135 sed
884 2076 948 2134 dum
965 2078 1036 2134 allud
1052 2079 1120 2152 egit,

163 2163 203 2219 sle
225 2163 296 2238 ignis
315 2159 471 2235 processit.¹
515 2156 545 2220 6.
568 2159 650 2218 Cuius
665 2162 800 2219 sententia
821 2153 896 2220 ἐῑ13
917 2164 1049 2236 rescripto
1065 2161 1122 2218 diui

163 2245 260 2304 Seueri
270 2244 444 2320 comprobata
454 2254 497 2304 est
507 2245 610 2303 inlraec
620 2244 717 2302 uerbae
733 2238 888 2320 ‘Propter¹¹
898 2247 1001 2320 ignem,
1012 2239 1121 2321 ’lqara'l¹¹

164 2330 254 2404 pabuli
270 2329 356 2403 gratia
377 2328 480 2401 iaetus,
499 2329 578 2404 eulpa
593 2345 736 2386 seruorum
751 2329 876 2387 Veturiae
890 2329 1002 2387 Astiliae
1021 2345 1121 2404 euaga-

155 2421 210 2470 tus
224 2430 320 2488 agrum
335 2420 423 2487 tuum,
444 2421 476 2472 ut
489 2415 630 2488 proponis,
653 2413 833 2488 depopulatus
848 2422 901 2487 est,
921 2413 954 2470 ad
969 2413 1121 2489 exemplum

239 2613 259 2682 ¹)
273 2615 376 2667 Errore
389 2631 424 2666 ec
437 2617 608 2680 inscriptione
617 2629 651 2678 11,
660 2629 683 2680 4,
692 2629 713 2670 o.
732 2621 869 2683 repetitum
882 2619 992 2669 uidetur.
1043 2606 1067 2685 ¹)
1082 2617 1121 2681 Of.

166 2687 198 2737 L.
213 2699 233 2738 9.
253 2686 286 2735 D.
300 2687 332 2736 de
346 2687 448 2738 iacenti.
463 2686 507 2753 (tt,
522 2686 551 2753 9).
568 2703 640 2752 supr.
656 2705 678 2738 e.
692 2699 713 2739 2.
724 2699 745 2741 o.
796 2686 818 2756 ⁸)
832 2690 973 2740 incendiarii
989 2689 1051 2739 odd.
1062 2689 1120 2739 edd.

167 2755 189 2823 ⁴)
204 2757 233 2806 ad
248 2771 300 2806 eam
314 2757 424 2808 miserint
441 2757 483 2808 Vi.
503 2758 527 2807 id
546 2759 686 2809 admiserint
699 2758 730 2808 B.
750 2759 796 2809 Ve.
810 2761 850 2812 ed.
865 2759 906 2809 Bt.
972 2756 994 2824 ὅ)
1010 2759 1049 2823 Cf,
1064 2770 1086 2818 t,
1099 2771 1120 2810 4.

166 2829 189 2889 §-
206 2841 225 2878 1.
240 2834 266 2876 et
279 2839 312 2888 11,
326 2839 347 2878 t.
363 2839 383 2882 a.
435 2824 457 2894 6)
472 2835 496 2877 et
510 2843 564 2878 eum
578 2828 677 2880 doceret
690 2828 789 2894 (docere
808 2828 866 2895 Vc.)
883 2830 945 2880 odd.
966 2830 1004 2893 Of.
1020 2829 1056 2879 ad
1069 2841 1121 2892 ne.

169 2895 188 2960 ⁷)
204 2896 301 2947 Exstat
314 2898 346 2948 L.
361 2909 395 2950 tt.
410 2900 434 2961 ἓ.
450 2910 470 2950 t.
490 2897 522 2947 D.
537 2899 573 2948 ad
586 2902 634 2965 lep.
649 2899 737 2964 Aquil.
752 2899 785 2964 (s,
798 2899 829 2964 a).
891 2897 913 2966 8)
929 2899 1026 2950 Bostar
1039 2899 1071 2962 Ie
1087 2911 1121 2950 tt.

165 2969 189 3029 ᾖ.
204 2978 224 3018 8.
244 2967 277 3017 D.
291 2969 348 3019 eod.
412 2967 434 3033 ¹³)
454 2967 481 3017 V
479 2971 495 3018 ἰ.
511 2975 535 3018 et
549 2968 608 3035 Dip.
623 2970 683 3020 ltem
697 2971 719 3019 si
732 2968 763 3019 B.
788 2971 833 3020 Ve.
848 2968 904 3035 (qui
916 2971 1018 3020 scilieet
1031 2984 1123 3019 nonum

166 3044 245 3101 eaput
261 3038 304 3088 tte
324 3039 462 3106 incipiunt)
480 3039 520 3089 ed.
540 3039 580 3091 Bi.
650 3037 689 3105 ¹⁰)
708 3040 837 3103 Suppleoi.
865 3039 978 3090 Excidit
995 3038 1026 3090 ob
1039 3041 1122 3089 simile

166 3109 262 3158 sulem.
291 3107 323 3158 In
343 3109 404 3175 Dap.
424 3117 462 3160 est
480 3110 583 3160 uoluerit
600 3123 686 3160 meam.
718 3109 771 3160 Sed
788 3111 876 3160 eadem
889 3117 983 3174 posteo
997 3125 1050 3172 pro
1070 3110 1122 3172 lege

165 3179 259 3229 debent
280 3181 359 3228 etiam.
393 3178 488 3230 Verior
506 3187 607 3238 nostem·
628 3181 664 3244 of.
684 3182 707 3244 ξ.
722 3195 773 3244 seq.
850 3177 883 3246 ¹¹)
901 3180 932 3230 B.
952 3195 1122 3243 responsorum

165 3263 208 3301 xv.
234 3249 274 3302 Vi.
290 3250 329 3300 ed.
344 3249 386 3301 Bt.
400 3265 572 3314 responsurum
585 3266 611 3302 v.
631 3251 678 3302 Ve.
752 3247 786 3317 ¹¹)
806 3251 851 3304 Ve.
866 3250 966 3313 lugitB.
978 3251 1065 3312 elingit
1079 3250 1121 3300 Vi.

166 3321 249 3382 elingit
262 3321 301 3370 ed.
316 3318 357 3369 Bl.
423 3317 457 3387 ¹³)
472 3321 517 3370 Eae
531 3321 600 3371 Pitlr.
616 3324 650 3386 φ’.
665 3322 697 3372 sit
714 3320 745 3371 B.
770 3322 815 3372 Ve.
837 3322 884 3373 soit
902 3323 944 3372 Vi.
969 3321 1062 3371 scilieet
1081 3322 1121 3370 ed.

165 3389 206 3439 Bl.
260 3386 293 3456 ¹¹)
308 3391 416 3454 profiteri
430 3398 529 3456 propter
540 3392 602 3442 odd.
612 3408 647 3442 ear
657 3395 725 3443 mala
732 3395 919 3458 peminatt‘one;
933 3393 984 3443 oid.
997 3391 1120 3441 Zeitselrr.

169 3459 249 3512 XIII.
263 3477 292 3525 p.
307 3473 340 3514 ae.
374 3461 474 3512 Praeses
495 3463 634 3526 prouinciae
656 3464 678 3512 si
699 3471 798 3528 propter
817 3466 857 3515 ed.
878 3463 921 3513 Bt.
998 3459 1031 3528 ¹¹)
1049 3459 1121 3512 Seal.

164 3533 299 3594 suppleuit.
