2542 3909
503 216 538 252 ΕΣ
556 216 641 253 suero
659 216 782 253 vnnmro.
1057 194 1117 258 725

167 347 328 421 progenitos
342 344 482 401 seruitutis
497 342 590 419 adfligi
605 344 753 418 dispendiis
767 346 877 401 minime
887 350 1026 418 oportere,
1041 344 1122 399 etiam

167 428 399 503 nostr'plemporis
414 428 608 501 tranquillitate
623 430 758 497 sancitur3
780 445 830 484 nec
844 427 896 484 sub
911 426 1026 484 obtentu
1040 427 1122 482 initae

167 512 332 569 uenditicnis
350 512 466 569 inlicitae
479 511 557 569 decet
576 512 771 586 ingenuitatem
791 512 912 583 infringi.
956 526 1039 585 quare
1052 510 1122 566 iudi-

167 612 225 653 cem
240 603 439 671 competentem
453 594 526 653 adire
541 612 591 669 par
606 602 663 667 est,
684 597 770 667 quiin
785 593 888 652 liberali
903 611 983 651 causa
997 611 1028 651 ea
1042 594 1123 651 faciet

166 680 298 754 conpleri,
313 682 424 754 quaein
439 680 626 737 huiuscemodi
640 677 861 735 contentionibus
876 679 994 735 ordinari
1008 694 1124 735 consue·

166 774 246 834 ruut,
272 764 420 821 secundum
441 763 606 820 iudiciariam
627 762 796 836 disciplinam
818 761 940 835 partibus
961 761 1123 817 audientiam

166 848 350 921 praebiturus.
395 846 446 904 PP.
468 846 533 905 idib.
551 850 621 921 Aug.
643 846 758 916 Romae,
780 845 956 903 Gnmtantino
979 852 1008 901 et
1021 844 1123 901 licinio

167 934 239 1005 Aug.
256 931 308 991 llll.
324 924 431 988 conss.¹

229 1010 279 1073 34.
304 1008 447 1091 (Iidem)¹¹
470 1016 561 1089 Augg.
585 1023 612 1072 et
627 1014 718 1073 Caess.
734 1012 774 1070 Ill.
798 1013 936 1088 ’Aprillae
972 1010 1039 1067 Cum
1061 1027 1124 1085 pro·

167 1096 277 1169 fitear'n,
290 1108 317 1155 te
332 1107 405 1155 certa
421 1100 570 1171 quantitate
583 1100 745 1172 mancipium
760 1114 792 1154 ex
804 1100 935 1171 sanguine
950 1110 1124 1169 conparasse,

167 1183 244 1239 cuius
272 1184 389 1256 pretium
411 1190 439 1239 te
460 1182 611 1239 exsoluisse
638 1182 706 1238 dicis
732 1190 759 1239 et
784 1180 970 1237 instrumentis
997 1194 1058 1234 esse
1079 1176 1125 1234 lir-

167 1273 283 1323 matum:
307 1258 393 1338 ’quia2
415 1282 429 1321 a
449 1265 528 1321 nobis
542 1267 594 1321 iam
610 1266 675 1323 olim
697 1264 891 1340 praescriptam
905 1256 974 1332 est‚³
994 1261 1078 1336 qnod,
1100 1263 1124 1317 si

167 1344 335 1423 (uenditor
351 1348 469 1405 uoluerit
484 1348 599 1405 liberum
613 1366 692 1405 suum
707 1350 857 1423 legitimum
871 1348 1036 1421 reciperare,
1059 1354 1124 1402 tunc

166 1434 195 1489 iu
209 1434 267 1490 eius
282 1432 372 1489 locum
386 1433 549 1507 mancipium
564 1432 675 1490 domino
690 1434 777 1503 daret,
799 1440 845 1488 aut
859 1433 987 1505 pretium,
1005 1446 1060 1503 quo
1076 1446 1124 1486 ua·

167 1509 289 1588 luisset,⁶
311 1523 479 1573 numeraret:
504 1518 584 1573 etiam
607 1509 763 1587 'maner'pr'rl
777 1532 792 1571 a
806 1518 864 1572 suis
878 1514 1034 1589 parentibus
1050 1522 1125 1570 certo

166 1603 257 1675 pretio
280 1601 428 1675 ’conparati
447 1594 522 1673 (ita)⁷
545 1602 587 1657 ius
610 1600 723 1658 dominii
745 1600 901 1672 ’possidere
924 1592 969 1655 te⁸
991 1600 1125 1654 existima·

167 1702 238 1743 mus.
282 1685 387 1743 nullum
410 1693 500 1742 autem
522 1700 553 1742 ex
576 1677 738 1758 gentilibus⁹
759 1682 874 1741 liberum
893 1681 1036 1757 adprobari
1051 1681 1125 1740 licet.

167 1767 326 1885 Subscrppta
337 1768 391 1826 Xll.
402 1768 455 1825 kal.
471 1768 551 1841 ’nup
563 1767 742 1823 Constantino
757 1764 798 1842 (et
809 1760 934 1841 Licinio)
946 1759 1067 1840 Augg.¹⁰
1081 1765 1126 1820 lll.

168 1846 290 1907 conss.¹

230 1930 279 1991 at.
303 1930 418 2009 (Iidem)
444 1935 534 2007 Augg.
558 1942 586 1991 et
606 1933 695 1991 Caesa.
712 1933 764 2006 (1.)
779 1933 857 1990 Nulla
877 1932 1059 1989 uerecundiae
1081 1932 1125 1988 uel

168 2018 267 2090 quietis
283 2034 358 2075 mora
374 2010 471 2075 'ncc¹²
486 2016 609 2091 quolibet
623 2018 768 2075 interuallo
783 2016 926 2074 cunctandi
940 2018 1039 2089 passim
1053 2032 1126 2071 nunc

167 2101 281 2175 singull,
295 2101 377 2157 modo
392 2100 497 2175 populI,
513 2111 677 2175 proruentes
693 2102 730 2157 ’in
745 2105 836 2158 nostri
843 2102 903 2157 oris
918 2093 1072 2168 obtutus,¹³
1086 2101 1126 2155 sie

94 2200 152 2248 [cao]
168 2186 316 2242 uniformes
333 2186 458 2257 querelas
479 2184 574 2241 iisdem
593 2184 650 2241 lere
669 2183 939 2242 sermocinationibus
955 2182 1125 2249 uolutarnnt,

168 2277 201 2326 ut
213 2286 264 2327 nec
274 2268 505 2341 interpellantium
521 2263 702 2327 'orelnn‘tati¹⁴
717 2269 949 2342 ualeretoccurri,
964 2282 1015 2323 nec
1025 2266 1125 2340 allega·

168 2411 381 2421 ——

243 2494 263 2564 ¹)
277 2513 300 2549 a.
315 2509 363 2551 315.
422 2494 444 2563 ¹)
458 2498 481 2546 h'
497 2520 530 2541 =
545 2498 590 2547 hoc
610 2498 669 2547 Vat.
683 2499 741 2547 edd.
769 2496 823 2547 Sed
833 2499 955 2561 auspicor
969 2499 1030 2547 etim
1040 2498 1126 2560 fuisse

166 2561 181 2634 (i
196 2590 230 2613 a
244 2569 284 2633 qui
295 2583 347 2631 pro
361 2568 384 2616 h'
403 2569 542 2619 accedente
560 2570 716 2633 perornanda
730 2584 743 2617 a
759 2590 792 2611 =
807 2568 870 2631 qnia.
936 2565 958 2631 θ)
973 2568 1042 2617 Puta
1056 2568 1088 2617 J..
1103 2578 1125 2617 3.

171 2640 196 2690 0.
212 2640 244 2690 de
253 2647 325 2703 patr.
340 2655 364 2703 q.
376 2640 414 2702 fil.
433 2637 470 2704 (4,
483 2636 529 2703 43).
559 2639 597 2701 Cf.
616 2638 649 2687 J..
668 2655 710 2689 un.
734 2638 779 2688 Ta.
800 2638 825 2688 O.
852 2639 884 2688 de
901 2639 955 2696 bie,
974 2639 1123 2703 quiranpu.

169 2709 201 2776 (5,
215 2711 239 2775 8)
257 2718 281 2760 et
299 2711 323 2772 ξ.
338 2722 372 2761 ua.
445 2706 467 2774 ⁴)
480 2708 610 2772 Suppteui.
639 2708 750 2759 Excidit
767 2709 848 2758 uditor
866 2708 897 2759 ob
915 2723 1023 2773 sequens
1040 2710 1124 2758 simile

170 2782 264 2831 uoluer·
278 2806 313 2819 -
327 2777 405 2846 (quia)
420 2780 478 2829 edd.
493 2791 513 2830 1.
524 2791 544 2831 3.
596 2777 617 2843 a)
632 2781 650 2828 i.
663 2795 686 2828 e.
700 2781 860 2829 aestimatum
873 2788 953 2835 earet:
967 2780 1002 2841 cf.
1013 2779 1045 2827 L.
1056 2792 1070 2830 a
1080 2780 1123 2829 cit.

170 2844 219 2917 ἢὸ
236 2851 281 2916 (=
296 2850 369 2916 nunc)
384 2851 405 2900 si
419 2849 478 2899 Vnt.
488 2850 546 2899 edd.
557 2849 603 2899 sed
614 2850 714 2912 sactum
727 2850 757 2899 id
765 2856 830 2912 puto
844 2864 879 2897 eac
892 2848 1000 2914 'ci(pi),
1015 2865 1071 2899 cum
1085 2851 1124 2898 in·

169 2922 254 2985 sipide
268 2922 409 2983 imperator
422 2921 505 2977 dicat,
524 2920 553 2969 id
566 2920 636 2983 quod
648 2921 708 2970 alirn
722 2921 905 2976 constituerat,
924 2921 1000 2969 etiarn
1014 2934 1083 2967 nnnc
1097 2934 1125 2969 ae

169 2993 241 3040 uelle.
294 2988 314 3055 l)
328 2991 465 3053 conparasti
484 2990 542 3039 Vnt.
553 2990 610 3039 edd.
634 2989 763 3055 Intettipe,
777 2990 815 3038 ita
829 2996 857 3037 ut
869 2990 999 3039 venditori
1014 2990 1042 3037 id
1054 2989 1124 3037 redi-

169 3075 238 3110 mere
252 3061 338 3113 liaeat.
402 3058 423 3125 ⁸)
443 3058 471 3108 V
471 3058 491 3109 ⁶.
510 3066 534 3109 te
549 3060 674 3123 possidere
688 3061 727 3109 ed.
742 3060 837 3109 Hetlw.
897 3056 919 3125 ο)
934 3061 951 3108 i.
966 3074 988 3108 e.
1004 3058 1125 3108 barbaris

170 3132 273 3194 imperii
290 3130 395 3179 accolis.
426 3129 464 3186 cf.
479 3130 510 3178 l..
526 3145 569 3179 un.
592 3129 636 3179 Tb.
654 3130 727 3180 aare
745 3136 816 3192 nupt.
833 3131 923 3193 pentat
939 3127 1030 3194 (314).
1061 3129 1124 3178 Gan-

169 3202 274 3251 atantin.
291 3200 423 3264 Porpbyn.
437 3201 470 3251 de
484 3201 550 3251 adm.
566 3202 624 3263 imp.
641 3216 663 3250 c.
678 3211 711 3252 tu.
779 3196 811 3263 ¹⁰)
825 3198 957 3263 Suppleui.
985 3214 1052 3261 augg.
1067 3214 1125 3249 con·

170 3271 273 3319 stantino
288 3285 340 3333 ang.
360 3269 418 3320 Vat.
486 3267 520 3336 ¹¹)
534 3286 559 3319 a.
573 3282 620 3322 313.
687 3267 721 3335 ¹²)
734 3270 773 3319 uel
791 3269 850 3319 Vat.
865 3271 923 3320 edd.
937 3277 999 3321 nata
1013 3284 1029 3318 n
1043 3284 1095 3332 pra
1109 3286 1125 3319 u

169 3349 284 3405 accepta.
343 3337 375 3407 1⁸)
390 3342 414 3391 in
428 3347 524 3390 nostros
539 3341 562 3390 in
576 3342 673 3391 obtutus
692 3342 751 3391 Vat.
770 3342 795 3390 in
808 3347 904 3391 nostros
919 3341 1015 3390 obtutus
1029 3340 1124 3390 Hettw.

170 3411 283 3465 Manena.
299 3413 357 3463 edri.
372 3438 406 3449 -
422 3411 529 3463 Factum
542 3411 591 3463 dcc
605 3413 716 3471 uidetur,
730 3427 788 3462 cunr
803 3410 987 3461 Constantinus
1000 3413 1063 3461 enni
1077 3422 1125 3463 tra.

170 3483 245 3533 initio
261 3481 341 3533 Romu
356 3482 532 3533 Mediolanum
542 3484 766 3547 proficisceretur,
780 3489 806 3531 et
819 3482 970 3534 Mediolani.
1034 3479 1066 3547 ¹⁴)
1080 3479 1127 3531 Eu·

167 3551 267 3604 Bucdd.
283 3555 316 3617 ej.
332 3553 466 3603 credulitati
486 3552 545 3603 Vct.
560 3555 618 3604 edd.
633 3555 701 3605 unde
710 3554 798 3618 possis
812 3560 912 3604 tentare
925 3554 1055 3606 sedulitati.
