2542 3909
176 231 241 296 454
540 245 632 296 rvnrrs
649 247 779 286 Psvnnvs.

177 382 336 436 scholarum
355 398 437 434 usum
449 381 479 435 et
490 379 530 434 Pa
550 381 638 435 iniani
656 397 789 451 responsa
806 380 904 449 inclyti
916 380 1036 434 nominis
1049 381 1145 459 gratia
1254 367 1255 412 ἶ

177 450 325 504 retinuisse
354 448 474 503 videtur.
542 451 554 502 t
579 449 646 502 huic
673 449 787 517 quidem
814 449 955 502 breviario
982 447 1143 502 Alanoiano

176 517 353 637 potisplimum
372 516 517 582 debemus,
536 533 606 584 quos
624 533 699 571 nunc
716 516 809 570 Paulli
827 516 1037 570 Sententiarum
1053 516 1143 569 libros
1254 515 1255 530 ³

177 602 195 638 a
236 601 251 639 e
274 601 361 641 amus.

195 603 234 654 pp
246 651 387 716 Quantam
405 652 515 720 partem
534 668 568 705 ex
581 653 615 704 iis
626 651 770 730 Visigothi
782 667 861 705 suam
874 651 1002 720 feceriut,
1022 667 1057 705 ne
1076 667 1143 706 con·

171 721 286 773 iectura
303 720 416 788 quidem
435 720 502 773 satis
520 721 599 774 certa
617 719 729 772 defin1ri
747 721 848 788 potest.
878 719 946 774 Cum
966 721 1060 773 tamen
1074 735 1143 773 con·
1254 753 1255 760 2

177 789 241 853 stet,
267 804 301 841 ex
325 787 521 841 [theodosiano
544 787 647 841 Codice
670 803 726 839 non
749 788 869 840 multum
893 803 979 854 supra
1001 787 1143 840 decimam

175 856 288 923 partem
307 869 354 908 cos
372 855 521 909 retinuisse
540 854 660 923 (Haenel
677 854 765 974 praef,
778 855 815 907 ad
827 853 857 906 L.
870 854 950 908 Rom.
961 854 1020 907 Vis.
1039 873 1066 924 p.
1079 855 1140 922 IX.)
1156 871 1220 925 [³⁵61

175 939 308 991 cumque,
327 925 358 976 ut
374 924 428 993 ipsi
448 923 528 976 aiunt
546 923 637 989 (initio
655 922 675 974 li
699 967 705 978 .
719 922 739 975 1.
752 923 796 978 tit.
810 924 855 990 L),
875 937 909 975 ea
926 923 1038 976 tantum
1051 939 1085 975 ex
1097 923 1143 975 his

176 989 332 1044 Sententiis
350 991 462 1060 corpori
483 1006 534 1043 suo
560 990 698 1044 voluerint
720 990 841 1054 annecti,
861 990 994 1056 ‘quaein
1012 990 1143 1044 Theodo-

177 1058 257 1111 siano
270 1057 373 1112 Codice
390 1076 442 1127 pro
450 1057 620 1140 ‘dirimendis
631 1057 730 1110 litibus
743 1073 799 1110 non
816 1057 1000 1136 inveniuntpr
1011 1058 1141 1136 inserta’,
1254 1115 1255 1124 χ

176 1126 543 1272 &resistentia
558 1123 1032 1272 innutriretur
1049 1125 1143 1246 dit

176 1262 307 1329 quartam
320 1262 434 1328 quidem
444 1263 555 1330 partem
565 1261 723 1339 pervenies,
734 1261 868 1326 quantam
879 1277 913 1314 ex
923 1275 1044 1328 genuino
1055 1276 1142 1329 opere

176 1329 287 1381 circiter
304 1345 449 1396 superesse
468 1329 662 1398 Schultingius
681 1327 753 1397 (init.
771 1329 867 1384 adnot.
890 1329 925 1381 ad
945 1328 1086 1391 Paullum)
1111 1329 1143 1380 et

176 1396 325 1449 Arndtsins
343 1397 444 1465 (Praei.
462 1415 490 1465 p,
508 1395 554 1461 X.)
574 1395 704 1449 arbitrati
723 1397 796 1455 sunt.

244 1462 300 1516 Sed
317 1464 404 1516 satius
422 1464 509 1517 fuerit
526 1479 673 1532 quaerere,
692 1480 729 1517 an
748 1479 782 1517 ea
799 1463 913 1527 saltem,
939 1479 1011 1529 quae
1029 1463 1059 1516 in
1077 1463 1141 1517 bre-

175 1530 260 1584 vistis
273 1529 426 1585 Sententiis
444 1531 580 1598 legimus,
598 1531 710 1598 integra
728 1531 764 1584 ad
781 1548 831 1585 nos
843 1532 1033 1600 pervenerint.
1060 1529 1143 1594 Quod

178 1597 213 1650 de
231 1597 299 1663 ipsis
317 1599 464 1652 sententiis
480 1599 524 1651 ita
540 1597 680 1652 affirmare
700 1599 798 1664 ausim,
817 1601 850 1651 ut
862 1598 990 1652 consulto
1002 1599 1050 1651 vix
1063 1598 1142 1664 quic-

176 1681 262 1732 quam
279 1667 420 1720 mutatum
439 1666 474 1719 ab
485 1666 591 1720 Alarici
607 1665 794 1734 prudentibus
812 1666 921 1734 putem,
940 1667 993 1719 nisi
1005 1667 1067 1734 ipsa
1078 1666 1142 1718 bre·

174 1731 300 1785 viatione
319 1748 353 1786 eo
370 1733 604 1802 perducerentur,
629 1733 663 1785 ut
686 1733 772 1788 etiam
795 1734 946 1788 mutarent.
981 1734 1041 1788 Nec
1065 1734 1142 1786 enim

174 1798 374 1853 mutandarum
392 1801 488 1879 legum
507 1800 557 1854 sed
575 1800 770 1868 eligendarum
788 1802 961 1872 potestatem
979 1818 1028 1855 rex
1046 1801 1079 1852 iis
1093 1801 1142 1854 de-

175 1867 266 1932 derat,
289 1868 320 1921 nt
342 1868 403 1937 ipse
425 1886 455 1921 1n
479 1868 696 1923 commonitorio
722 1870 853 1935 testatur,
882 1870 912 1922 ct
937 1869 961 1922 si
988 1869 1143 1923 sententias

174 1935 282 2004 pariter
299 1935 329 1988 in
346 1937 492 1990 Breviario
511 1936 541 1990 et
557 1936 587 1988 in
605 1935 761 1990 collatione
783 1937 829 1990 vel
847 1935 1057 1990 Consultatione
1081 1951 1141 1990 sert

174 2005 255 2056 vetas
277 2004 427 2058 contuleris
451 2007 532 2073 (quas
555 2003 664 2057 Haenel
683 2004 700 2060 l.
720 2020 743 2060 c.
769 2006 827 2057 not.
852 2009 892 2057 27.
917 2005 1057 2074 collegit),
1083 2021 1142 2058 non

175 2071 246 2124 alias
264 2072 404 2140 repereris
426 2072 643 2140 discrepantias,
663 2087 748 2191 guam
766 2087 839 2138 quae
862 2071 1040 2126 librariorum
1063 2072 1142 2124 vitiis

175 2139 362 2207 probabiliter
379 2141 564 2193 tribuantur.¹
584 2139 662 2192 Inter
683 2156 730 2191 um
748 2155 815 2192 vero
829 2140 1039 2209 excerptionem
1053 2139 1142 2194 etiam

174 2208 361 2261 mutationem
382 2210 508 2261 secutam
531 2223 590 2261 esse
612 2207 692 2260 velut
716 2222 751 2259 ex
771 2206 792 2262 l.
814 2213 834 2263 l.
853 2211 893 2270 §t-
912 2214 936 2260 2.
956 2215 980 2261 3.
998 2207 1019 2260 I.
1039 2215 1054 2262 9
1073 2212 1095 2270 §-
1115 2213 1141 2261 2.

174 2273 210 2331 Il,
229 2281 269 2328 26.
288 2280 311 2339 ξ.
331 2282 353 2330 i.
372 2276 420 2328 ΙΙΙ.
439 2282 463 2331 6,
482 2281 506 2338 ξ.
527 2282 564 2329 15,
584 2274 693 2328 collatis
713 2289 776 2326 curn
798 2273 899 2327 iisdem
918 2275 1065 2329 sententiis
1083 2274 1142 2328 alio

174 2343 258 2396 modo
277 2342 313 2395 ad
330 2358 381 2395 nos
398 2343 516 2412 perlatis
534 2341 630 2420 colligi
648 2341 752 2410 potest.
780 2341 844 2394 Alia
862 2341 976 2395 omnino
995 2359 1079 2397 causa
1098 2344 1143 2396 est

174 2409 331 2463 titulorum.
366 2409 441 2474 Quos
464 2410 576 2476 quidem
599 2425 694 2477 ipsum
717 2409 848 2463 Paullum
875 2410 990 2478 singulis
1013 2409 1141 2464 materiis

175 2478 242 2544 apte
259 2477 471 2544 praescripsisse
490 2476 621 2530 dubitare
638 2492 696 2530 non
715 2475 790 2530 lieet.
827 2477 882 2530 Sed
899 2478 928 2530 in
947 2479 990 2532 his
1009 2479 1140 2532 omitten-

174 2545 228 2608 dis,
246 2542 395 2612 fingendis,
416 2543 628 2612 corrumpendis
645 2558 703 2597 non
715 2543 807 2596 minus
825 2545 855 2597 in
872 2544 916 2597 his
928 2545 1140 2600 Sententiarum

175 2627 258 2679 qnam
283 2614 312 2663 in
336 2610 398 2663 aliis
420 2611 559 2664 similibus
581 2610 661 2663 libris
682 2627 734 2665 nec
756 2611 840 2665 modo
858 2613 964 2667 Alarici
986 2614 1141 2683 prudentes

174 2678 225 2731 sed
244 2678 330 2731 ctiam
349 2677 455 2731 librarii
473 2679 643 2732 vetustiores
656 2679 686 2732 et
697 2679 867 2748 posteriores
879 2681 921 2733 ita
932 2681 1054 2801 grassati
1066 2683 1140 2746 sunt,

175 2750 208 2798 ut
226 2745 261 2798 de
280 2761 379 2798 eorum
396 2746 520 2814 genuina
531 2746 603 2799 facie
615 2746 792 2800 restituenda
805 2763 919 2815 prorsus
953 2749 1140 2818 esperaudum

174 2815 231 2866 sit²
260 2812 317 2865 Hos
335 2828 400 2867 vero
418 2814 441 2866 si
460 2814 612 2892 exceperis,
630 2815 660 2866 in
679 2814 743 2867 crisi
761 2815 918 2868 exercenda
936 2817 1006 2869 nihil
1025 2815 1140 2885 quidem

168 2881 278 2952 obstat,
297 2895 353 2949 quo
371 2880 463 2934 minus
481 2884 511 2935 et
527 2899 557 2934 m
574 2881 627 2934 hoc
641 2898 737 2950 opere,
749 2881 824 2949 qnod
836 2883 897 2951 ipso
909 2883 1008 2937 Paullo
1023 2885 1140 2953 dignum

174 2949 219 3013 sit,
238 2949 430 3017 exscriptore
452 2950 533 3002 nobis
555 2949 662 3003 tradita
685 2949 796 3004 efficere
819 2965 963 3004 conemur:
988 2954 1021 3006 ut
1043 2957 1140 3005 tamen

175 3033 232 3070 non
250 3032 346 3070 omnes
364 3016 440 3072 locos
458 3017 511 3070 hoc
529 3017 614 3070 modo
632 3018 727 3072 sanari
744 3033 826 3085 posse
839 3034 991 3086 speremus.
1021 3019 1058 3072 Et
1070 3019 1140 3073 haec

173 3086 221 3138 lex
239 3085 337 3139 critico
357 3085 425 3137 data
442 3086 523 3138 tanto
541 3086 630 3138 maius
648 3085 737 3139 habet
753 3088 938 3150 momentum,
956 3087 1031 3154 quod
1048 3086 1140 3140 Paulli

174 3152 343 3220 Sententiae,
361 3168 426 3206 cum
444 3153 566 3206 maxime
580 3152 646 3206 inde
665 3169 682 3206 a
694 3151 787 3207 seculo
801 3154 899 3220 quinto
912 3171 997 3220 quam
1010 3154 1140 3224 plurimis

247 3317 267 3387 ¹)
282 3321 315 3370 lle
330 3323 359 3371 ll.
375 3333 409 3373 26.
429 3323 452 3382 ἓ.
468 3334 488 3374 i.
504 3322 558 3371 coll.
574 3338 628 3372 cnm
643 3321 726 3371 Collat.
742 3321 778 3370 lv.
794 3333 827 3372 12.
848 3324 870 3384 §-
886 3334 904 3374 6.
933 3324 963 3372 ad
980 3323 1045 3372 illum
1060 3323 1138 3374 locum

173 3393 283 3441 diximus.
347 3389 368 3458 ²)
384 3392 418 3442 Cf.
434 3407 469 3440 ex.
485 3408 519 3454 gr.
534 3393 562 3440 ll.
577 3405 611 3444 eo·
632 3394 670 3441 lll.
686 3392 730 3441 tlt.
746 3393 781 3442 lv.
791 3405 811 3442 4.
827 3405 847 3444 a.
868 3393 893 3441 v.
909 3406 941 3444 ιο.
957 3405 992 3444 aa.
1012 3395 1139 3443 Praeterea

174 3463 220 3511 vid.
237 3462 315 3514 Cuiac.
332 3463 362 3512 ad
376 3463 401 3511 V.
417 3474 465 3524 aa,
485 3463 616 3525 Schuliing.
632 3463 662 3512 ad
678 3463 769 3512 initium
785 3463 839 3512 libri
858 3465 942 3528 primi,
962 3465 1101 3515 lleimbasli.
1115 3466 1140 3515 in

175 3532 296 3582 Gersdori.
312 3534 408 3597 deperi.
424 3534 489 3596 lips.
505 3546 565 3586 184⁸.
586 3535 625 3583 lll.
641 3548 664 3597 p.
680 3545 719 3586 1³9
734 3549 799 3598 seq.,
818 3533 915 3584 Hsenol.
931 3536 1031 3585 Prasiai.
1048 3537 1077 3585 ad
1093 3537 1138 3599 leg.

175 3602 242 3650 Rom.
258 3603 305 3652 l'is.
320 3620 344 3667 p.
359 3605 420 3654 XVll
435 3619 485 3668 seq.
