2542 3909
325 246 430 318 nomen
447 284 554 319 rreum
573 267 605 333 (t)
624 283 722 319 rasos.
742 286 776 319 nn
794 284 856 320 xvss
874 284 951 320 mser.
1051 268 1114 331 635

160 404 194 457 ut
210 403 317 474 indign.
338 406 391 470 (34,
409 405 445 472 9),
467 405 543 473 quod
560 405 596 457 ab
613 404 696 457 huius
715 406 769 458 scri
789 405 874 460 tionis
890 407 1008 469 ratione,
1027 406 1117 459 certas

159 473 273 525 tantum
292 472 622 559 etgravissimaswhuius
644 472 712 525 iuris
734 423 911 549 definitiones
934 472 1117 550 admittentis,

158 538 1117 685 lteltlttzltsftltlttlsslltttltltsttlttll

159 690 231 727 rurls
248 674 392 741 epitomis,
416 674 540 742 alloquin
559 679 766 742 composstroms
784 676 892 727 ratsone
913 675 1065 738 similibus,
1086 675 1117 727 1d

160 739 238 807 quod
255 741 350 793 statim
368 756 510 809 agnosces,
528 741 578 794 ubi
590 742 649 795 eius
662 741 697 794 de
709 741 760 794 hac
777 743 898 794 materia
913 741 1117 809 expositionem

159 809 190 859 in
201 806 233 861 L.
244 813 285 865 46,
299 806 333 863 D.
347 807 381 860 de
399 808 459 861 iure
478 808 538 861 fisci
556 814 608 872 (49,
623 813 667 871 14)
685 810 715 861 et
730 808 850 861 maxime
869 808 983 877 quidem
1001 813 1041 872 ἐξ.
1055 816 1080 867 2.
1093 816 1116 863 3.

160 890 227 927 cum
243 875 344 927 nostris
361 879 401 939 ἕξ.
419 881 457 929 4⁸.
475 881 499 933 5.
518 876 677 930 contuleris.

230 940 311 1005 Quod
332 958 400 995 vero
424 942 460 995 de
483 944 577 996 aetate
603 942 724 995 auctoris
749 942 924 1010 potissimum
947 958 965 996 a
986 942 1017 997 0.
1042 940 1116 997 Guil.

160 1006 292 1062 Walohio
314 1008 489 1077 disputatum
512 1011 567 1071 est,
589 1026 655 1063 eum
671 1008 847 1063 Diocletiano
870 1010 1040 1063 anteriorem
1061 1025 1116 1064 non

160 1075 256 1140 fuisse,
275 1091 310 1128 ne
322 1075 352 1127 id
365 1076 480 1143 quidem
497 1076 567 1129 mihi
584 1077 729 1144 probatur.
751 1075 870 1129 Leviora
882 1078 1049 1145 argumenta
1060 1078 1117 1130 iam

161 1158 179 1195 a
191 1142 362 1211 Boeckingio
380 1143 504 1197 refutata
520 1146 677 1211 praetereo.
700 1142 833 1211 Speciosa
843 1146 954 1197 tanturn
967 1146 1032 1197 sunt
1043 1160 1117 1212 quae·

161 1225 197 1263 ex
215 1209 256 1269 55.
276 1216 308 1263 14
326 1212 356 1263 et
374 1216 413 1264 15.
432 1213 462 1263 et
479 1227 513 1264 ex
532 1214 554 1274 ἕ.
574 1216 613 1267 17,
634 1210 783 1264 ducuntur·
818 1210 874 1264 Sed
897 1212 933 1264 ad
955 1211 1019 1265 illas
1041 1211 1117 1276 quod

162 1277 274 1342 attinet,
291 1278 348 1330 iam
359 1276 450 1330 Paulli
468 1280 606 1346 tempore,
622 1279 656 1330 ut
673 1294 708 1331 ex
726 1276 802 1330 Sent.
816 1277 848 1330 V.
864 1284 903 1331 12.
919 1282 972 1344 §.6
990 1279 1116 1346 apparet,

160 1343 249 1409 bona,
277 1358 350 1410 quae
372 1344 409 1398 ad
431 1344 527 1398 fiscum
549 1344 691 1413 pertinere
713 1344 892 1411 dicebantur,
918 1346 977 1398 sine
999 1344 1118 1398 iudicati

161 1410 330 1469 auctoritate
349 1411 470 1465 describi
487 1411 535 1465 vel
552 1411 694 1480 obsignari
716 1414 766 1465 aut
786 1412 958 1480 incorporari
977 1428 1033 1465 non
1051 1413 1117 1465 lice·

161 1478 225 1541 bat;
248 1476 417 1532 Diocletiani
438 1494 506 1532 vero
528 1480 690 1532 constitutio
707 1479 738 1536 L.
756 1485 780 1533 5.
798 1480 828 1537 G.
846 1480 882 1533 de
899 1482 916 1532 i.
936 1479 996 1533 fisci
1012 1485 1070 1544 (10,
1091 1480 1117 1545 1)

160 1546 295 1622 testatur,
318 1546 379 1598 tum
396 1561 449 1600 nec
465 1546 589 1611 licuisse,
612 1546 667 1599 nisi
684 1546 770 1599 etiam
791 1546 882 1600 forma
900 1547 1062 1625 eonomine
1081 1545 1117 1599 ab

160 1614 415 1757 tuttelstet
429 1613 655 1758 tuttelstet
671 1613 1118 1758 ttutntlplltlllltltlt

162 1746 285 1799 naturah
302 1746 421 1813 licebat)
438 1747 612 1816 prohibitum
631 1748 744 1815 qu1dem
762 1765 818 1801 non
832 1750 914 1815 esset,
933 1750 1118 1817 smperatores

161 1829 229 1867 vero
243 1814 355 1867 tantum
372 1816 583 1891 procuratorem
601 1814 636 1868 de
655 1815 791 1867 eiusmodi
808 1815 912 1869 iniuria
929 1815 1008 1868 adire
1024 1816 1117 1867 iussis-

162 1882 236 1944 sent,
258 1880 451 1935 Dioclst1anus
473 1881 491 1939 l.
515 1898 537 1939 c.
560 1896 690 1961 expresse
712 1881 864 1949 universis,
891 1898 1011 1949 quorum
1032 1882 1117 1934 inter-

163 1949 251 2024 esset,¹
274 1949 342 2015 ipsis
364 1948 513 2003 resistendi
536 1948 702 2002 offie1alibus
745 1949 893 2001 otestatem
912 1948 1000 2001 dedit.
1037 1948 1117 2024 Unde

161 2014 343 2083 mtelhgitur,
366 2015 508 2092 antiquius
525 2016 568 2067 ius
586 2020 626 2079 ἕξ.
648 2020 688 2070 14,
706 1966 743 2067 εξ
753 2022 792 2071 15.
812 2015 918 2071 referri.
955 2014 1010 2067 Sed
1032 2015 1117 2067 etsam

162 2087 194 2148 §o
214 2088 255 2135 1⁷.
273 2083 316 2135 ius
334 2084 473 2150 posternas
492 2082 521 2135 et
537 2082 620 2135 latius
639 2082 783 2145 contineri,
802 2098 888 2149 quam
905 2080 935 2133 L.
955 2088 977 2134 1.
990 2088 1014 2136 2.
1033 2080 1061 2136 C.
1081 2080 1117 2133 de

163 2149 259 2203 advoc.
283 2148 340 2205 fisc.
361 2152 400 2216 (2,
419 2154 459 2217 9),
484 2149 618 2203 Antonini
641 2150 670 2202 et
687 2148 829 2202 Valeriani
852 2147 993 2216 rescriptis
1015 2164 1040 2202 a.
1059 2154 1117 2201 214.

163 2218 194 2269 et
209 2222 267 2271 255.
285 2216 444 2295 propositis,
463 2231 519 2269 non
537 2215 753 2285 persuadebitur
772 2216 805 2277 ei,
826 2215 875 2283 qui
892 2216 1025 2282 utrosque
1041 2215 1118 2268 locos

163 2283 327 2353 diligentius
343 2284 506 2352 inspexerit.
543 2284 680 2336 Antonini
698 2284 772 2337 enim
790 2282 955 2350 rescriptum
974 2298 1038 2335 eum
1056 2298 1117 2349 spe·

163 2351 230 2416 ctat,
249 2350 299 2417 qui
317 2349 376 2405 fisci
390 2366 503 2405 causam
520 2349 672 2417 aliquando
690 2366 706 2403 e
728 2351 796 2418 erat,
816 2366 944 2417 eumque,
964 2350 1031 2403 licet
1048 2349 1118 2403 sala-

163 2418 235 2470 rium
253 2433 309 2471 non
327 2419 481 2486 acceperit,
503 2417 533 2471 in
551 2417 650 2471 eadem
672 2417 709 2470 sc'
725 2418 779 2471 'cet
800 2433 883 2471 causa
901 2424 999 2470 contra
1021 2416 1117 2470 fiscum

88 2483 1014 2616 reluctenturiceles·
1033 2487 1117 2605 <ss

164 2619 303 2676 convenit.
314 2648 345 2659 -
356 2598 516 2673 sitandem
534 2570 603 2671 {ribi
619 2618 674 2694 ipsi
692 2598 762 2687 quid
773 2620 911 2685 videatur,
931 2598 1023 2673 dicere
1055 2620 1117 2685 cet,

163 2686 285 2754 primum
302 2686 463 2755 fragmenta
479 2688 575 2739 nostra
589 2687 618 2739 et
634 2702 697 2763 rpsa
714 2686 873 2740 celebrioris
886 2687 978 2755 operis
996 2686 1118 2740 celeber-

163 2754 227 2806 rimi
251 2754 395 2808 cuiusdam
412 2754 472 2809 It'ti
489 2756 599 2821 partem
617 2752 716 2819 fuisse,
737 2770 794 2807 non
816 2753 927 2813 dubito;
950 2753 1022 2807 alius
1045 2754 1119 2807 enim

164 2822 250 2875 etiam
267 2821 418 2874 frustulum
434 2822 545 2875 tantum
559 2821 607 2889 qui
625 2822 748 2875 aetatem
765 2820 893 2873 tulisset?
922 2820 1032 2874 Deinde
1044 2821 1118 2874 hunc

162 2888 247 2942 tertio
270 2888 364 2942 seculo
387 2889 439 2942 scri
461 2888 526 2942 sisse
546 2887 707 2955 etquidem
729 2889 794 2955 post
810 2887 908 2941 Severi
929 2903 1072 2941 excessum
1090 2889 1120 2941 et

163 2956 229 3007 ante
245 2955 381 3031 ¹emissam
398 2906 557 3025 velppotius
598 2956 642 3008 ost
663 2971 756 3007 rursus
791 2955 941 3022 brogatam
960 2970 977 3006 a
993 2953 1118 3029 Macrino

163 3022 391 3075 constitutionem
409 3023 545 3077 Antonini
592 3021 671 3091 agni,
696 3037 753 3090 qua
771 2970 803 3073 fs·
819 3024 932 3089 patrum
953 3021 983 3072 iu
1007 3021 1118 3073 caduc1s

163 3087 206 3139 ius
224 3088 388 3155 sustulerat,
408 3091 552 3144 conficitur
567 3092 626 3143 tam
645 3105 680 3142 ex
697 3093 720 3152 §-
738 3094 781 3152 4¹,
800 3087 829 3139 in
847 3104 903 3155 qua
919 3088 962 3139 ius
980 3103 998 3139 a
1014 3086 1118 3140 Severo

164 3156 194 3207 et
215 3154 356 3209 Antonino
378 3159 560 3211 constitutum
582 3156 715 3218 refertur,
742 3156 771 3209 et
794 3170 828 3208 ex
851 3161 874 3219 ξ.
897 3161 937 3222 3.,
965 3153 1119 3208 secundum

163 3221 454 3345 lltmdulsttliult
470 3225 568 3360 lus
582 3222 995 3345 lttttltsssstsatm
1011 3221 1133 3342 §Zilil

162 3356 257 3411 Paulli
282 3355 441 3411 Sententias
468 3374 532 3413 eum
559 3375 575 3412 o
621 3357 714 3411 oculos
740 3356 871 3410 habuisse
898 3355 1049 3410 vemsimile
1076 3358 1120 3409 est

184 3426 280 3493 ropter
296 3429 319 3489 θ.
339 3430 394 3490 19.,
412 3442 497 3503 quam
514 3442 548 3480 ex
565 3425 621 3478 illis
640 3424 797 3478 desumtam
813 3426 843 3477 et
860 3423 1017 3492 elegantius
1035 3422 1118 3476 modo

162 3441 312 3546 Formatam
324 3491 385 3545 iure
398 3492 510 3558 dixeris,
529 3494 650 3546 maxime
662 3492 685 3544 si
697 3490 870 3560 expenderis,
885 3490 1015 3544 Paullum
1026 3491 1119 3559 ipsum

162 3559 241 3613 illam
259 3559 428 3615 sententium
445 3560 492 3613 vix
509 3561 549 3613 ita
568 3561 768 3627 concepturam
786 3560 877 3623 fuisse,
896 3558 950 3611 nisi
967 3557 1120 3627 imperialis

162 3628 318 3696 sententia,
340 3642 424 3695 quam
443 3626 471 3681 L.
492 3634 532 3681 10.
552 3626 584 3680 1),
603 3627 778 3685 demonum.
797 3629 857 3696 (40,
878 3632 903 3693 1)
922 3625 1023 3695 refert,
1040 3642 1120 3696 prae-
