2542 3909
479 235 514 270 ux
531 237 615 272 annuo
633 236 756 273 vsnnuuo.
1013 206 1017 213 ⁸
1035 221 1097 284 719

70 369 130 427 [623]
204 361 234 421 4.
261 356 323 430 ¹Qui
338 363 382 420 die
397 371 533 422 transacto
556 365 644 438 legem
667 366 880 422 commissoriam
903 382 1029 424 exercere
1045 384 1095 424 ao·

141 441 218 518 Ιιιίῑ,2
238 454 333 520 posteo
347 448 451 504 uariare
467 465 521 505 uon
538 454 639 522 pote'st.

204 529 232 592 5.
256 523 347 588 iterio
369 548 443 588 sacra
465 541 557 588 terrae
580 540 656 588 motu
678 533 778 606 diruta,
807 533 884 589 iocus
907 533 1019 591 aedificii
1043 552 1099 592 non

141 621 183 672 est
198 614 337 689 profanus,
354 624 382 672 et
397 616 458 672 ideo
475 618 567 672 uenire
582 633 638 673 uon
653 626 754 690 potest.

203 693 232 755 6.
259 692 367 755 ⁴Muiier
382 715 486 756 seruam
502 715 533 756 ea
548 699 610 774 lege
625 701 761 772 uendidit,
784 707 815 756 ut
829 701 851 756 si
867 699 983 758 redisset
997 704 1025 758 iu
1040 720 1098 760 eam

142 783 286 853 ciuitatem,
311 782 382 838 unde
397 783 497 856 placuit
514 785 659 857 exportari,
681 801 777 841 manus
798 784 907 840 iniectio
924 794 1006 842 esset.
1044 787 1098 843 iia·

140 873 221 922 neate
234 866 344 922 uinculo
360 867 501 923 seruitutis
516 867 538 922 si
554 867 763 942 redierit‚‚quae
785 867 915 942 uendidit,
935 885 1042 926 manum
1057 873 1099 926 in·

140 951 211 1020 ieiet‚
235 958 262 1005 et
276 966 309 1005 ea
323 952 383 1006 iure
398 966 528 1008 concesso
544 952 704 1024 mancipium
719 951 841 1009 adducet.
874 960 938 1025 post
952 956 1099 1010 manumis-

140 1033 243 1090 sionem
260 1040 348 1089 autem
364 1035 387 1090 si
402 1035 527 1108 redierit,
547 1036 575 1089 in
591 1041 748 1108 perpetuam
763 1036 923 1092 seruitutem
938 1036 989 1092 sub
1005 1037 1097 1093 eadem

74 1113 76 1117 ⁴
140 1117 202 1190 lege
216 1116 323 1190 publice
335 1117 509 1177 distrahetur.
525 1135 593 1191 quae
606 1118 736 1192 uendidit,
752 1120 775 1174 si
787 1134 894 1175 manum
908 1121 1030 1178 iniecerit
1042 1137 1097 1177 non

140 1199 285 1272 liberatae,
308 1203 467 1274 mancipium
483 1203 599 1257 retinere
615 1202 716 1273 poterit
731 1219 762 1258 ac
783 1205 980 1259 manumittere.
1018 1204 1097 1260 adimi

140 1285 242 1358 quippe
257 1283 408 1339 libertatem
424 1291 451 1340 et
466 1283 571 1358 publice
588 1284 850 1341 uenditionem‘fieri
864 1286 965 1360 placuit
983 1297 1098 1361 propter

141 1366 260 1441 pericula
288 1366 476 1439 uenditarum,
505 1367 589 1442 'quae
612 1363 673 1424 uel⁶
699 1377 850 1424 metuentes
872 1379 904 1425 ut
925 1371 1014 1426 seruis
1040 1373 1098 1427 suis

140 1449 267 1506 offensam
282 1451 319 1506 ita
334 1445 385 1506 ’et⁶
400 1451 524 1507 duritiam
541 1461 655 1526 possunt
670 1453 835 1526 paenitendo
850 1447 1013 1510 remittere.⁷

202 1531 229 1592 7.
259 1528 271 1567 ⁸
279 1533 340 1602 Quo
367 1535 455 1590 minus
482 1538 620 1608 possessio
648 1537 686 1591 rei
714 1537 839 1592 uenditae
869 1537 988 1594 tradatur
1013 1541 1097 1613 empti

139 1617 249 1690 iudicio,
265 1619 356 1675 decem
373 1634 501 1674 annorum
518 1620 731 1693 praescriptione
746 1636 801 1675 raon
816 1621 962 1694 inpeditur.

202 1701 231 1759 8.
261 1697 420 1759 ⁰Euiatione
443 1703 512 1759 citra
535 1703 626 1759 dolum
654 1704 785 1776 emptoris
808 1713 834 1759 et
856 1704 952 1760 iudicis
974 1707 1096 1762 iniuriam

140 1794 248 1856 secuta,
271 1787 380 1860 duplum
396 1803 428 1842 en
447 1786 530 1860 empti
545 1787 643 1842 iudicio
665 1787 813 1843 secundum
836 1788 924 1861 legem
940 1798 1096 1845 contractus

139 1869 329 1944 praestabitur.

214 2027 233 2094 ¹)
247 2029 284 2091 Cf.
300 2029 332 2079 L.
346 2041 367 2080 4.
382 2030 405 2090 ξ.
420 2039 441 2079 a.
461 2029 492 2077 D.
508 2030 540 2078 de
554 2031 570 2079 t.
586 2044 672 2078 comm.
687 2027 731 2094 (18,
746 2027 777 2094 a).
793 2030 824 2077 L.
838 2041 859 2080 4.
878 2029 903 2078 0.
919 2031 951 2078 de
961 2037 1033 2092 pact.
1049 2033 1094 2080 int.

140 2107 212 2163 empt.
229 2099 261 2164 (4,
276 2098 319 2164 54).
394 2095 414 2162 ²)
429 2099 474 2148 En
488 2099 612 2164 Hailwep.
630 2102 662 2162 ς),
674 2107 784 2162 propter
797 2099 829 2147 L.
843 2110 864 2151 4,
887 2101 910 2160 §-
925 2111 945 2148 4.
962 2102 1005 2148 ait.
1020 2101 1096 2149 uoluit

145 2169 203 2218 Vat.
219 2170 277 2218 edd.
335 2166 419 2234 ⁸)Est
433 2169 464 2218 L.
480 2182 505 2225 aa
516 2185 559 2232 pr.
579 2171 611 2218 Ι).
627 2172 659 2219 de
674 2178 755 2220 contra
771 2176 844 2232 empt.
860 2168 950 2234 (18,1).
972 2169 1010 2232 Cf.
1026 2170 1058 2218 L.
1073 2183 1094 2220 s.

140 2241 163 2301 ἓ.
179 2251 199 2290 a.
215 2239 247 2286 1).
262 2239 294 2287 de
309 2240 384 2288 diois.
395 2255 448 2288 rer.
460 2238 491 2305 (1,
502 2240 533 2304 8).
549 2242 572 2302 ἓ.
583 2251 603 2291 8.
618 2241 641 2289 I.
656 2241 711 2290 ead.
722 2238 795 2305 (4,1).
812 2239 864 2289 Gis.
876 2239 944 2288 Pdii.
956 2251 976 2301 9,
987 2251 1007 2290 a.
1024 2241 1093 2290 Ptin.

140 2325 179 2372 ep.
194 2321 227 2370 10,
243 2319 269 2359 24
284 2306 339 2373 (aa).
371 2309 485 2358 Ceterum
500 2326 554 2374 pap.
567 2311 608 2359 lib.
624 2311 663 2359 lii.
679 2325 757 2374 resp,
772 2310 841 2373 quod
854 2311 928 2359 initio
943 2311 1095 2360 minusculis

140 2381 235 2428 titteris
249 2394 299 2428 non
310 2387 444 2429 corrector
453 2381 500 2429 sed
505 2396 641 2443 possessor
651 2382 750 2430 codicis
760 2382 787 2428 in
797 2381 881 2444 spatio
891 2395 972 2430 vacuo
982 2380 1094 2442 addidit,

141 2455 169 2498 ut
181 2450 354 2516 sipnificaret,
373 2449 485 2498 eiusdem
503 2450 560 2499 loti
578 2466 613 2499 eac
626 2452 713 2500 eodem
728 2450 794 2500 libna
809 2465 899 2500 nouum
918 2453 1020 2508 lemma,
1035 2453 1095 2499 lieet

140 2534 199 2577 nan,
215 2520 331 2577 natalias,
347 2535 402 2568 cum
417 2534 571 2569 nooooersu
586 2523 710 2583 incipere,
725 2522 805 2570 omisi.
857 2518 879 2585 4)
896 2520 933 2583 Os.
949 2520 981 2571 L.
993 2533 1012 2570 1.
1023 2531 1043 2570 t.
1068 2521 1094 2570 C.

140 2590 251 2640 desero.
266 2603 326 2652 exp.
342 2588 374 2652 (4,
387 2589 432 2652 55).
447 2589 479 2637 L.
494 2603 514 2641 1.
530 2601 550 2640 a.
569 2590 602 2638 D.
617 2592 673 2641 ead.
688 2588 732 2655 (18,
748 2590 778 2654 a).
843 2589 924 2657 ⁵)Sia
935 2587 968 2656 ᾅιῖ
989 2590 1029 2639 1)α
1044 2607 1095 2640 non

139 2657 171 2724 du
186 2681 219 2702 ε
234 2659 342 2724 quamuis
352 2657 475 2726 (Hatita).
498 2659 589 2724 Itaque
600 2661 659 2723 fere
668 2663 725 2710 sola
736 2663 936 2723 transpositione
946 2663 1095 2712 vocularum

140 2732 180 2789 ita,
196 2746 260 2795 qaaae
275 2732 301 2779 in
322 2729 379 2779 Vnt.
391 2737 451 2793 post
465 2730 634 2789 uenditionem,
649 2738 674 2781 et
688 2738 720 2792 ut,
736 2747 801 2794 quae
815 2731 852 2780 idi
861 2739 923 2794 post
931 2733 1021 2796 placuit
1031 2734 1095 2797 lepi-

140 2810 195 2860 tnr,
210 2804 292 2852 locum
306 2803 497 2850 oeoeatissimum
511 2816 570 2850 uere
587 2803 681 2850 sanari
699 2817 767 2850 nunc
785 2802 883 2850 demam
900 2803 963 2851 aidi.
993 2801 1057 2851 Nam
1071 2809 1096 2851 et

139 2874 178 2921 sic
192 2874 270 2920 menti
280 2873 429 2935 Papiniani,
445 2874 519 2921 catius
528 2886 579 2921 non
589 2871 667 2921 aenda
676 2872 724 2921 sed
731 2873 882 2920 sententiam
896 2869 1022 2934 Ulpianus
1030 2872 1063 2920 L.
1074 2885 1094 2922 1.

140 2942 327 3004 instaremus,
338 2945 419 3005 plane
433 2943 540 3004 satisfit:
554 2958 604 2992 non
619 2941 721 2992 adstare
731 2942 925 2991 manumissioni
939 2943 994 3006 ispe
1008 2943 1095 2990 adem-

140 3018 190 3060 tam
205 3011 347 3061 iidertatem
365 3020 389 3062 et
407 3015 502 3062 iussam
516 3012 648 3075 publicam
666 3012 848 3068 uenditionem,
868 3013 987 3074 quoniam
1001 3011 1031 3060 id
1044 3027 1095 3061 non

139 3083 204 3143 reip.
220 3083 266 3130 sed
279 3083 376 3131 domini
390 3098 470 3132 caasa
483 3085 609 3132 sancitum
622 3084 665 3132 sit.
716 3078 737 3146 ο)
752 3097 767 3130 u
787 3080 814 3129 V
814 3081 826 3113 ά
841 3079 939 3146 (natam
953 3091 988 3130 ex
998 3079 1032 3142 et)
1043 3096 1095 3131 non

137 3148 152 3200 ιῖ
168 3173 201 3193 --
217 3152 253 3199 uel
268 3152 325 3201 edd.
342 3152 441 3202 duritia
456 3161 494 3202 est
507 3155 551 3202 leae
564 3154 632 3202 dura
647 3154 674 3202 in
688 3152 834 3201 venditione
846 3166 922 3201 seruo
937 3152 1056 3214 imposita
1071 3159 1096 3201 et

141 3223 195 3285 ispe
209 3221 316 3284 publica
330 3231 495 3286 exasperata.
570 3221 591 3290 i)
606 3223 766 3272 uenditionem
782 3223 815 3270 ita
830 3222 881 3270 deri
899 3221 988 3284 placuit
1007 3228 1032 3269 ut
1051 3224 1096 3270 leae

140 3292 302 3342 custodiatur
316 3307 339 3355 p.
354 3307 377 3356 p.
394 3293 551 3356 uenditarum,
564 3295 608 3358 *qui
622 3295 660 3343 uei
675 3309 706 3344 m.
722 3293 799 3341 seruis
814 3307 833 3341 s.
845 3293 961 3340 offensam
975 3293 1013 3340 uei
1028 3292 1095 3341 duri-

140 3363 197 3411 tiam
212 3362 317 3424 possunt
328 3378 351 3426 p.
366 3378 385 3411 r.
406 3364 444 3412 ed.
461 3364 574 3414 Mamms.
594 3381 617 3413 u.
632 3365 664 3413 ita
679 3366 694 3412 i.
709 3380 733 3428 p.
753 3370 779 3412 ut
796 3370 895 3427 propter
913 3378 936 3427 p.
956 3363 1095 3412 uenditores

139 3433 268 3497 quondam
284 3447 313 3482 m.
330 3449 349 3482 s.
365 3449 384 3482 s.
400 3448 421 3482 o.
436 3448 459 3481 u.
476 3435 497 3482 d.
514 3437 611 3498 possint
624 3450 648 3498 p.
663 3451 682 3483 r.
698 3435 756 3484 edd.
771 3450 841 3483 meae
855 3447 875 3485 1.
890 3443 910 3483 4.
970 3431 991 3497 ⁸)
1009 3433 1046 3495 Of.
1061 3432 1094 3481 L.

140 3515 173 3553 sa.
192 3503 217 3552 O.
233 3503 264 3553 de
277 3506 351 3554 evict.
367 3501 398 3568 (s,
408 3502 453 3568 45.)
468 3504 500 3552 L.
512 3515 532 3554 a.
550 3505 574 3553 0.
591 3505 658 3569 quib.
669 3522 692 3554 n.
704 3504 780 3555 odiis.
791 3502 822 3570 (a,
833 3503 878 3570 aa).
929 3500 951 3568 ⁹)
968 3503 1005 3566 Of.
1017 3503 1048 3551 L.
1060 3514 1093 3553 ot.

141 3576 163 3636 ἓ.
178 3585 211 3625 to.
227 3575 259 3623 D.
275 3576 306 3625 de
321 3575 397 3624 aedit.
412 3574 451 3623 ed.
466 3571 511 3639 (ut,
527 3572 558 3638 1).
573 3574 604 3622 L.
621 3585 641 3624 a.
656 3586 681 3626 51
692 3591 736 3638 pr.
756 3575 788 3623 D.
804 3576 835 3625 de
850 3575 923 3625 evici.
939 3572 985 3640 (21,
1000 3572 1032 3639 a).
