2542 3909
510 208 546 244 ns
563 208 723 245 vavravcrv.
1029 187 1089 252 733

141 347 169 396 et
183 337 343 395 condicione
358 336 453 393 deduci
467 336 572 410 possit?
594 326 746 410 Sequitur,¹
763 345 792 394 et
807 336 907 411 ’legato
922 352 984 394 eum
997 334 1095 392 deduci

140 422 175 479 ad
190 430 294 479 certum
310 430 415 492 tempus
434 415 540 493 posse.²

203 502 248 563 61.
271 498 396 581 iniquit
411 503 488 560 nobis
504 512 595 577 potest
610 504 783 561 ususfructus
798 514 826 562 et
840 520 962 579 percos,
984 521 1052 578 quos
1067 505 1095 560 iu

141 597 286 664 potestate,
301 605 391 658 manu,
406 590 573 661 mancipioue
589 586 733 645 babemus:
755 588 803 644 sed
825 604 880 644 non
895 586 1020 645 omnibus
1039 605 1096 644 mo·

140 674 193 746 dis,
208 674 255 730 sed
271 672 373 746 legato,
392 672 436 729 uel
452 673 484 743 sl,
506 672 654 729 heredibus
669 671 723 727 illis
737 672 880 743 institutis,
901 672 1017 728 deducto
1033 688 1096 727 usu·

142 758 239 814 fructu.
255 758 407 830 proprietas
430 756 547 829 legetur.
592 770 641 829 per
662 757 688 812 in
704 756 763 811 iure
783 757 932 812 cessionem
947 763 1036 811 autem
1052 754 1098 811 nel

141 842 240 899 iudicio
263 840 377 897 familiae
400 839 572 897 erciscundae
593 839 653 895 'uel
670 838 822 910 (communi
840 834 1019 908 diuidundo)⁴
1042 854 1098 894 non

140 924 257 997 ’potest;
275 918 346 997 per⁵
367 925 589 996 mancipationem
605 924 642 978 lta
657 931 760 995 potest,
781 932 813 979 ut
827 940 877 979 nos
893 923 1096 997 proprietatem,

143 1024 212 1081 quae
223 1008 277 1064 illis
289 1010 420 1081 mancipio
432 1008 491 1062 data
505 1004 571 1081 (sit),
586 1007 704 1063 deducto
718 1007 861 1064 usufructu
875 1008 1097 1079 remancipemus.

205 1090 253 1151 ὅθ.
274 1085 484 1148 ‘Ususfructus⁶
506 1091 539 1146 ad
560 1098 665 1147 certum
687 1098 794 1163 tempus
815 1084 1014 1148 ‘constitutus⁷
1036 1105 1097 1147 cum

142 1176 293 1233 adiectione
317 1176 445 1247 temporis
469 1175 520 1229 'sui
542 1174 677 1230 uindicari
696 1168 801 1231 debet.⁸
844 1175 985 1229 Diuersum
1001 1181 1053 1244 est,
1075 1173 1098 1228 sl

144 1263 170 1316 in
181 1268 253 1316 statu
265 1259 349 1315 libero
362 1259 527 1315 constitutus
538 1259 584 1313 sit.
608 1266 674 1313 tunc
685 1260 756 1314 euim
767 1275 842 1329 pure
856 1257 1034 1314 uindicandus
1045 1265 1098 1328 est,

143 1345 212 1399 sicut
227 1358 295 1416 pure
310 1341 469 1411 uindicatur,
491 1342 537 1414 qui
552 1340 712 1413 simpliciter
725 1344 891 1399 constitutus
906 1350 962 1411 est,
983 1358 1038 1397 non
1053 1340 1098 1396 ad·

143 1428 219 1485 fectis
240 1423 359 1496 casibus,
388 1425 489 1497 quibus
514 1424 586 1481 solet
615 1425 701 1480 amitti
724 1425 905 1481 ususfructus.
947 1422 997 1481 68.
1019 1424 1098 1479 'item

143 1514 166 1569 si
181 1504 260 1587 (deli
283 1509 363 1565 altius
385 1508 507 1565 tollendo
522 1516 586 1582 aget
606 1509 643 1579 is,
667 1510 713 1581 qni
728 1510 755 1564 in
770 1507 905 1565 inlinitum
928 1508 1041 1565 tollendi
1055 1510 1099 1564 ius

142 1612 198 1653 non
221 1592 318 1666 babet,
340 1595 363 1649 si
385 1609 441 1649 non
463 1593 626 1666 expresserit
648 1592 773 1663 modum,
795 1592 856 1666 plns
878 1592 996 1666 petendo
1018 1607 1100 1649 causa

144 1679 224 1745 cadit,
241 1680 318 1753 quasi
332 1677 491 1748 intenderit,
505 1679 547 1733 ius
562 1676 613 1732 sibi
628 1692 690 1732 esse
705 1679 732 1731 in
745 1674 877 1732 infinitum
894 1677 1000 1734 tollere.
1061 1715 1065 1725 .

206 1759 253 1821 64.
278 1756 385 1817 ¹⁰Sicut
400 1761 490 1831 legato
507 1760 650 1816 usufructu
664 1760 718 1816 loci
733 1762 792 1816 sine
806 1760 951 1830 seruitute,
967 1762 1020 1815 iter
1031 1775 1100 1833 quo·

73 1853 197 1919 [sistque
213 1861 263 1918 per
279 1846 338 1901 loca
358 1846 497 1900 testatoris
513 1844 642 1912 debetur,
664 1845 701 1898 ita
721 1845 749 1899 fn
771 1845 830 1899 iure
851 1843 939 1900 ’cesso
962 1836 1025 1899 eo¹¹
1048 1844 1101 1898 iter

145 1944 254 2003 quoque
270 1929 413 1998 contineri,
429 1924 552 1982 Neratius
567 1926 670 1983 scribit.

206 2009 253 2069 bb.
279 2005 487 2067 ¹²Ususiructus
504 2013 562 2066 sine
583 2026 700 2083 persona
714 2026 774 2066 esse
789 2026 844 2066 non
861 2018 966 2083 potest;
989 2020 1017 2065 et
1039 2010 1099 2065 ideo

145 2088 241 2154 seruus
263 2095 442 2153 hereditarius
457 2093 588 2150 inutiliter
610 2094 809 2150 usumfructum
823 2094 979 2167 stipulatur.
1016 2092 1100 2166 legari

145 2190 235 2238 autem
251 2182 275 2236 ei
290 2195 371 2253 posse
393 2171 665 2251 ’(usumsructum)¹³
685 2178 795 2248 dicitur,
817 2181 879 2252 quia
894 2177 952 2233 (lies
971 2179 1030 2233 eius
1045 2192 1100 2232 uon

144 2264 215 2322 cedit
230 2265 337 2331 statim;
351 2261 492 2335 stipulatio
508 2270 596 2318 autem
612 2277 680 2335 pura
694 2262 891 2335 suspendl·non
907 2270 1009 2335 potest.
1032 2259 1101 2328 Quid

144 2364 226 2421 ergo,
252 2350 274 2403 si
296 2346 347 2402 sub
368 2344 527 2403 condicione
549 2345 716 2419 stipuletur?
751 2345 906 2416 uideamus,
928 2362 962 2402 ne
977 2360 1029 2402 nec
1048 2344 1101 2401 boc

144 2444 357 2457 —..——-·

141 2490 279 2554 pronioris
292 2488 328 2537 od
340 2488 514 2537 asserendum.
567 2483 587 2553 1)
604 2486 669 2535 Nam
682 2494 707 2536 et
720 2488 862 2552 lepatorum
876 2489 1043 2538 condiciones
1056 2494 1104 2535 ΧΗ

145 2558 195 2609 tab.
210 2562 265 2623 lepe
279 2555 342 2624 (³ati
356 2559 469 2622 lepassit,
485 2559 522 2607 iia
537 2558 578 2606 ius
592 2554 669 2622 esto')
685 2559 850 2620 confirmatae
865 2566 949 2608 erant.
1002 2554 1101 2624 ¹)lega-

145 2637 194 2681 tum
209 2630 322 2680 Momms.
338 2629 377 2677 ed.
392 2642 427 2677 ex
441 2627 490 2676 Vi.
514 2626 567 2677 Sed
581 2628 679 2690 ususfr.
693 2628 736 2677 lric
750 2643 800 2677 non
816 2631 932 2693 leporar:
946 2635 973 2678 ut
986 2636 1010 2677 et
1024 2629 1101 2690 legato

145 2701 168 2750 d.
184 2716 206 2750 a.
221 2716 243 2750 c.
258 2708 275 2749 t.
290 2699 368 2762 possit
385 2698 442 2748 edd.
474 2696 527 2747 Sed
545 2704 571 2746 ut
584 2713 671 2761 proco
690 2701 819 2748 correctio
838 2707 876 2749 est
894 2701 953 2749 voci
971 2706 995 2748 et
1011 2714 1101 2763 super·

144 2773 254 2835 scripta,
269 2786 326 2820 cum
339 2772 366 2818 in
378 2770 431 2832 fine
443 2770 569 2832 scriptum
582 2775 648 2817 esset
662 2769 746 2831 possit.
812 2765 832 2833 ⁸)
848 2769 888 2832 Os.
902 2769 935 2818 L.
949 2781 970 2820 c.
990 2771 1030 2830 ἐξ.
1045 2782 1066 2819 4.
1080 2781 1101 2821 a.

146 2842 179 2891 D.
194 2843 225 2891 de
240 2841 325 2903 onufr.
340 2839 371 2904 (a,
385 2837 416 2904 1).
439 2838 495 2889 Gai.
511 2850 531 2897 a,
546 2851 580 2890 st.
594 2838 626 2887 L.
642 2850 662 2889 9.
681 2838 714 2886 Ι).
729 2838 761 2887 de
775 2837 824 2888 obl.
838 2847 863 2887 et
877 2847 927 2889 act.
943 2838 988 2903 (44,
1002 2837 1034 2904 t).

145 2909 169 2976 ⁴)
183 2910 313 2975 supplevi,
327 2925 388 2960 voce
402 2910 448 2967 uel,
463 2925 528 2973 quae
542 2911 569 2957 in
585 2908 653 2967 Van,
667 2910 760 2958 amisso
775 2924 796 2957 c.
811 2909 834 2957 d.
851 2908 896 2972 (=
906 2910 1026 2958 communi
1041 2908 1101 2957 dini·

146 2979 237 3045 dando)
250 2987 310 3030 ante
324 2981 523 3044 mancipationem
537 2978 720 3036 aberraverat,
734 2978 785 3027 buc
798 2986 929 3028 revocata.
994 2977 1015 3043 ⁶)
1029 2993 1101 3041 possa

151 3050 210 3100 Vnt.
225 3064 297 3113 posse
311 3051 408 3112 pered.
423 3050 517 3100 Hollw.
550 3050 645 3099 Veram
664 3051 739 3098 etiam
753 3048 867 3098 Momme.
887 3050 927 3098 ed.
1001 3044 1101 3113 ⁶)Vai.

146 3120 318 3169 usumfructum
331 3120 371 3168 cd.
387 3119 480 3170 Hollw.
538 3118 726 3185 ⁷)constitutum
746 3119 804 3168 Vct.
818 3120 858 3171 ed.
873 3119 967 3169 Hollw.
1024 3115 1101 3184 ³)Ito

147 3189 260 3239 Momms.
271 3190 311 3239 ed.
326 3190 363 3239 sui
378 3191 430 3238 dari
444 3190 531 3239 debere
547 3190 614 3249 Van,
629 3190 697 3253 qnod
707 3196 863 3254 postremam
874 3191 991 3253 sortasse
1002 3188 1102 3252 factum

145 3276 181 3310 em
196 3260 266 3309 debet
280 3274 309 3308 ne
323 3260 404 3323 ipeat3
419 3266 447 3309 ut
460 3262 594 3325 lesendam
607 3262 656 3309 sit:
670 3260 749 3318 debet,
763 3275 792 3309 ne
807 3275 846 3309 res
861 3268 952 3323 pereat.
978 3260 1017 3323 Cf.
1032 3261 1056 3322 §-
1067 3271 1101 3311 oa.

147 3326 168 3397 ο)
182 3328 318 3393 Suppleui,
337 3337 361 3379 et
375 3330 433 3379 item
447 3331 531 3393 ipsius
545 3331 624 3380 Pauli
642 3345 697 3380 esse
716 3331 819 3381 credidi
837 3338 865 3379 nt
884 3333 907 3393 5.
921 3341 955 3383 ss.
986 3331 1102 3379 Ceterum

145 3402 181 3464 cf.
195 3401 228 3450 L.
243 3412 269 3452 it
278 3415 323 3463 pr.
343 3400 375 3449 D.
391 3401 532 3451 ricemer.
548 3403 564 3449 i.
580 3398 624 3466 (44,
639 3399 672 3465 2).
746 3397 779 3466 ¹⁰)
795 3400 834 3464 Cf.
852 3400 934 3451 uisos
949 3402 1033 3451 Ponti.
1048 3400 1101 3450 IX.

141 3487 170 3535 p.
186 3483 220 3524 88.
287 3466 319 3533 ²¹)
334 3470 412 3520 cessio
433 3470 491 3520 Vae.
511 3486 581 3520 cesso
596 3472 635 3520 ed.
651 3471 746 3521 Hollw.
811 3466 845 3537 ¹²)
859 3470 953 3521 ΕΜ.
968 3483 1001 3524 is.
1022 3473 1054 3521 Ι).
1069 3470 1102 3521 de

144 3543 204 3606 stip.
219 3557 286 3593 serv.
302 3540 345 3607 (45,
361 3538 392 3606 a).
447 3536 479 3606 ¹⁸)
493 3539 582 3605 Sappl.
598 3556 632 3591 ec
646 3542 707 3607 bip.
