2542 3909
192 184 250 248 784
401 203 498 239 ennon.
518 203 571 240 run.
590 204 651 240 non.
669 203 756 239 varic.
775 190 924 238 neo-253.

190 341 237 390 aut
252 332 351 389 fundus
367 339 414 388 aut
429 331 495 404 qnid
509 333 628 389 eiusdem
645 335 754 406 generis
765 333 825 403 erit,
842 331 934 389 sedem
950 347 1023 388 nouo
1035 331 1156 390 domiuo

190 416 357 492 patefecerit.
389 410 439 490 (6.)
456 414 529 483 Quae
545 418 632 472 omnia
648 418 810 489 consignare
821 416 888 473 actis
902 415 1001 471 iudicis
1016 424 1153 490 praestat,

190 510 286 557 utres
307 499 453 555 multorum
476 499 625 572 mentibus,
649 500 749 576 oeulis,
772 499 882 557 auribus
902 506 1016 570 testata,
1040 499 1153 556 nullum

189 582 309 657 elingent,
324 583 401 639 cuius
416 591 464 639 ant
477 583 616 640 scientiam
630 585 728 656 capiat,
743 593 791 640 aut
804 581 1044 640 dissimulationem
1060 591 1152 657 tegat.

190 665 291 734 Quodsi
305 666 386 723 index
397 666 493 738 aberit,
510 668 553 724 cui
568 683 671 723 sumum
686 669 842 742 prouinciae
854 667 996 723 commissa
1007 675 1060 739 est,
1072 683 1151 724 man·

190 750 269 808 detur
283 750 356 806 istud
371 752 575 824 magistratuum
591 752 671 823 actis,
692 758 775 824 atque
792 759 821 807 ut
836 749 927 807 nullus
942 751 979 807 sit
995 751 1150 808 subiciendi

190 841 236 890 aut
250 833 412 907 surripiendi
430 833 523 906 loeus,
545 851 605 891 cum
626 835 750 891 alterutri
765 834 937 892 commodum
953 835 1003 907 sit,
1025 827 1149 891 ’eorum¹

190 917 317 991 exemplis
337 917 418 974 iidem
439 920 612 992 magistratus
633 917 792 978 adscribant.
835 919 875 974 sic
893 919 964 974 enim
979 919 1149 975 conscientia

189 1000 336 1057 multorum
351 1004 533 1059 monumentis
547 1003 711 1059 iudiciorum
721 1019 752 1059 ao
766 1002 931 1076 populorum
947 994 1148 1074 ’perscriptis‚²

187 1084 264 1141 'baut
278 1085 364 1140 litium
381 1078 474 1142 causa8
494 1086 677 1161 peruulgatis,
698 1085 821 1142 omnibus
836 1084 905 1141 tides
919 1083 1075 1142 abstrusior
1088 1101 1147 1142 non

189 1167 249 1224 erit.
288 1165 339 1244 (7.)
361 1168 438 1227 Talia
454 1171 524 1226 enim
540 1186 599 1226 esse
614 1177 724 1244 oportet
744 1162 949 1226 ’dominiorum⁴
963 1169 1053 1240 initia,
1075 1185 1147 1243 quo·

189 1268 247 1308 rum
263 1252 390 1308 diuturna
404 1253 543 1327 possessio
558 1269 639 1327 saepe
654 1254 774 1326 legitima
795 1253 991 1326 proprietatum
1009 1254 1067 1309 iura
1081 1270 1144 1326 per·

189 1335 298 1410 iringit:
316 1337 377 1393 talis
391 1331 481 1412 ’(εὲι)5
494 1337 684 1394 liberalitatum
700 1338 839 1406 honestas,
855 1352 934 1409 quae,
950 1335 1021 1393 locis
1030 1336 1145 1393 clamata

189 1418 326 1491 omnibus,
342 1421 527 1495 accipientium
543 1421 754 1493 donantiumque
769 1411 916 1476 'iamiliasss
930 1419 1099 1477 liberalitatis
1114 1427 1145 1476 et

188 1504 289 1576 gratiae
304 1503 502 1577 praedicatione
523 1505 663 1577 conpleat,
686 1502 775 1559 ’simul
796 1495 853 1574 ut‚⁷
875 1519 936 1560 cum
957 1504 994 1559 sit
1016 1506 1142 1561 eximiam
1156 1524 1218 1571 [ceo]

188 1585 319 1658 cuiusque
341 1587 442 1643 donum
464 1587 643 1661 promerendo
666 1589 785 1659 cepisse,
812 1589 872 1642 eius
893 1586 1047 1644 iucunditas
1068 1588 1144 1645 nulla

187 1669 275 1725 litium
298 1669 462 1728 tristitudine
484 1672 629 1728 minuatur.
675 1664 735 1748 (8.)
757 1668 859 1737 Quodsi
887 1665 950 1726 'in8
977 1672 1142 1744 expectanda

188 1767 266 1809 causa
281 1753 446 1828 dicendaque
461 1756 594 1812 sententia
610 1754 675 1812 orba
692 1753 799 1828 publico
816 1755 972 1811 testimonio
995 1755 1139 1812 liberalitas

187 1851 292 1893 caecam
308 1839 421 1911 gratiam
437 1838 623 1913 obscurosque
639 1848 733 1896 coetus
752 1837 916 1912 prodiderit:
939 1841 1068 1912 quoniam
1082 1839 1140 1896 sola

187 1920 260 1976 fraus
282 1923 391 1994 cognita
406 1929 460 1993 est,
482 1939 587 1995 eorum,
610 1939 680 1997 quae
698 1922 795 1979 donata
809 1921 947 1992 dicuntur,
969 1931 1071 1981 temere
1085 1940 1140 1980 nou

81 2003 240 2074 [sepelierit
255 2002 321 2062 tides
336 1998 505 2082 accipienda,
525 2007 572 2062 sed
587 2023 618 2062 ea
633 1999 781 2064 'alienatio⁹
800 2012 868 2062 rata
882 2007 1045 2080 habebitur,
1065 2025 1141 2082 qaae

97 2080 169 2146 itt·
181 2088 299 2160 publice
310 2089 396 2161 sacta
413 2097 470 2162 est,
494 2093 666 2162 reliquorum
686 2091 784 2146 reiecta
799 2089 843 2145 uel
857 2097 992 2162 suspecta
1007 2091 1139 2149 babendo

186 2174 368 2246 alienatione,
388 2174 457 2229 iicet
472 2175 646 2230 contendant
665 2175 806 2242 uniuersis,
813 2173 921 2244 studiis,
939 2181 1012 2231 recte
1027 2183 1139 2248 recepto

185 2260 249 2314 iare
264 2258 317 2314 sibi
331 2258 466 2314 donatum
480 2271 557 2323 esse,
581 2261 730 2331 sopitoque
744 2259 816 2330 lepis
831 2255 947 2313 Cinciae
969 2258 1044 2330 iure,
1066 2259 1139 2332 quod

185 2339 335 2414 quibusque
346 2339 427 2396 rebus
438 2339 549 2397 donatis
563 2357 646 2398 snam
657 2341 867 2413 perfectionem
878 2336 1139 2412 piraescan'bebat.¹⁰

193 2423 296 2481 Veram
322 2429 418 2495 postea
447 2424 611 2496 perfectione
639 2425 762 2482 iacienda
793 2426 873 2481 nulia
900 2426 958 2481 nisi
985 2429 1139 2484 secundnm

184 2513 302 2565 nostrae
322 2509 396 2578 lepis
415 2516 591 2580 praecepta,
615 2513 698 2565 etiam
714 2508 862 2566 uerborum
879 2506 975 2564 deinde
990 2524 1050 2566 esse
1065 2512 1137 2584 quic·

184 2605 263 2662 quam
278 2597 419 2660 natamus,
435 2594 511 2663 qaod
524 2594 693 2650 donationes
707 2596 806 2650 caleat
816 2594 973 2664 perficere,
995 2609 1060 2651 cnm
1074 2598 1137 2668 ipsa

184 2673 246 2748 lege
267 2681 429 2729 commutata
451 2675 537 2731 uerba
557 2691 671 2748 qaoque
691 2677 847 2734 secandam
862 2691 926 2732 eam
940 2685 1081 2750 concepta
1096 2683 1135 2735 ni·

183 2759 295 2814 lescant
308 2759 338 2812 in
355 2758 555 2814 donationibus
567 2765 634 2830 post
653 2758 797 2831 iaciendis,
818 2775 908 2831 neque
928 2759 1009 2817 ullam
1025 2770 1135 2820 cantro·

184 2843 308 2898 nerstam
323 2841 522 2897 donationibus
532 2845 589 2897 iam
602 2841 836 2913 sactis‘nolamas
846 2841 976 2912 conflare,
992 2861 1053 2900 cum
1065 2845 1135 2902 lutu-
1221 2882 1225 2888 ·

257 2971 277 3040 ¹)
293 2973 338 3023 En
357 2974 384 3023 V
385 2973 405 3024 ἆ.
421 2973 460 3022 ed.
476 2973 589 3025 Memms.
604 2991 686 3025 uerum
703 2976 915 3028 Vat.ed.Hollw.
968 2973 1050 3044 ²)St'c
1063 2981 1135 3029 etiarn

184 3043 296 3095 Monimo.
312 3046 351 3095 ed.
371 3045 527 3108 praescriptis
546 3046 575 3095 V.
592 3047 650 3096 edd.
725 3043 745 3112 ⁸)
760 3055 816 3097 ante
834 3047 911 3096 litium
931 3052 1135 3100 contestationem

182 3129 217 3164 ee
230 3118 263 3178 ej.
278 3116 318 3164 ed.
334 3115 449 3166 Momms.
465 3121 505 3164 aut
524 3116 600 3165 litium
614 3132 686 3166 causa
706 3117 764 3167 Vat.
779 3118 837 3168 edd.
853 3124 962 3168 ceterae.
991 3119 1030 3182 Of.
1046 3119 1079 3184 (t)
1089 3121 1133 3183 fin.

182 3182 204 3250 ⁴)
219 3185 367 3234 dominorum
387 3185 417 3236 V.
432 3184 472 3234 ed.
488 3185 601 3236 Momms.
674 3184 696 3253 ⁶)
710 3186 817 3238 Addidi.
891 3183 970 3251 ⁶)Ito
983 3189 1083 3240 Bncblt.
1096 3191 1133 3239 ed.

182 3254 295 3305 Memmi.
311 3255 421 3307 familis*
440 3255 471 3304 V.
495 3257 593 3306 familiis
611 3258 651 3307 ed.
666 3257 759 3307 Hollw.
825 3256 846 3325 ἶ)
865 3259 893 3307 V
894 3257 913 3306 θ.
928 3259 967 3308 ed.
984 3259 1097 3310 Menenia.
1110 3268 1135 3310 ut

181 3340 228 3374 om.
248 3325 307 3374 Vat.
368 3323 390 3392 ⁸)
410 3326 436 3374 V
438 3324 461 3374 ⁴.
477 3327 516 3375 ed.
532 3326 645 3376 Momns.
660 3328 684 3376 in
698 3343 745 3377 om.
770 3328 829 3378 Vct.
902 3327 924 3394 ⁰)
938 3330 1083 3381 alienatione
1096 3331 1133 3381 ed.

180 3394 275 3444 Haltw.
303 3392 442 3459 Sequentia
456 3398 566 3446 restitui.
620 3393 653 3461 ¹⁰)
667 3396 859 3461 Insperfectae
873 3407 898 3449 et
911 3400 1077 3463 imperfectae
1090 3400 1133 3451 do«

181 3465 295 3514 nationis
309 3466 364 3530 depe
381 3465 472 3516 Cincin
486 3467 613 3515 sancitum
627 3467 705 3530 idque
718 3469 860 3532 aliqnando
878 3484 1001 3534 expresse
1015 3470 1133 3521 abolitam

180 3545 235 3581 esse
258 3542 370 3598 apparet
384 3551 419 3585 em
435 3534 726 3599 Noa.1ot.c.1.pr.§.
742 3550 761 3589 1.
898 3539 916 3566 ⁰
