<?xml version="1.0" encoding="UTF-8"?>
<!DOCTYPE html PUBLIC "-//W3C//DTD XHTML 1.0 Transitional//EN"
    "http://www.w3.org/TR/xhtml1/DTD/xhtml1-transitional.dtd">
<html xmlns="http://www.w3.org/1999/xhtml" xml:lang="en" lang="en">
 <head>
  <title>
</title>
<meta http-equiv="Content-Type" content="text/html;charset=utf-8" />
  <meta name='ocr-system' content='tesseract 3.04.00' />
  <meta name='ocr-capabilities' content='ocr_page ocr_carea ocr_par ocr_line ocrx_word'/>
</head>
<body>
  <div class='ocr_page' id='page_1' title='image "./iurisprudentiae01huscgoog_0613.png"; bbox 0 0 2542 3909; ppageno 0'>
   <div class='ocr_carea' id='block_1_1' title="bbox 350 186 1103 252">
    <p class='ocr_par' dir='ltr' id='par_1_1' title="bbox 350 186 1103 252">
     <span class='ocr_line' id='line_1_1' title="bbox 350 186 1103 252; baseline 0.004 -13"><span class='ocrx_word' id='word_1_1' title='bbox 350 205 454 241; x_wconf 84' lang='lat' dir='ltr'>nonrrn</span> <span class='ocrx_word' id='word_1_2' title='bbox 471 204 579 241; x_wconf 71' lang='lat' dir='ltr'>verrens</span> <span class='ocrx_word' id='word_1_3' title='bbox 595 204 695 241; x_wconf 77' lang='lat' dir='ltr'>recem</span> <span class='ocrx_word' id='word_1_4' title='bbox 714 186 786 242; x_wconf 86' lang='lat' dir='ltr'>XVI.</span> <span class='ocrx_word' id='word_1_5' title='bbox 807 192 897 239; x_wconf 65' lang='lat'>12-2.</span> <span class='ocrx_word' id='word_1_6' title='bbox 1037 186 1103 252; x_wconf 80' lang='lat'>589</span> 
     </span>
    </p>
   </div>
   <div class='ocr_carea' id='block_1_2' title="bbox 73 334 1106 1731">
    <p class='ocr_par' dir='ltr' id='par_1_2' title="bbox 145 334 1101 407">
     <span class='ocr_line' id='line_1_2' title="bbox 145 334 1101 407; baseline -0.004 -14"><span class='ocrx_word' id='word_1_7' title='bbox 145 351 205 393; x_wconf 89' lang='lat' dir='ltr'>rum</span> <span class='ocrx_word' id='word_1_8' title='bbox 220 350 284 393; x_wconf 70' lang='lat' dir='ltr'>xxv.</span> <span class='ocrx_word' id='word_1_9' title='bbox 304 335 352 404; x_wconf 89' lang='lat' dir='ltr'>sit,</span> <span class='ocrx_word' id='word_1_10' title='bbox 376 340 423 390; x_wconf 91' lang='lat' dir='ltr'>ant</span> <span class='ocrx_word' id='word_1_11' title='bbox 444 349 513 391; x_wconf 82' lang='lat' dir='ltr'>uror</span> <span class='ocrx_word' id='word_1_12' title='bbox 533 349 666 391; x_wconf 89' lang='lat' dir='ltr'>annorum</span> <span class='ocrx_word' id='word_1_13' title='bbox 679 352 722 391; x_wconf 85' lang='lat' dir='ltr'>xx</span> <span class='ocrx_word' id='word_1_14' title='bbox 741 334 844 397; x_wconf 68' lang='lat' dir='ltr'>minam</span> <span class='ocrx_word' id='word_1_15' title='bbox 865 334 930 391; x_wconf 90' lang='lat' dir='ltr'>item</span> <span class='ocrx_word' id='word_1_16' title='bbox 950 334 973 390; x_wconf 93' lang='lat' dir='ltr'>si</span> <span class='ocrx_word' id='word_1_17' title='bbox 992 334 1101 407; x_wconf 89' lang='lat' dir='ltr'>utrique</span> 
     </span>
    </p>

    <p class='ocr_par' dir='ltr' id='par_1_3' title="bbox 73 416 1105 1413">
     <span class='ocr_line' id='line_1_3' title="bbox 73 416 1103 493; baseline 0 -20"><span class='ocrx_word' id='word_1_18' title='bbox 73 424 134 473; x_wconf 72' lang='lat'>149⁸]</span> <span class='ocrx_word' id='word_1_19' title='bbox 144 420 206 493; x_wconf 83' lang='lat' dir='ltr'>lege</span> <span class='ocrx_word' id='word_1_20' title='bbox 221 418 301 491; x_wconf 91' lang='lat' dir='ltr'>Papia</span> <span class='ocrx_word' id='word_1_21' title='bbox 322 416 412 475; x_wconf 86' lang='lat' dir='ltr'>linitos</span> <span class='ocrx_word' id='word_1_22' title='bbox 433 433 518 473; x_wconf 91' lang='lat' dir='ltr'>annos</span> <span class='ocrx_word' id='word_1_23' title='bbox 533 420 561 476; x_wconf 89' lang='lat' dir='ltr'>in</span> <span class='ocrx_word' id='word_1_24' title='bbox 577 419 750 475; x_wconf 88' lang='lat' dir='ltr'>matrimonio</span> <span class='ocrx_word' id='word_1_25' title='bbox 765 418 946 488; x_wconf 74' lang='lat' dir='ltr'>excesserint,</span> <span class='ocrx_word' id='word_1_26' title='bbox 961 418 989 473; x_wconf 92' lang='lat' dir='ltr'>id</span> <span class='ocrx_word' id='word_1_27' title='bbox 1003 425 1046 475; x_wconf 87' lang='lat' dir='ltr'>est</span> <span class='ocrx_word' id='word_1_28' title='bbox 1060 419 1103 473; x_wconf 90' lang='lat' dir='ltr'>uir</span> 
     </span>
     <span class='ocr_line' id='line_1_4' title="bbox 144 501 1102 575; baseline -0.005 -14"><span class='ocrx_word' id='word_1_29' title='bbox 144 520 185 561; x_wconf 81' lang='lat' dir='ltr'>nx</span> <span class='ocrx_word' id='word_1_30' title='bbox 201 518 302 574; x_wconf 90' lang='lat' dir='ltr'>annos,</span> <span class='ocrx_word' id='word_1_31' title='bbox 324 517 392 557; x_wconf 84' lang='lat' dir='ltr'>uror</span> <span class='ocrx_word' id='word_1_32' title='bbox 406 517 441 570; x_wconf 70' lang='grc' dir='ltr'>ις</span> <span class='ocrx_word' id='word_1_33' title='bbox 461 504 524 557; x_wconf 88' lang='lat' dir='ltr'>item</span> <span class='ocrx_word' id='word_1_34' title='bbox 540 503 563 557; x_wconf 90' lang='lat' dir='ltr'>si</span> <span class='ocrx_word' id='word_1_35' title='bbox 579 502 688 575; x_wconf 80' lang='lat' dir='ltr'>cognati</span> <span class='ocrx_word' id='word_1_36' title='bbox 708 504 780 558; x_wconf 89' lang='lat' dir='ltr'>inter</span> <span class='ocrx_word' id='word_1_37' title='bbox 793 517 824 556; x_wconf 87' lang='lat' dir='ltr'>sc</span> <span class='ocrx_word' id='word_1_38' title='bbox 838 504 954 559; x_wconf 79' lang='lat' dir='ltr'>coierint</span> <span class='ocrx_word' id='word_1_39' title='bbox 970 501 1102 575; x_wconf 86' lang='lat' dir='ltr'>usquead</span> 
     </span>
     <span class='ocr_line' id='line_1_5' title="bbox 144 578 1103 659; baseline -0.003 -15"><span class='ocrx_word' id='word_1_40' title='bbox 144 594 251 645; x_wconf 85' lang='lat' dir='ltr'>sentum</span> <span class='ocrx_word' id='word_1_41' title='bbox 280 579 418 659; x_wconf 79' lang='lat' dir='ltr'>gradum¹</span> <span class='ocrx_word' id='word_1_42' title='bbox 460 581 499 642; x_wconf 69' lang='lat'>1⁵.</span> <span class='ocrx_word' id='word_1_43' title='bbox 523 578 638 641; x_wconf 87' lang='lat' dir='ltr'>²Libera</span> <span class='ocrx_word' id='word_1_44' title='bbox 664 586 736 641; x_wconf 90' lang='lat' dir='ltr'>iuter</span> <span class='ocrx_word' id='word_1_45' title='bbox 762 600 810 640; x_wconf 92' lang='lat' dir='ltr'>eos</span> <span class='ocrx_word' id='word_1_46' title='bbox 840 587 994 642; x_wconf 74' lang='lat' dir='ltr'>testamenti</span> <span class='ocrx_word' id='word_1_47' title='bbox 1021 584 1103 641; x_wconf 81' lang='lat' dir='ltr'>tactio</span> 
     </span>
     <span class='ocr_line' id='line_1_6' title="bbox 145 668 1104 743; baseline -0.003 -15"><span class='ocrx_word' id='word_1_48' title='bbox 145 678 198 741; x_wconf 88' lang='lat' dir='ltr'>cst,</span> <span class='ocrx_word' id='word_1_49' title='bbox 220 670 243 725; x_wconf 92' lang='lat' dir='ltr'>si</span> <span class='ocrx_word' id='word_1_50' title='bbox 267 670 309 725; x_wconf 92' lang='lat' dir='ltr'>ius</span> <span class='ocrx_word' id='word_1_51' title='bbox 336 668 484 725; x_wconf 88' lang='lat' dir='ltr'>liberorum</span> <span class='ocrx_word' id='word_1_52' title='bbox 507 686 522 725; x_wconf 94' lang='lat' dir='ltr'>a</span> <span class='ocrx_word' id='word_1_53' title='bbox 542 669 666 743; x_wconf 83' lang='lat' dir='ltr'>principe</span> <span class='ocrx_word' id='word_1_54' title='bbox 692 670 904 741; x_wconf 87' lang='lat' dir='ltr'>inpetranerlnt;</span> <span class='ocrx_word' id='word_1_55' title='bbox 933 668 994 725; x_wconf 86' lang='lat' dir='ltr'>’aut</span> <span class='ocrx_word' id='word_1_56' title='bbox 1015 670 1039 725; x_wconf 86' lang='lat' dir='ltr'>si</span> <span class='ocrx_word' id='word_1_57' title='bbox 1061 670 1104 725; x_wconf 90' lang='lat' dir='ltr'>uir</span> 
     </span>
     <span class='ocr_line' id='line_1_7' title="bbox 144 744 1103 831; baseline 0 -22"><span class='ocrx_word' id='word_1_58' title='bbox 144 746 213 831; x_wconf 84' lang='lat' dir='ltr'>’(rei</span> <span class='ocrx_word' id='word_1_59' title='bbox 225 754 361 826; x_wconf 86' lang='lat' dir='ltr'>publicae</span> <span class='ocrx_word' id='word_1_60' title='bbox 377 744 501 828; x_wconf 81' lang='lat' dir='ltr'>cansa)³</span> <span class='ocrx_word' id='word_1_61' title='bbox 516 753 600 823; x_wconf 86' lang='lat' dir='ltr'>absit,</span> <span class='ocrx_word' id='word_1_62' title='bbox 621 761 650 809; x_wconf 89' lang='lat' dir='ltr'>et</span> <span class='ocrx_word' id='word_1_63' title='bbox 664 751 752 809; x_wconf 83' lang='lat' dir='ltr'>dcccc</span> <span class='ocrx_word' id='word_1_64' title='bbox 767 752 843 808; x_wconf 87' lang='lat' dir='ltr'>abest</span> <span class='ocrx_word' id='word_1_65' title='bbox 858 761 886 807; x_wconf 91' lang='lat' dir='ltr'>ct</span> <span class='ocrx_word' id='word_1_66' title='bbox 905 754 976 808; x_wconf 92' lang='lat' dir='ltr'>intra</span> <span class='ocrx_word' id='word_1_67' title='bbox 994 768 1103 824; x_wconf 91' lang='lat' dir='ltr'>annum,</span> 
     </span>
     <span class='ocr_line' id='line_1_8' title="bbox 146 830 1103 913; baseline -0.001 -19"><span class='ocrx_word' id='word_1_68' title='bbox 146 845 292 913; x_wconf 88' lang='lat' dir='ltr'>postquam</span> <span class='ocrx_word' id='word_1_69' title='bbox 312 836 405 893; x_wconf 90' lang='lat' dir='ltr'>abesse</span> <span class='ocrx_word' id='word_1_70' title='bbox 426 830 567 909; x_wconf 77' lang='lat' dir='ltr'>desierit34</span> <span class='ocrx_word' id='word_1_71' title='bbox 588 845 634 892; x_wconf 91' lang='lat' dir='ltr'>aut</span> <span class='ocrx_word' id='word_1_72' title='bbox 650 838 674 891; x_wconf 92' lang='lat' dir='ltr'>si</span> <span class='ocrx_word' id='word_1_73' title='bbox 694 833 778 891; x_wconf 84' lang='lat' dir='ltr'>lilium</span> <span class='ocrx_word' id='word_1_74' title='bbox 799 834 914 893; x_wconf 84' lang='lat' dir='ltr'>filiamue</span> <span class='ocrx_word' id='word_1_75' title='bbox 934 852 1103 893; x_wconf 90' lang='lat' dir='ltr'>communem</span> 
     </span>
     <span class='ocr_line' id='line_1_9' title="bbox 147 917 1103 993; baseline -0.001 -16"><span class='ocrx_word' id='word_1_76' title='bbox 147 922 271 993; x_wconf 82' lang='lat' dir='ltr'>habeant,</span> <span class='ocrx_word' id='word_1_77' title='bbox 294 929 341 979; x_wconf 90' lang='lat' dir='ltr'>aut</span> <span class='ocrx_word' id='word_1_78' title='bbox 363 920 580 992; x_wconf 89' lang='lat' dir='ltr'>quattuordecim</span> <span class='ocrx_word' id='word_1_79' title='bbox 602 935 734 975; x_wconf 78' lang='lat' dir='ltr'>crinorum</span> <span class='ocrx_word' id='word_1_80' title='bbox 757 917 842 975; x_wconf 89' lang='lat' dir='ltr'>filium</span> <span class='ocrx_word' id='word_1_81' title='bbox 864 919 909 976; x_wconf 89' lang='lat' dir='ltr'>uel</span> <span class='ocrx_word' id='word_1_82' title='bbox 931 918 1012 975; x_wconf 87' lang='lat' dir='ltr'>liliam</span> <span class='ocrx_word' id='word_1_83' title='bbox 1034 919 1103 976; x_wconf 91' lang='lat' dir='ltr'>duo·</span> 
     </span>
     <span class='ocr_line' id='line_1_10' title="bbox 147 1003 1104 1076; baseline -0.004 -13"><span class='ocrx_word' id='word_1_84' title='bbox 147 1007 236 1063; x_wconf 85' lang='lat' dir='ltr'>decim</span> <span class='ocrx_word' id='word_1_85' title='bbox 256 1005 408 1075; x_wconf 79' lang='lat' dir='ltr'>amiserint3</span> <span class='ocrx_word' id='word_1_86' title='bbox 432 1003 476 1061; x_wconf 93' lang='lat' dir='ltr'>uel</span> <span class='ocrx_word' id='word_1_87' title='bbox 491 1005 514 1059; x_wconf 90' lang='lat' dir='ltr'>si</span> <span class='ocrx_word' id='word_1_88' title='bbox 529 1004 598 1061; x_wconf 92' lang='lat' dir='ltr'>duos</span> <span class='ocrx_word' id='word_1_89' title='bbox 618 1005 729 1069; x_wconf 86' lang='lat' dir='ltr'>trimos,</span> <span class='ocrx_word' id='word_1_90' title='bbox 751 1003 794 1059; x_wconf 92' lang='lat' dir='ltr'>uel</span> <span class='ocrx_word' id='word_1_91' title='bbox 809 1012 865 1059; x_wconf 89' lang='lat' dir='ltr'>tres</span> <span class='ocrx_word' id='word_1_92' title='bbox 887 1013 951 1076; x_wconf 88' lang='lat' dir='ltr'>poet</span> <span class='ocrx_word' id='word_1_93' title='bbox 965 1005 1104 1059; x_wconf 91' lang='lat' dir='ltr'>nominum</span> 
     </span>
     <span class='ocr_line' id='line_1_11' title="bbox 147 1088 1104 1159; baseline -0.002 -14"><span class='ocrx_word' id='word_1_94' title='bbox 147 1088 217 1145; x_wconf 89' lang='lat' dir='ltr'>diem</span> <span class='ocrx_word' id='word_1_95' title='bbox 237 1088 390 1159; x_wconf 87' lang='lat' dir='ltr'>amiserint,</span> <span class='ocrx_word' id='word_1_96' title='bbox 415 1096 445 1142; x_wconf 92' lang='lat' dir='ltr'>ut</span> <span class='ocrx_word' id='word_1_97' title='bbox 464 1089 535 1145; x_wconf 90' lang='lat' dir='ltr'>intra</span> <span class='ocrx_word' id='word_1_98' title='bbox 554 1102 654 1143; x_wconf 88' lang='lat' dir='ltr'>annum</span> <span class='ocrx_word' id='word_1_99' title='bbox 676 1094 765 1142; x_wconf 90' lang='lat' dir='ltr'>tamen</span> <span class='ocrx_word' id='word_1_100' title='bbox 780 1093 808 1142; x_wconf 90' lang='lat' dir='ltr'>et</span> <span class='ocrx_word' id='word_1_101' title='bbox 827 1102 876 1142; x_wconf 85' lang='lat' dir='ltr'>sex</span> <span class='ocrx_word' id='word_1_102' title='bbox 895 1102 1002 1143; x_wconf 87' lang='lat' dir='ltr'>menses</span> <span class='ocrx_word' id='word_1_103' title='bbox 1022 1088 1104 1143; x_wconf 90' lang='lat' dir='ltr'>etiam</span> 
     </span>
     <span class='ocr_line' id='line_1_12' title="bbox 147 1169 1104 1245; baseline -0.003 -17"><span class='ocrx_word' id='word_1_104' title='bbox 147 1188 218 1228; x_wconf 90' lang='lat' dir='ltr'>unus</span> <span class='ocrx_word' id='word_1_105' title='bbox 234 1173 427 1245; x_wconf 88' lang='lat' dir='ltr'>cuiuscumque</span> <span class='ocrx_word' id='word_1_106' title='bbox 443 1173 538 1227; x_wconf 87' lang='lat' dir='ltr'>aetatis</span> <span class='ocrx_word' id='word_1_107' title='bbox 556 1170 670 1245; x_wconf 86' lang='lat' dir='ltr'>inpubes</span> <span class='ocrx_word' id='word_1_108' title='bbox 691 1172 804 1227; x_wconf 84' lang='lat' dir='ltr'>amissus</span> <span class='ocrx_word' id='word_1_109' title='bbox 824 1169 905 1226; x_wconf 92' lang='lat' dir='ltr'>solidi</span> <span class='ocrx_word' id='word_1_110' title='bbox 925 1170 1046 1244; x_wconf 90' lang='lat' dir='ltr'>capiendi</span> <span class='ocrx_word' id='word_1_111' title='bbox 1060 1172 1104 1227; x_wconf 91' lang='lat' dir='ltr'>ius</span> 
     </span>
     <span class='ocr_line' id='line_1_13' title="bbox 148 1254 1105 1331; baseline 0 -20"><span class='ocrx_word' id='word_1_112' title='bbox 148 1264 277 1331; x_wconf 87' lang='lat' dir='ltr'>praestet.</span> <span class='ocrx_word' id='word_1_113' title='bbox 321 1256 385 1311; x_wconf 91' lang='lat' dir='ltr'>item</span> <span class='ocrx_word' id='word_1_114' title='bbox 401 1256 423 1309; x_wconf 91' lang='lat' dir='ltr'>si</span> <span class='ocrx_word' id='word_1_115' title='bbox 439 1262 631 1328; x_wconf 87' lang='lat' dir='ltr'>postmortem</span> <span class='ocrx_word' id='word_1_116' title='bbox 648 1255 698 1310; x_wconf 90' lang='lat' dir='ltr'>uiri</span> <span class='ocrx_word' id='word_1_117' title='bbox 713 1256 784 1310; x_wconf 89' lang='lat' dir='ltr'>intra</span> <span class='ocrx_word' id='word_1_118' title='bbox 804 1254 897 1311; x_wconf 90' lang='lat' dir='ltr'>decem</span> <span class='ocrx_word' id='word_1_119' title='bbox 913 1270 1020 1311; x_wconf 88' lang='lat' dir='ltr'>menses</span> <span class='ocrx_word' id='word_1_120' title='bbox 1034 1269 1105 1311; x_wconf 86' lang='lat' dir='ltr'>uxor</span> 
     </span>
     <span class='ocr_line' id='line_1_14' title="bbox 148 1337 844 1413; baseline 0.003 -18"><span class='ocrx_word' id='word_1_121' title='bbox 148 1355 182 1395; x_wconf 85' lang='lat' dir='ltr'>ex</span> <span class='ocrx_word' id='word_1_122' title='bbox 198 1356 230 1395; x_wconf 92' lang='lat' dir='ltr'>eo</span> <span class='ocrx_word' id='word_1_123' title='bbox 245 1340 401 1413; x_wconf 87' lang='lat' dir='ltr'>pepererit,</span> <span class='ocrx_word' id='word_1_124' title='bbox 418 1338 534 1394; x_wconf 89' lang='lat' dir='ltr'>solidum</span> <span class='ocrx_word' id='word_1_125' title='bbox 551 1354 582 1393; x_wconf 85' lang='lat' dir='ltr'>cx</span> <span class='ocrx_word' id='word_1_126' title='bbox 597 1337 676 1394; x_wconf 89' lang='lat' dir='ltr'>bonis</span> <span class='ocrx_word' id='word_1_127' title='bbox 691 1339 750 1398; x_wconf 87' lang='lat' dir='ltr'>eius</span> <span class='ocrx_word' id='word_1_128' title='bbox 765 1340 844 1411; x_wconf 88' lang='lat' dir='ltr'>capit.</span> 
     </span>
    </p>

    <p class='ocr_par' dir='ltr' id='par_1_4' title="bbox 148 1420 1106 1731">
     <span class='ocr_line' id='line_1_15' title="bbox 212 1420 1105 1497; baseline -0.002 -18"><span class='ocrx_word' id='word_1_129' title='bbox 212 1420 241 1479; x_wconf 81' lang='lat'>2.</span> <span class='ocrx_word' id='word_1_130' title='bbox 264 1422 415 1497; x_wconf 81' lang='lat' dir='ltr'>Aliquando</span> <span class='ocrx_word' id='word_1_131' title='bbox 438 1422 504 1478; x_wconf 88' lang='lat' dir='ltr'>nihil</span> <span class='ocrx_word' id='word_1_132' title='bbox 531 1424 602 1477; x_wconf 87' lang='lat' dir='ltr'>inter</span> <span class='ocrx_word' id='word_1_133' title='bbox 624 1438 655 1477; x_wconf 90' lang='lat' dir='ltr'>se</span> <span class='ocrx_word' id='word_1_134' title='bbox 676 1424 799 1495; x_wconf 86' lang='lat' dir='ltr'>capiunt:</span> <span class='ocrx_word' id='word_1_135' title='bbox 828 1421 855 1477; x_wconf 90' lang='lat' dir='ltr'>id</span> <span class='ocrx_word' id='word_1_136' title='bbox 879 1430 937 1493; x_wconf 90' lang='lat' dir='ltr'>est,</span> <span class='ocrx_word' id='word_1_137' title='bbox 964 1423 987 1477; x_wconf 94' lang='lat' dir='ltr'>si</span> <span class='ocrx_word' id='word_1_138' title='bbox 1009 1429 1105 1479; x_wconf 89' lang='lat' dir='ltr'>contra</span> 
     </span>
     <span class='ocr_line' id='line_1_16' title="bbox 148 1505 1104 1581; baseline -0.003 -17"><span class='ocrx_word' id='word_1_139' title='bbox 148 1506 239 1581; x_wconf 78' lang='lat' dir='ltr'>legem</span> <span class='ocrx_word' id='word_1_140' title='bbox 252 1505 343 1562; x_wconf 91' lang='lat' dir='ltr'>luliam</span> <span class='ocrx_word' id='word_1_141' title='bbox 355 1505 516 1580; x_wconf 85' lang='lat' dir='ltr'>Papiamque</span> <span class='ocrx_word' id='word_1_142' title='bbox 526 1505 684 1579; x_wconf 81' lang='lat' dir='ltr'>Poppaeam</span> <span class='ocrx_word' id='word_1_143' title='bbox 700 1507 884 1561; x_wconf 84' lang='lat' dir='ltr'>contraxerint</span> <span class='ocrx_word' id='word_1_144' title='bbox 894 1506 1104 1577; x_wconf 86' lang='lat' dir='ltr'>matrimonium,</span> 
     </span>
     <span class='ocr_line' id='line_1_17' title="bbox 149 1582 1106 1663; baseline -0.001 -17"><span class='ocrx_word' id='word_1_145' title='bbox 149 1589 226 1646; x_wconf 90' lang='lat' dir='ltr'>uerbi</span> <span class='ocrx_word' id='word_1_146' title='bbox 254 1591 340 1663; x_wconf 79' lang='lat' dir='ltr'>gratia</span> <span class='ocrx_word' id='word_1_147' title='bbox 368 1592 391 1645; x_wconf 90' lang='lat' dir='ltr'>si</span> <span class='ocrx_word' id='word_1_148' title='bbox 419 1590 547 1647; x_wconf 81' lang='lat' dir='ltr'>famosam</span> <span class='ocrx_word' id='word_1_149' title='bbox 574 1582 738 1661; x_wconf 75' lang='lat' dir='ltr'>&#39;a&#39;npenuas5</span> <span class='ocrx_word' id='word_1_150' title='bbox 767 1605 878 1645; x_wconf 80' lang='lat' dir='ltr'>uxorem</span> <span class='ocrx_word' id='word_1_151' title='bbox 907 1589 1031 1662; x_wconf 79' lang='lat' dir='ltr'>duxerit,</span> <span class='ocrx_word' id='word_1_152' title='bbox 1059 1598 1106 1647; x_wconf 92' lang='lat' dir='ltr'>aut</span> 
     </span>
     <span class='ocr_line' id='line_1_18' title="bbox 148 1672 437 1731; baseline 0.003 -2"><span class='ocrx_word' id='word_1_153' title='bbox 148 1672 300 1730; x_wconf 90' lang='lat' dir='ltr'>libertinam</span> <span class='ocrx_word' id='word_1_154' title='bbox 315 1682 437 1731; x_wconf 89' lang='lat' dir='ltr'>senator.</span> 
     </span>
    </p>
   </div>
   <div class='ocr_carea' id='block_1_3' title="bbox 119 1845 1109 3602">
    <p class='ocr_par' dir='ltr' id='par_1_5' title="bbox 119 1845 1109 3602">
     <span class='ocr_line' id='line_1_19' title="bbox 224 1845 1107 1914; baseline 0.007 -19"><span class='ocrx_word' id='word_1_155' title='bbox 224 1845 243 1914; x_wconf 89' lang='lat'>¹)</span> <span class='ocrx_word' id='word_1_156' title='bbox 261 1846 310 1909; x_wconf 85' lang='lat' dir='ltr'>Qui</span> <span class='ocrx_word' id='word_1_157' title='bbox 328 1848 371 1898; x_wconf 77' lang='lat' dir='ltr'>tic</span> <span class='ocrx_word' id='word_1_158' title='bbox 389 1856 532 1912; x_wconf 82' lang='lat' dir='ltr'>sequuntur</span> <span class='ocrx_word' id='word_1_159' title='bbox 550 1850 601 1900; x_wconf 87' lang='lat' dir='ltr'>dua</span> <span class='ocrx_word' id='word_1_160' title='bbox 620 1864 711 1899; x_wconf 86' lang='lat' dir='ltr'>aereus</span> <span class='ocrx_word' id='word_1_161' title='bbox 728 1852 756 1899; x_wconf 87' lang='lat' dir='ltr'>in</span> <span class='ocrx_word' id='word_1_162' title='bbox 780 1849 839 1898; x_wconf 84' lang='lat' dir='ltr'>Vat.</span> <span class='ocrx_word' id='word_1_163' title='bbox 858 1849 1015 1899; x_wconf 67' lang='lat' dir='ltr'>decidant</span> <span class='ocrx_word' id='word_1_164' title='bbox 1034 1852 1055 1899; x_wconf 89' lang='lat' dir='ltr'>si</span> <span class='ocrx_word' id='word_1_165' title='bbox 1069 1854 1107 1901; x_wconf 89' lang='lat' dir='ltr'>uir</span> 
     </span>
     <span class='ocr_line' id='line_1_20' title="bbox 150 1917 1107 1987; baseline 0.002 -18"><span class='ocrx_word' id='word_1_166' title='bbox 150 1920 220 1981; x_wconf 84' lang='lat' dir='ltr'>absit,</span> <span class='ocrx_word' id='word_1_167' title='bbox 236 1923 260 1966; x_wconf 92' lang='lat' dir='ltr'>et</span> <span class='ocrx_word' id='word_1_168' title='bbox 268 1917 342 1967; x_wconf 89' lang='lat' dir='ltr'>donec</span> <span class='ocrx_word' id='word_1_169' title='bbox 351 1918 419 1966; x_wconf 87' lang='lat' dir='ltr'>abest</span> <span class='ocrx_word' id='word_1_170' title='bbox 431 1924 454 1966; x_wconf 88' lang='lat' dir='ltr'>ct</span> <span class='ocrx_word' id='word_1_171' title='bbox 466 1920 527 1967; x_wconf 87' lang='lat' dir='ltr'>intra</span> <span class='ocrx_word' id='word_1_172' title='bbox 540 1934 626 1967; x_wconf 90' lang='lat' dir='ltr'>annum</span> <span class='ocrx_word' id='word_1_173' title='bbox 636 1927 761 1982; x_wconf 87' lang='lat' dir='ltr'>postquam</span> <span class='ocrx_word' id='word_1_174' title='bbox 771 1920 856 1967; x_wconf 87' lang='lat' dir='ltr'>abesse</span> <span class='ocrx_word' id='word_1_175' title='bbox 867 1918 974 1981; x_wconf 90' lang='lat' dir='ltr'>desierit,</span> <span class='ocrx_word' id='word_1_176' title='bbox 984 1935 1028 1970; x_wconf 87' lang='lat' dir='ltr'>eos</span> <span class='ocrx_word' id='word_1_177' title='bbox 1034 1921 1107 1987; x_wconf 75' lang='lat' dir='ltr'>supi·</span> 
     </span>
     <span class='ocr_line' id='line_1_21' title="bbox 149 1988 1106 2057; baseline 0.004 -18"><span class='ocrx_word' id='word_1_178' title='bbox 149 1992 216 2039; x_wconf 85' lang='lat' dir='ltr'>tinas</span> <span class='ocrx_word' id='word_1_179' title='bbox 229 2002 284 2037; x_wconf 91' lang='lat' dir='ltr'>eese</span> <span class='ocrx_word' id='word_1_180' title='bbox 294 2001 328 2035; x_wconf 83' lang='lat' dir='ltr'>ear</span> <span class='ocrx_word' id='word_1_181' title='bbox 338 2002 367 2038; x_wconf 88' lang='lat' dir='ltr'>ea</span> <span class='ocrx_word' id='word_1_182' title='bbox 378 1990 434 2037; x_wconf 89' lang='lat' dir='ltr'>laco</span> <span class='ocrx_word' id='word_1_183' title='bbox 445 1990 468 2049; x_wconf 66' lang='grc' dir='ltr'>ἓ.</span> <span class='ocrx_word' id='word_1_184' title='bbox 481 1990 617 2052; x_wconf 84' lang='lat' dir='ltr'>sequentis,</span> <span class='ocrx_word' id='word_1_185' title='bbox 635 1992 679 2038; x_wconf 84' lang='lat' dir='ltr'>cai</span> <span class='ocrx_word' id='word_1_186' title='bbox 690 2004 733 2038; x_wconf 85' lang='lat' dir='ltr'>eos</span> <span class='ocrx_word' id='word_1_187' title='bbox 747 1990 906 2040; x_wconf 85' lang='lat' dir='ltr'>restituimus</span> <span class='ocrx_word' id='word_1_188' title='bbox 920 1988 982 2053; x_wconf 84' lang='lat' dir='ltr'>(aid.</span> <span class='ocrx_word' id='word_1_189' title='bbox 998 1999 1050 2040; x_wconf 88' lang='lat' dir='ltr'>nat.</span> <span class='ocrx_word' id='word_1_190' title='bbox 1064 1990 1106 2057; x_wconf 79' lang='grc'>4.),</span> 
     </span>
     <span class='ocr_line' id='line_1_22' title="bbox 150 2058 1107 2123; baseline 0.001 -13"><span class='ocrx_word' id='word_1_191' title='bbox 150 2060 201 2111; x_wconf 88' lang='lat' dir='ltr'>duo</span> <span class='ocrx_word' id='word_1_192' title='bbox 216 2059 349 2113; x_wconf 78' lang='lat' dir='ltr'>evincunt:</span> <span class='ocrx_word' id='word_1_193' title='bbox 360 2060 472 2121; x_wconf 84' lang='lat' dir='ltr'>primum</span> <span class='ocrx_word' id='word_1_194' title='bbox 486 2060 615 2122; x_wconf 86' lang='lat' dir='ltr'>incipiens</span> <span class='ocrx_word' id='word_1_195' title='bbox 630 2066 682 2117; x_wconf 91' lang='lat' dir='ltr'>aut,</span> <span class='ocrx_word' id='word_1_196' title='bbox 696 2074 746 2122; x_wconf 85' lang='lat' dir='ltr'>qua</span> <span class='ocrx_word' id='word_1_197' title='bbox 760 2073 811 2107; x_wconf 88' lang='lat' dir='ltr'>non</span> <span class='ocrx_word' id='word_1_198' title='bbox 824 2058 880 2118; x_wconf 81' lang='lat' dir='ltr'>tic,</span> <span class='ocrx_word' id='word_1_199' title='bbox 895 2066 923 2107; x_wconf 91' lang='lat' dir='ltr'>at</span> <span class='ocrx_word' id='word_1_200' title='bbox 935 2075 987 2123; x_wconf 85' lang='lat' dir='ltr'>seq.</span> <span class='ocrx_word' id='word_1_201' title='bbox 1002 2062 1033 2122; x_wconf 76' lang='lat' dir='ltr'>§a</span> <span class='ocrx_word' id='word_1_202' title='bbox 1052 2064 1107 2111; x_wconf 86' lang='lat' dir='ltr'>sin-</span> 
     </span>
     <span class='ocr_line' id='line_1_23' title="bbox 148 2127 1107 2196; baseline 0.002 -17"><span class='ocrx_word' id='word_1_203' title='bbox 148 2132 212 2196; x_wconf 74' lang='lat' dir='ltr'>pula</span> <span class='ocrx_word' id='word_1_204' title='bbox 226 2127 336 2178; x_wconf 86' lang='lat' dir='ltr'>membra</span> <span class='ocrx_word' id='word_1_205' title='bbox 350 2128 554 2195; x_wconf 77' lang='lat' dir='ltr'>distinpuuntar,</span> <span class='ocrx_word' id='word_1_206' title='bbox 569 2128 662 2178; x_wconf 87' lang='lat' dir='ltr'>deinde</span> <span class='ocrx_word' id='word_1_207' title='bbox 676 2129 800 2192; x_wconf 78' lang='lat' dir='ltr'>quoditie</span> <span class='ocrx_word' id='word_1_208' title='bbox 814 2143 891 2176; x_wconf 88' lang='lat' dir='ltr'>casus</span> <span class='ocrx_word' id='word_1_209' title='bbox 901 2137 999 2179; x_wconf 89' lang='lat' dir='ltr'>estnon</span> <span class='ocrx_word' id='word_1_210' title='bbox 1009 2138 1107 2181; x_wconf 89' lang='lat' dir='ltr'>tantum</span> 
     </span>
     <span class='ocr_line' id='line_1_24' title="bbox 152 2196 1107 2261; baseline 0.001 -10"><span class='ocrx_word' id='word_1_211' title='bbox 152 2198 243 2251; x_wconf 85' lang='lat' dir='ltr'>‘solidi</span> <span class='ocrx_word' id='word_1_212' title='bbox 264 2196 439 2261; x_wconf 85' lang='lat' dir='ltr'>capacitatis&#39;,</span> <span class='ocrx_word' id='word_1_213' title='bbox 458 2200 505 2249; x_wconf 87' lang='lat' dir='ltr'>sed</span> <span class='ocrx_word' id='word_1_214' title='bbox 523 2198 619 2248; x_wconf 85' lang='lat' dir='ltr'>liberae</span> <span class='ocrx_word' id='word_1_215' title='bbox 638 2200 781 2248; x_wconf 85' lang='lat' dir='ltr'>testamenti</span> <span class='ocrx_word' id='word_1_216' title='bbox 797 2198 931 2260; x_wconf 80' lang='lat' dir='ltr'>factionis.</span> <span class='ocrx_word' id='word_1_217' title='bbox 967 2200 1032 2250; x_wconf 87' lang='lat' dir='ltr'>Nam</span> <span class='ocrx_word' id='word_1_218' title='bbox 1050 2218 1107 2252; x_wconf 88' lang='lat' dir='ltr'>cum</span> 
     </span>
     <span class='ocr_line' id='line_1_25' title="bbox 151 2270 1107 2334; baseline 0.002 -14"><span class='ocrx_word' id='word_1_219' title='bbox 151 2273 198 2320; x_wconf 91' lang='lat' dir='ltr'>illa</span> <span class='ocrx_word' id='word_1_220' title='bbox 212 2272 395 2333; x_wconf 85' lang='lat' dir='ltr'>complectatur</span> <span class='ocrx_word' id='word_1_221' title='bbox 409 2284 454 2319; x_wconf 89' lang='lat' dir='ltr'>eae</span> <span class='ocrx_word' id='word_1_222' title='bbox 468 2284 575 2332; x_wconf 85' lang='lat' dir='ltr'>caueae,</span> <span class='ocrx_word' id='word_1_223' title='bbox 590 2285 656 2333; x_wconf 88' lang='lat' dir='ltr'>qaae</span> <span class='ocrx_word' id='word_1_224' title='bbox 667 2270 726 2333; x_wconf 73' lang='lat' dir='ltr'>fere</span> <span class='ocrx_word' id='word_1_225' title='bbox 740 2276 819 2318; x_wconf 83' lang='lat' dir='ltr'>extra</span> <span class='ocrx_word' id='word_1_226' title='bbox 832 2270 986 2320; x_wconf 83' lang='lat' dir='ltr'>voluntatem</span> <span class='ocrx_word' id='word_1_227' title='bbox 1001 2275 1107 2334; x_wconf 83' lang='lat' dir='ltr'>positae</span> 
     </span>
     <span class='ocr_line' id='line_1_26' title="bbox 150 2338 1106 2404; baseline 0.003 -14"><span class='ocrx_word' id='word_1_228' title='bbox 150 2343 216 2403; x_wconf 87' lang='lat' dir='ltr'>siat,</span> <span class='ocrx_word' id='word_1_229' title='bbox 234 2340 284 2389; x_wconf 83' lang='lat' dir='ltr'>lrac</span> <span class='ocrx_word' id='word_1_230' title='bbox 306 2338 432 2404; x_wconf 85' lang='lat' dir='ltr'>Ulpianus</span> <span class='ocrx_word' id='word_1_231' title='bbox 450 2347 551 2390; x_wconf 84' lang='lat' dir='ltr'>ceterae</span> <span class='ocrx_word' id='word_1_232' title='bbox 572 2340 776 2404; x_wconf 74' lang='lat' dir='ltr'>comprehendit,</span> <span class='ocrx_word' id='word_1_233' title='bbox 797 2353 862 2402; x_wconf 87' lang='lat' dir='ltr'>qnae</span> <span class='ocrx_word' id='word_1_234' title='bbox 884 2356 901 2389; x_wconf 90' lang='lat' dir='ltr'>a</span> <span class='ocrx_word' id='word_1_235' title='bbox 922 2344 1052 2391; x_wconf 85' lang='lat' dir='ltr'>uoluntate</span> <span class='ocrx_word' id='word_1_236' title='bbox 1074 2360 1106 2393; x_wconf 89' lang='lat' dir='ltr'>ac</span> 
     </span>
     <span class='ocr_line' id='line_1_27' title="bbox 151 2410 1107 2475; baseline 0.004 -15"><span class='ocrx_word' id='word_1_237' title='bbox 151 2413 241 2460; x_wconf 87' lang='lat' dir='ltr'>merito</span> <span class='ocrx_word' id='word_1_238' title='bbox 252 2410 407 2475; x_wconf 85' lang='lat' dir='ltr'>pendebant,</span> <span class='ocrx_word' id='word_1_239' title='bbox 422 2412 535 2469; x_wconf 80' lang='lat' dir='ltr'>atticis,</span> <span class='ocrx_word' id='word_1_240' title='bbox 548 2412 592 2474; x_wconf 84' lang='lat' dir='ltr'>qui</span> <span class='ocrx_word' id='word_1_241' title='bbox 602 2412 715 2459; x_wconf 86' lang='lat' dir='ltr'>ultimum</span> <span class='ocrx_word' id='word_1_242' title='bbox 725 2410 850 2459; x_wconf 83' lang='lat' dir='ltr'>iudicium</span> <span class='ocrx_word' id='word_1_243' title='bbox 859 2412 1031 2461; x_wconf 84' lang='lat' dir='ltr'>ordinaturus</span> <span class='ocrx_word' id='word_1_244' title='bbox 1040 2422 1107 2470; x_wconf 85' lang='lat' dir='ltr'>erat,</span> 
     </span>
     <span class='ocr_line' id='line_1_28' title="bbox 151 2477 1107 2547; baseline 0.003 -16"><span class='ocrx_word' id='word_1_245' title='bbox 151 2482 257 2531; x_wconf 87' lang='lat' dir='ltr'>liberam</span> <span class='ocrx_word' id='word_1_246' title='bbox 271 2482 414 2530; x_wconf 84' lang='lat' dir='ltr'>testamenti</span> <span class='ocrx_word' id='word_1_247' title='bbox 433 2482 574 2543; x_wconf 83' lang='lat' dir='ltr'>factionem</span> <span class='ocrx_word' id='word_1_248' title='bbox 588 2482 792 2530; x_wconf 68' lang='lat' dir='ltr'>condecoretur.</span> <span class='ocrx_word' id='word_1_249' title='bbox 823 2477 936 2538; x_wconf 87' lang='lat' dir='ltr'>Quarum</span> <span class='ocrx_word' id='word_1_250' title='bbox 955 2483 1107 2547; x_wconf 78' lang='lat' dir='ltr'>differentia</span> 
     </span>
     <span class='ocr_line' id='line_1_29' title="bbox 152 2550 1107 2620; baseline 0.005 -19"><span class='ocrx_word' id='word_1_251' title='bbox 152 2566 291 2601; x_wconf 87' lang='lat' dir='ltr'>causarum</span> <span class='ocrx_word' id='word_1_252' title='bbox 305 2551 434 2600; x_wconf 86' lang='lat' dir='ltr'>interdum</span> <span class='ocrx_word' id='word_1_253' title='bbox 448 2554 524 2601; x_wconf 88' lang='lat' dir='ltr'>etiam</span> <span class='ocrx_word' id='word_1_254' title='bbox 538 2553 565 2599; x_wconf 88' lang='lat' dir='ltr'>in</span> <span class='ocrx_word' id='word_1_255' title='bbox 574 2566 603 2602; x_wconf 90' lang='lat' dir='ltr'>eo</span> <span class='ocrx_word' id='word_1_256' title='bbox 614 2550 776 2609; x_wconf 82' lang='lat' dir='ltr'>cernebatur,</span> <span class='ocrx_word' id='word_1_257' title='bbox 791 2550 860 2615; x_wconf 86' lang='lat' dir='ltr'>quod</span> <span class='ocrx_word' id='word_1_258' title='bbox 869 2553 895 2600; x_wconf 89' lang='lat' dir='ltr'>in</span> <span class='ocrx_word' id='word_1_259' title='bbox 906 2554 999 2616; x_wconf 85' lang='lat' dir='ltr'>priore</span> <span class='ocrx_word' id='word_1_260' title='bbox 1011 2570 1107 2620; x_wconf 79' lang='lat' dir='ltr'>periere</span> 
     </span>
     <span class='ocr_line' id='line_1_30' title="bbox 152 2621 1108 2689; baseline 0.003 -17"><span class='ocrx_word' id='word_1_261' title='bbox 152 2622 280 2685; x_wconf 84' lang='lat' dir='ltr'>capientis</span> <span class='ocrx_word' id='word_1_262' title='bbox 294 2621 422 2680; x_wconf 86' lang='lat' dir='ltr'>condicio,</span> <span class='ocrx_word' id='word_1_263' title='bbox 433 2629 461 2671; x_wconf 88' lang='lat' dir='ltr'>ut</span> <span class='ocrx_word' id='word_1_264' title='bbox 470 2629 536 2685; x_wconf 81' lang='lat' dir='ltr'>puta</span> <span class='ocrx_word' id='word_1_265' title='bbox 546 2623 655 2671; x_wconf 84' lang='lat' dir='ltr'>nriaorie</span> <span class='ocrx_word' id='word_1_266' title='bbox 667 2629 734 2669; x_wconf 72' lang='lat' dir='ltr'>XXV</span> <span class='ocrx_word' id='word_1_267' title='bbox 744 2623 783 2671; x_wconf 86' lang='lat' dir='ltr'>oet</span> <span class='ocrx_word' id='word_1_268' title='bbox 796 2628 840 2668; x_wconf 72' lang='lat' dir='ltr'>XX</span> <span class='ocrx_word' id='word_1_269' title='bbox 852 2638 986 2683; x_wconf 87' lang='lat' dir='ltr'>annorum,</span> <span class='ocrx_word' id='word_1_270' title='bbox 996 2631 1108 2689; x_wconf 85' lang='lat' dir='ltr'>tempore</span> 
     </span>
     <span class='ocr_line' id='line_1_31' title="bbox 152 2691 1108 2757; baseline 0.004 -16"><span class='ocrx_word' id='word_1_271' title='bbox 152 2693 254 2741; x_wconf 87' lang='lat' dir='ltr'>delatae</span> <span class='ocrx_word' id='word_1_272' title='bbox 268 2691 429 2751; x_wconf 76' lang='lat' dir='ltr'>hereditatis,</span> <span class='ocrx_word' id='word_1_273' title='bbox 443 2694 567 2753; x_wconf 84' lang='lat' dir='ltr'>inaltero</span> <span class='ocrx_word' id='word_1_274' title='bbox 582 2692 700 2753; x_wconf 83' lang='lat' dir='ltr'>defuncti</span> <span class='ocrx_word' id='word_1_275' title='bbox 713 2694 829 2742; x_wconf 87' lang='lat' dir='ltr'>meritum</span> <span class='ocrx_word' id='word_1_276' title='bbox 843 2704 956 2757; x_wconf 82' lang='lat' dir='ltr'>tempore</span> <span class='ocrx_word' id='word_1_277' title='bbox 965 2700 1108 2746; x_wconf 86' lang='lat' dir='ltr'>testamenti</span> 
     </span>
     <span class='ocr_line' id='line_1_32' title="bbox 151 2761 1107 2832; baseline 0.003 -18"><span class='ocrx_word' id='word_1_278' title='bbox 151 2762 252 2814; x_wconf 85' lang='lat' dir='ltr'>conditi</span> <span class='ocrx_word' id='word_1_279' title='bbox 270 2761 453 2813; x_wconf 83' lang='lat' dir='ltr'>aestimabatur</span> <span class='ocrx_word' id='word_1_280' title='bbox 473 2761 518 2828; x_wconf 86' lang='lat' dir='ltr'>(cf.</span> <span class='ocrx_word' id='word_1_281' title='bbox 539 2762 677 2812; x_wconf 85' lang='lat' dir='ltr'>Mommsen</span> <span class='ocrx_word' id='word_1_282' title='bbox 696 2764 732 2812; x_wconf 86' lang='lat' dir='ltr'>ad</span> <span class='ocrx_word' id='word_1_283' title='bbox 748 2763 811 2828; x_wconf 78' lang='lat' dir='ltr'>Bpii</span> <span class='ocrx_word' id='word_1_284' title='bbox 833 2766 889 2827; x_wconf 82' lang='lat' dir='ltr'>Uip.</span> <span class='ocrx_word' id='word_1_285' title='bbox 905 2780 933 2828; x_wconf 83' lang='lat' dir='ltr'>p.</span> <span class='ocrx_word' id='word_1_286' title='bbox 949 2764 1006 2831; x_wconf 83' lang='lat'>108).</span> <span class='ocrx_word' id='word_1_287' title='bbox 1034 2766 1107 2832; x_wconf 76' lang='lat' dir='ltr'>Erpa</span> 
     </span>
     <span class='ocr_line' id='line_1_33' title="bbox 152 2834 1108 2901; baseline 0.005 -19"><span class='ocrx_word' id='word_1_288' title='bbox 152 2835 179 2882; x_wconf 90' lang='lat' dir='ltr'>in</span> <span class='ocrx_word' id='word_1_289' title='bbox 194 2838 285 2883; x_wconf 88' lang='lat' dir='ltr'>nostra</span> <span class='ocrx_word' id='word_1_290' title='bbox 298 2834 397 2896; x_wconf 84' lang='lat' dir='ltr'>specie,</span> <span class='ocrx_word' id='word_1_291' title='bbox 415 2834 440 2881; x_wconf 86' lang='lat' dir='ltr'>si</span> <span class='ocrx_word' id='word_1_292' title='bbox 453 2835 494 2882; x_wconf 85' lang='lat' dir='ltr'>air</span> <span class='ocrx_word' id='word_1_293' title='bbox 508 2840 643 2897; x_wconf 86' lang='lat' dir='ltr'>antequam</span> <span class='ocrx_word' id='word_1_294' title='bbox 661 2836 727 2897; x_wconf 85' lang='lat' dir='ltr'>reip.</span> <span class='ocrx_word' id='word_1_295' title='bbox 747 2848 828 2883; x_wconf 88' lang='lat' dir='ltr'>cauea</span> <span class='ocrx_word' id='word_1_296' title='bbox 845 2850 958 2901; x_wconf 64' lang='lat' dir='ltr'>peregre</span> <span class='ocrx_word' id='word_1_297' title='bbox 972 2837 1108 2901; x_wconf 80' lang='lat' dir='ltr'>profectus</span> 
     </span>
     <span class='ocr_line' id='line_1_34' title="bbox 152 2903 1108 2967; baseline 0.005 -15"><span class='ocrx_word' id='word_1_298' title='bbox 152 2909 210 2953; x_wconf 88' lang='lat' dir='ltr'>erat</span> <span class='ocrx_word' id='word_1_299' title='bbox 231 2918 278 2951; x_wconf 82' lang='lat' dir='ltr'>nec</span> <span class='ocrx_word' id='word_1_300' title='bbox 301 2904 403 2953; x_wconf 87' lang='lat' dir='ltr'>ratione</span> <span class='ocrx_word' id='word_1_301' title='bbox 424 2904 480 2953; x_wconf 84' lang='lat' dir='ltr'>eius</span> <span class='ocrx_word' id='word_1_302' title='bbox 494 2903 669 2967; x_wconf 80' lang='lat' dir='ltr'>profectionis</span> <span class='ocrx_word' id='word_1_303' title='bbox 689 2910 863 2955; x_wconf 87' lang='lat' dir='ltr'>testamentum</span> <span class='ocrx_word' id='word_1_304' title='bbox 880 2906 995 2967; x_wconf 84' lang='lat' dir='ltr'>fecerat,</span> <span class='ocrx_word' id='word_1_305' title='bbox 1016 2910 1055 2955; x_wconf 88' lang='lat' dir='ltr'>cel</span> <span class='ocrx_word' id='word_1_306' title='bbox 1076 2908 1108 2957; x_wconf 86' lang='lat' dir='ltr'>ab</span> 
     </span>
     <span class='ocr_line' id='line_1_35' title="bbox 152 2973 1107 3039; baseline 0.004 -16"><span class='ocrx_word' id='word_1_307' title='bbox 152 2987 237 3023; x_wconf 81' lang='lat' dir='ltr'>umore</span> <span class='ocrx_word' id='word_1_308' title='bbox 253 2973 328 3022; x_wconf 81' lang='lat' dir='ltr'>lieres</span> <span class='ocrx_word' id='word_1_309' title='bbox 347 2974 479 3023; x_wconf 84' lang='lat' dir='ltr'>institutus</span> <span class='ocrx_word' id='word_1_310' title='bbox 497 2980 568 3031; x_wconf 85' lang='lat' dir='ltr'>erat,</span> <span class='ocrx_word' id='word_1_311' title='bbox 586 2989 636 3024; x_wconf 86' lang='lat' dir='ltr'>non</span> <span class='ocrx_word' id='word_1_312' title='bbox 653 2973 806 3037; x_wconf 76' lang='lat' dir='ltr'>proficiebat</span> <span class='ocrx_word' id='word_1_313' title='bbox 824 2977 958 3032; x_wconf 88' lang='lat' dir='ltr'>alterutri,</span> <span class='ocrx_word' id='word_1_314' title='bbox 978 2977 1047 3039; x_wconf 86' lang='lat' dir='ltr'>qnod</span> <span class='ocrx_word' id='word_1_315' title='bbox 1063 2977 1107 3027; x_wconf 87' lang='lat' dir='ltr'>ab·</span> 
     </span>
     <span class='ocr_line' id='line_1_36' title="bbox 151 3043 1058 3107; baseline 0.003 -14"><span class='ocrx_word' id='word_1_316' title='bbox 151 3044 250 3093; x_wconf 87' lang='lat' dir='ltr'>sentiae</span> <span class='ocrx_word' id='word_1_317' title='bbox 264 3050 375 3107; x_wconf 87' lang='lat' dir='ltr'>tempore</span> <span class='ocrx_word' id='word_1_318' title='bbox 389 3045 517 3093; x_wconf 85' lang='lat' dir='ltr'>alteruter</span> <span class='ocrx_word' id='word_1_319' title='bbox 531 3044 674 3093; x_wconf 86' lang='lat' dir='ltr'>decederet.</span> <span class='ocrx_word' id='word_1_320' title='bbox 702 3043 783 3094; x_wconf 88' lang='lat' dir='ltr'>Secus</span> <span class='ocrx_word' id='word_1_321' title='bbox 796 3044 823 3094; x_wconf 82' lang='lat' dir='ltr'>in</span> <span class='ocrx_word' id='word_1_322' title='bbox 839 3047 973 3095; x_wconf 87' lang='lat' dir='ltr'>contrario</span> <span class='ocrx_word' id='word_1_323' title='bbox 988 3062 1058 3096; x_wconf 87' lang='lat' dir='ltr'>casu.</span> 
     </span>
     <span class='ocr_line' id='line_1_37' title="bbox 119 3110 1108 3182; baseline 0.004 -19"><span class='ocrx_word' id='word_1_324' title='bbox 119 3132 120 3135; x_wconf 45' lang='lat'>¹</span> <span class='ocrx_word' id='word_1_325' title='bbox 154 3110 175 3179; x_wconf 77' lang='lat'>²)</span> <span class='ocrx_word' id='word_1_326' title='bbox 195 3114 253 3163; x_wconf 87' lang='lat' dir='ltr'>item</span> <span class='ocrx_word' id='word_1_327' title='bbox 271 3116 372 3177; x_wconf 79' lang='lat' dir='ltr'>supplet</span> <span class='ocrx_word' id='word_1_328' title='bbox 391 3114 544 3179; x_wconf 73' lang='lat' dir='ltr'>peminanda</span> <span class='ocrx_word' id='word_1_329' title='bbox 564 3114 718 3165; x_wconf 80' lang='lat' dir='ltr'>antecedere</span> <span class='ocrx_word' id='word_1_330' title='bbox 740 3112 863 3181; x_wconf 86' lang='lat' dir='ltr'>(desier)it</span> <span class='ocrx_word' id='word_1_331' title='bbox 885 3113 1038 3181; x_wconf 62' lang='lat' dir='ltr'>Scintillam:</span> <span class='ocrx_word' id='word_1_332' title='bbox 1061 3133 1108 3182; x_wconf 79' lang='lat' dir='ltr'>epo</span> 
     </span>
     <span class='ocr_line' id='line_1_38' title="bbox 152 3182 1108 3250; baseline 0.004 -18"><span class='ocrx_word' id='word_1_333' title='bbox 152 3185 237 3233; x_wconf 84' lang='lat' dir='ltr'>malim</span> <span class='ocrx_word' id='word_1_334' title='bbox 247 3184 321 3247; x_wconf 70' lang='lat' dir='ltr'>lingis</span> <span class='ocrx_word' id='word_1_335' title='bbox 337 3182 394 3250; x_wconf 78' lang='lat' dir='ltr'>(mg,</span> <span class='ocrx_word' id='word_1_336' title='bbox 409 3186 478 3249; x_wconf 84' lang='lat' dir='ltr'>quad</span> <span class='ocrx_word' id='word_1_337' title='bbox 491 3184 521 3235; x_wconf 88' lang='lat' dir='ltr'>ob</span> <span class='ocrx_word' id='word_1_338' title='bbox 536 3186 596 3234; x_wconf 89' lang='lat' dir='ltr'>olim</span> <span class='ocrx_word' id='word_1_339' title='bbox 610 3186 764 3235; x_wconf 86' lang='lat' dir='ltr'>antecedens</span> <span class='ocrx_word' id='word_1_340' title='bbox 778 3187 876 3245; x_wconf 76' lang='lat' dir='ltr'>gradum</span> <span class='ocrx_word' id='word_1_341' title='bbox 889 3185 971 3247; x_wconf 80' lang='lat' dir='ltr'>facile</span> <span class='ocrx_word' id='word_1_342' title='bbox 985 3189 1108 3236; x_wconf 78' lang='lat' dir='ltr'>excidere</span> 
     </span>
     <span class='ocr_line' id='line_1_39' title="bbox 149 3250 1109 3320; baseline 0.001 -15"><span class='ocrx_word' id='word_1_343' title='bbox 149 3252 254 3319; x_wconf 87' lang='lat' dir='ltr'>potuit).</span> <span class='ocrx_word' id='word_1_344' title='bbox 328 3250 349 3320; x_wconf 75' lang='grc'>8)</span> <span class='ocrx_word' id='word_1_345' title='bbox 369 3254 447 3305; x_wconf 84' lang='lat' dir='ltr'>Recte</span> <span class='ocrx_word' id='word_1_346' title='bbox 465 3256 529 3305; x_wconf 77' lang='lat' dir='ltr'>daec</span> <span class='ocrx_word' id='word_1_347' title='bbox 547 3256 678 3305; x_wconf 75' lang='lat' dir='ltr'>excidisse</span> <span class='ocrx_word' id='word_1_348' title='bbox 697 3254 738 3320; x_wconf 85' lang='lat' dir='ltr'>(ab</span> <span class='ocrx_word' id='word_1_349' title='bbox 758 3261 844 3305; x_wconf 87' lang='lat' dir='ltr'>notam</span> <span class='ocrx_word' id='word_1_350' title='bbox 862 3254 935 3320; x_wconf 67' lang='grc' dir='ltr'>ᾗῖοῖ)</span> <span class='ocrx_word' id='word_1_351' title='bbox 957 3257 1109 3306; x_wconf 84' lang='lat' dir='ltr'>iudicarunt</span> 
     </span>
     <span class='ocr_line' id='line_1_40' title="bbox 151 3323 1107 3393; baseline 0.004 -19"><span class='ocrx_word' id='word_1_352' title='bbox 151 3324 175 3374; x_wconf 89' lang='lat' dir='ltr'>J.</span> <span class='ocrx_word' id='word_1_353' title='bbox 194 3323 310 3388; x_wconf 79' lang='lat' dir='ltr'>Gotdofr.</span> <span class='ocrx_word' id='word_1_354' title='bbox 330 3332 355 3373; x_wconf 89' lang='lat' dir='ltr'>et</span> <span class='ocrx_word' id='word_1_355' title='bbox 373 3326 433 3383; x_wconf 88' lang='lat' dir='ltr'>alii,</span> <span class='ocrx_word' id='word_1_356' title='bbox 453 3326 512 3375; x_wconf 84' lang='lat' dir='ltr'>licet</span> <span class='ocrx_word' id='word_1_357' title='bbox 527 3325 558 3373; x_wconf 76' lang='lat' dir='ltr'>J..</span> <span class='ocrx_word' id='word_1_358' title='bbox 574 3336 670 3377; x_wconf 75' lang='lat' dir='ltr'>et-as.</span> <span class='ocrx_word' id='word_1_359' title='bbox 694 3326 726 3374; x_wconf 88' lang='lat' dir='ltr'>D.</span> <span class='ocrx_word' id='word_1_360' title='bbox 741 3325 809 3389; x_wconf 83' lang='lat' dir='ltr'>quib.</span> <span class='ocrx_word' id='word_1_361' title='bbox 824 3342 859 3377; x_wconf 87' lang='lat' dir='ltr'>eac</span> <span class='ocrx_word' id='word_1_362' title='bbox 873 3342 943 3377; x_wconf 87' lang='lat' dir='ltr'>caus.</span> <span class='ocrx_word' id='word_1_363' title='bbox 964 3329 1023 3375; x_wconf 85' lang='lat' dir='ltr'>mai.</span> <span class='ocrx_word' id='word_1_364' title='bbox 1038 3328 1070 3393; x_wconf 77' lang='lat' dir='ltr'>(a,</span> <span class='ocrx_word' id='word_1_365' title='bbox 1085 3327 1107 3392; x_wconf 84' lang='lat' dir='ltr'>s)</span> 
     </span>
     <span class='ocr_line' id='line_1_41' title="bbox 152 3392 1048 3460; baseline 0.001 -16"><span class='ocrx_word' id='word_1_366' title='bbox 152 3392 206 3445; x_wconf 82' lang='lat' dir='ltr'>alio</span> <span class='ocrx_word' id='word_1_367' title='bbox 220 3396 400 3459; x_wconf 75' lang='lat' dir='ltr'>spectaverint.</span> <span class='ocrx_word' id='word_1_368' title='bbox 432 3395 470 3459; x_wconf 83' lang='lat' dir='ltr'>Cf.</span> <span class='ocrx_word' id='word_1_369' title='bbox 486 3395 609 3445; x_wconf 82' lang='lat' dir='ltr'>Hetnecc.</span> <span class='ocrx_word' id='word_1_370' title='bbox 625 3397 662 3445; x_wconf 89' lang='lat' dir='ltr'>ad</span> <span class='ocrx_word' id='word_1_371' title='bbox 674 3396 707 3445; x_wconf 79' lang='lat' dir='ltr'>J..</span> <span class='ocrx_word' id='word_1_372' title='bbox 723 3396 788 3458; x_wconf 84' lang='lat' dir='ltr'>Pap.</span> <span class='ocrx_word' id='word_1_373' title='bbox 806 3397 971 3460; x_wconf 78' lang='lat' dir='ltr'>Popp.e,1t.</span> <span class='ocrx_word' id='word_1_374' title='bbox 991 3400 1014 3458; x_wconf 65' lang='grc' dir='ltr'>ς.</span> <span class='ocrx_word' id='word_1_375' title='bbox 1029 3409 1048 3448; x_wconf 81' lang='lat' dir='ltr'>s.</span> 
     </span>
     <span class='ocr_line' id='line_1_42' title="bbox 152 3456 1107 3531; baseline 0.002 -16"><span class='ocrx_word' id='word_1_376' title='bbox 152 3462 174 3530; x_wconf 87' lang='lat'>⁴)</span> <span class='ocrx_word' id='word_1_377' title='bbox 189 3464 264 3515; x_wconf 87' lang='lat' dir='ltr'>Haec</span> <span class='ocrx_word' id='word_1_378' title='bbox 278 3464 302 3515; x_wconf 81' lang='lat' dir='ltr'>it.</span> <span class='ocrx_word' id='word_1_379' title='bbox 313 3467 330 3515; x_wconf 90' lang='lat' dir='ltr'>t.</span> <span class='ocrx_word' id='word_1_380' title='bbox 346 3464 377 3515; x_wconf 88' lang='lat' dir='ltr'>ab</span> <span class='ocrx_word' id='word_1_381' title='bbox 392 3456 606 3531; x_wconf 78' lang='grc' dir='ltr'><strong><em>ὃμοιοτέλευτον</em></strong></span> <span class='ocrx_word' id='word_1_382' title='bbox 622 3467 793 3529; x_wconf 87' lang='lat' dir='ltr'>inpetraucrint</span> <span class='ocrx_word' id='word_1_383' title='bbox 808 3494 841 3503; x_wconf 97' lang='lat'>-</span> <span class='ocrx_word' id='word_1_384' title='bbox 857 3468 964 3524; x_wconf 86' lang='lat' dir='ltr'>desierit,</span> <span class='ocrx_word' id='word_1_385' title='bbox 978 3468 1107 3517; x_wconf 78' lang='lat' dir='ltr'>excidisse</span> 
     </span>
     <span class='ocr_line' id='line_1_43' title="bbox 152 3534 1107 3602; baseline 0.002 -17"><span class='ocrx_word' id='word_1_386' title='bbox 152 3536 279 3585; x_wconf 85' lang='lat' dir='ltr'>uidentur.</span> <span class='ocrx_word' id='word_1_387' title='bbox 310 3535 607 3599; x_wconf 67' lang='lat' dir='ltr'>Ossnot.1tadtc,t.</span> <span class='ocrx_word' id='word_1_388' title='bbox 669 3534 690 3602; x_wconf 67' lang='grc' dir='ltr'>Β)</span> <span class='ocrx_word' id='word_1_389' title='bbox 705 3538 758 3599; x_wconf 85' lang='lat' dir='ltr'>quis</span> <span class='ocrx_word' id='word_1_390' title='bbox 777 3536 923 3601; x_wconf 84' lang='lat' dir='ltr'>(postquam</span> <span class='ocrx_word' id='word_1_391' title='bbox 937 3538 961 3586; x_wconf 92' lang='lat' dir='ltr'>in</span> <span class='ocrx_word' id='word_1_392' title='bbox 976 3558 1010 3580; x_wconf 89' lang='lat'><em>-</em></span> <span class='ocrx_word' id='word_1_393' title='bbox 1024 3552 1048 3587; x_wconf 90' lang='lat' dir='ltr'>m</span> <span class='ocrx_word' id='word_1_394' title='bbox 1061 3539 1107 3587; x_wconf 85' lang='lat' dir='ltr'>ad-</span> 
     </span>
    </p>
   </div>
   <div class='ocr_carea' id='block_1_4' title="bbox 0 0 1286 3909">
    <p class='ocr_par' dir='ltr' id='par_1_6' title="bbox 0 0 1286 3909">
     <span class='ocr_line' id='line_1_44' title="bbox 0 0 1286 3909; baseline 0 0"><span class='ocrx_word' id='word_1_395' title='bbox 0 0 1286 3909; x_wconf 95' lang='lat' dir='ltr'> </span> 
     </span>
    </p>
   </div>
  </div>
 </body>
</html>
