2542 3909
453 232 489 268 DE
506 232 619 269 1201!ss
638 234 718 269 mn
735 235 767 272 n.
1052 226 1094 285 47

127 374 204 415 ame
225 358 345 415 edentur
364 374 420 415 uon
441 358 586 432 perfectae,
609 375 670 416 nam
692 369 766 417 esset
785 358 932 431 inlinitum,
951 358 1001 417 red
1022 361 1097 435 ipsae

124 458 246 498 summae
263 458 355 497 rerum
372 450 455 515 atque
469 444 628 500 sententiae.

187 526 225 594 Q.
246 523 287 581 ltu
303 540 370 581 uero
385 542 498 583 necesse
514 534 571 591 est;
587 543 639 600 qua
655 544 686 584 re
700 526 849 585 audiemus.

186 608 255 665 Vlll.
279 604 324 669 19.
352 610 393 667 M.
423 608 467 665 dd
495 610 593 666 diuos
616 610 768 668 adeunto
794 621 904 682 caste,
930 613 1096 687 pietatem

122 692 331 763 adhibento,
355 708 441 767 opas
463 704 658 752 amouento,
689 696 750 768 qul
771 712 870 753 secur
890 695 990 760 laxit,
1012 696 1095 756 deus

123 782 202 853 ipse
225 777 351 834 uindex
373 779 452 833 erit.

187 860 385 935 Separatim
422 876 519 917 nemu
556 860 712 929 habessit
741 860 829 918 daos
860 879 950 919 neue
980 880 1095 921 noune

121 962 213 1003 neue
248 946 399 1001 aduenas
435 946 505 1001 nlsl
540 944 680 1019 publice
716 944 887 1009 adscitos:
929 947 1095 1022 priuatim

122 1028 292 1101 colunto,
323 1044 410 1101 quos
437 1028 507 1085 rite
537 1044 552 1084 a
580 1028 744 1102 patribus
779 1024 914 1103 (cultor
942 1046 1093 1103 accepe-

122 1118 220 1171 rint..

191 1198 233 1255 In
258 1192 425 1273 urbibus)
448 1188 609 1253 delubra¹
632 1195 798 1253 habento:
826 1196 922 1254 lucos
942 1197 976 1253 lu
999 1199 1095 1271 agria

123 1281 278 1338 habento
300 1286 336 1336 et
357 1278 478 1335 larum
500 1280 610 1336 sedes.
652 1281 744 1337 ritus
767 1279 917 1339 tamillae
938 1288 1094 1355 patrum·

128 1380 197 1438 que
218 1371 396 1419 seruante.

194 1448 294 1503 liiuos
319 1455 353 1504 et
388 1464 462 1517 eos,
498 1449 553 1520 qul
589 1447 764 1504 caelestes
796 1464 934 1521 semper
966 1449 1093 1527 habiti,

125 1532 288 1603 colunto,
316 1538 350 1587 et
372 1530 478 1602 ullos,
507 1546 593 1605 quos
622 1531 709 1589 cudo
731 1531 831 1589 caelo
853 1533 979 1589 merita
999 1532 1093 1589 loca·

123 1618 262 1685 norint,
284 1614 481 1686 Herculem,
501 1613 677 1685 Liberum,
697 1614 959 1688 Aesculapium,
974 1615 1092 1673 ilasto-

123 1716 211 1771 rem,
230 1697 426 1769 Pollucem,
447 1696 640 1770 Quirinum,
661 1705 716 1755 ast
737 1698 821 1774 ullu,
842 1707 988 1773 propter
1007 1717 1093 1774 quae

124 1784 231 1840 datur
257 1782 389 1838 homini
418 1798 582 1838 ascensus
610 1784 644 1838 in
671 1782 817 1855 caelum,
839 1782 997 1857 lleutem,
1019 1784 1093 1843 Vir·

123 1876 251 1937 tutem,
280 1866 463 1937 Pietatem,
491 1864 619 1922 Fidem:
656 1882 839 1939 earumque
865 1866 1008 1925 laudum
1035 1868 1092 1926 de·

123 1950 225 2007 lubra
246 1958 366 2020 sunto,
389 1966 429 2006 ne
452 1950 578 2007 nucula
600 1950 778 2006 uitiorum.

192 2034 293 2091 Sacra
321 2034 503 2090 sollemnia
531 2032 695 2092 obeunte.
735 2033 838 2089 feriis
865 2034 981 2109 iurgia
1002 2051 1093 2094 amu·

124 2127 240 2175 uento
270 2132 396 2192 casque
430 2120 464 2174 in
494 2117 629 2174 famul-is
663 2117 828 2190 operibns
853 2120 1006 2190 patratis
1034 2121 1093 2177 ira·

123 2202 249 2265 bento;
277 2203 401 2276 ltaque
429 2210 467 2257 ut
492 2202 540 2257 lta
565 2193 685 2258 cadat²
714 2201 748 2256 iu
776 2202 899 2256 annuis
922 2201 1092 2258 aufracti-

124 2286 520 2358 busdescriptumesto.
556 2292 745 2356 certasque
767 2283 1092 2359 frugesccrtusque

125 2370 226 2427 bacas
248 2369 453 2426 sacerdotes
474 2368 613 2444 publice
633 2367 787 2424 libante:
810 2367 874 2423 hoc
902 2370 1012 2425 certis
1041 2386 1093 2427 sa·

127 2453 478 2523 erilieilsacdiebus,
500 2450 553 2510 20.
572 2454 726 2524 itemque
741 2451 828 2508 alios
842 2452 881 2508 ad
896 2452 971 2508 dies
986 2453 1092 2511 uber·

127 2546 234 2594 tatem
254 2539 360 2594 lactis
382 2536 590 2610 feturaeque
612 2544 796 2605 seruant03
818 2535 921 2609 idque
943 2553 981 2593 ne
1003 2554 1092 2595 com·

127 2622 224 2677 mitti
250 2622 379 2696 possit,
402 2621 439 2677 ad
461 2636 528 2677 eam
550 2636 617 2677 rem
639 2613 792 2677 rationc³
813 2636 935 2677 cursus
957 2637 1092 2679 annuos

126 2706 335 2763 secerdotes
365 2706 532 2779 liutuald,
560 2719 715 2778 quaeque
744 2706 898 2776 quoique
926 2704 1008 2762 diuo
1036 2704 1093 2761 de·

126 2806 231 2847 corae
252 2797 443 2863 grataeque
465 2791 536 2845 sint
558 2790 698 2845 hostiae
719 2787 945 2861 prouidento.
981 2789 1092 2845 dinis·

127 2890 192 2947 quc
221 2874 303 2929 aliis
331 2869 417 2948 (ulii)
446 2872 666 2943 sacerdotes,
696 2870 854 2927 omuibus
882 2873 1091 2947 pautilicas,

128 2958 284 3033 singulis
307 2956 461 3014 llemluis
483 2965 606 3026 suntu;
629 2956 861 3029 uirginesque
883 2955 1037 3013 Vestalis
1059 2959 1092 3013 in

128 3041 214 3099 urbe
230 3040 464 3098 custodiunto
478 3044 589 3117 ignem
605 3041 678 3097 leci
692 3039 1091 3113 publicisempiteruum.

192 3125 337 3199 Quoque
365 3127 449 3182 haee
475 3126 638 3201 priuatim
662 3132 695 3180 et
715 3122 855 3197 publice
876 3123 979 3182 modo
1001 3125 1093 3180 ritu·

129 3227 193 3284 qne
222 3210 327 3276 liant,
358 3209 522 3266 discuntu
548 3210 664 3283 ignari
684 3223 700 3263 a
720 3207 875 3281 publicis
897 3209 1094 3265 sacerdoti·

127 3294 198 3351 hus.
251 3309 368 3350 eorum
405 3301 518 3351 autem
553 3308 680 3367 genera
711 3300 814 3348 sunto
854 3292 937 3365 tria,
975 3307 1093 3361 unum,

202 3482 224 3551 ¹)
239 3485 342 3543 Partim
356 3484 520 3550 Madvigium
534 3491 638 3534 secutur
650 3482 774 3546 supplevi.
801 3491 838 3530 aa*
851 3476 994 3525 Delubra
1007 3476 1047 3525 ed.
1063 3476 1093 3523 V.

130 3552 260 3623 ²)Mclt‘m
274 3562 301 3605 ut
319 3556 364 3605 rite
383 3556 499 3605 laleutur.
535 3551 557 3620 8)
576 3554 622 3603 Ec
639 3551 753 3602 diurnebi
764 3552 797 3612 qi.
812 3547 928 3597 rationem
942 3544 993 3591 AB
1004 3545 1043 3593 ed.
1064 3545 1094 3594 V.
