2542 3909
462 258 497 291 nn
516 257 628 295 nnernvs
647 257 726 293 33333
743 258 773 293 11.
1053 249 1094 307 55

125 404 183 447 uros
199 393 316 442 teneros
331 391 414 457 atque
428 383 524 439 molles
538 382 654 439 influere
669 400 749 456 quana
763 384 855 441 uarios
875 382 987 439 canendi
1001 398 1096 441 33333.

126 486 245 547 quorum
266 468 321 525 dici
345 470 389 523 uir
410 475 503 542 potest
525 476 626 541 quanta
649 469 684 523 sit
704 468 747 523 uis
767 468 795 523 in
816 475 1096 541 utramquepartem:

126 570 244 627 namque
267 561 297 608 et
319 554 415 608 incitat
436 551 597 624 languentes
621 559 649 607 et
667 551 831 624 langueiacit
851 554 979 607 excitatos
995 559 1096 607 etium

126 640 243 695 remittit
258 636 374 707 animos,
396 643 453 691 tutu
469 636 615 706 contrahit,
631 636 827 709 ciuitatumque
841 636 894 691 hoc
908 635 1054 692 multarum
1068 637 1096 692 13

129 723 238 778 Graecia
253 719 390 791 interfuit,
406 721 545 791 antiquom
560 735 659 775 uocum
670 735 831 775 conseruare
841 719 965 788 modum3
981 736 1097 793 quarum

127 822 217 863 mores
239 803 309 877 lapsi
330 803 364 859 ad
384 797 525 859 mollitias¹
550 798 680 879 (mollitis)
701 805 803 877 pariter
816 810 882 860 sunt
894 805 1020 860 inmutati
1035 820 1096 859 cum

128 889 266 960 cantibus,
288 895 335 943 aut
356 888 407 943 hac
430 886 575 944 dulcedine
596 888 805 961 corruptelaque
820 887 976 959 deprauati,
990 898 1022 943 ut
1036 889 1095 961 qul-

129 974 190 1030 dam
204 980 322 1047 putant,
337 980 395 1040 aut,
410 988 470 1027 cum
485 974 619 1028 seueritas
635 987 730 1027 eorum
746 970 780 1027 ob
796 970 846 1027 alia
861 972 928 1025 uitia
943 970 1095 1041 cecidisset,

129 1066 188 1113 turn
210 1057 263 1113 suit
284 1057 313 1111 in
335 1055 445 1111 auribus
468 1056 617 1129 animisque
639 1056 748 1114 mutatis
771 1055 849 1110 etiam
871 1054 935 1109 huic
955 1056 1096 1111 mutationi

128 1142 217 1204 locus.
261 1138 311 1198 39.
334 1156 414 1214 quam
429 1138 463 1195 ob
480 1156 537 1195 rem
558 1139 604 1195 ille
619 1139 729 1212 quidem
743 1138 958 1211 sapientissimus
973 1139 1097 1195 Graeciae

129 1228 172 1284 uir
193 1225 333 1298 longeque
355 1223 529 1281 doctissimus
554 1222 631 1279 ualde
654 1223 722 1279 hanc
743 1221 831 1279 labem
860 1230 986 1292 ueretur;
1013 1230 1097 1296 negat

129 1312 202 1367 enim
216 1310 315 1365 mutari
333 1323 415 1382 posse
436 1308 553 1363 musicas
568 1306 645 1381 leges
660 1308 718 1362 sine
733 1307 882 1363 mutatione
897 1308 988 1381 legum
1008 1306 1096 1380 publi·

132 1409 236 1451 carum.
265 1408 316 1465 ego
331 1399 422 1447 autem
436 1407 487 1449 nec
501 1399 557 1447 tam
572 1390 652 1447 ualde
667 1390 694 1446 id
710 1390 857 1447 timendum
872 1407 923 1449 nec
937 1392 1016 1464 plane
1031 1408 1096 1447 oon-

131 1475 307 1533 temnendum
325 1484 403 1549 puto.
435 1475 503 1533 illud
524 1475 631 1549 quidem
653 1472 765 1549 (uideo),
786 1491 857 1549 quae
872 1474 995 1531 solebant
1010 1491 1096 1548 quon·

128 1560 191 1619 dam
213 1560 336 1633 conpleri
355 1561 503 1617 seueritate
518 1558 634 1615 iucunda
654 1558 772 1615 Liuianis
794 1565 822 1614 31
833 1558 975 1615 1133313313
997 1557 1093 1630 modis,

127 1663 202 1703 nuuc
217 1651 249 1700 ut
265 1644 358 1701 eadem
374 1642 497 1701 exultent
511 1650 539 1699 et
554 1644 675 1699 ceruices
690 1644 840 1716 oculosque
855 1644 955 1715 pariter
966 1658 1027 1699 cum
1038 1660 1096 1699 mo·

128 1730 225 1789 dorum
249 1727 410 1785 flexionibus
433 1735 589 1801 torqueant.
633 1729 756 1801 grauiter
777 1727 842 1784 olitn
863 1728 917 1783 ista
944 1726 1097 1783 uindicabat

128 1821 209 1870 uetus
231 1813 280 1869 illa
303 1810 421 1883 Graecia,
444 1812 528 1884 longe
550 1812 716 1885 prouidens,
739 1828 818 1886 quam
840 1812 941 1867 sensim
962 1812 1095 1884 pernicies

127 1898 231 1972 inlapsa
247 1898 350 1953 ciuium
364 1898 467 1951 animos
484 1896 560 1951 malis
575 1896 672 1951 studiis
689 1895 820 1968 malisque
834 1896 965 1954 doctrinis
983 1905 1097 1969 repente

130 1989 203 2037 totas
218 1982 343 2037 ciuitates
359 1987 508 2050 auerteret,
523 1982 547 2035 si
561 1980 669 2054 quidem
685 1979 732 2035 illa
744 1996 842 2035 seuera
856 1978 1020 2036 Lacedaemo
1035 1996 1097 2036 ner·

129 2082 182 2123 uos
196 2067 287 2135 iussit,
309 2080 364 2137 quo
379 2064 474 2137 plures
489 2080 568 2137 quarn
584 2072 689 2137 septem
703 2062 826 2135 haberet,
841 2065 871 2119 iu
886 2064 1021 2121 Timothei
1035 2062 1094 2121 fidi·

128 2148 180 2209 bus
195 2149 288 2207 incidi.

193 2232 261 2290 XVl.
285 2228 338 2289 40.
362 2232 491 2306 Deinceps
506 2233 534 2287 ln
549 2232 611 2306 lege
627 2239 680 2300 est,
696 2239 727 2286 ut
740 2230 775 2286 de
790 2228 886 2285 ritibus
901 2231 994 2303 patriis
1005 2230 1097 2287 colan-

129 2328 176 2374 tur
198 2318 320 2391 optumi:
344 2316 378 2373 de
400 2333 455 2389 quo
477 2333 538 2372 cum
560 2314 735 2374 consulerent
749 2313 930 2370 Athenienses
944 2313 1098 2386 Apollinem

129 2402 268 2476 Pythium,
285 2418 351 2475 quas
365 2402 537 2475 potissimum
552 2400 701 2474 religiones
713 2406 847 2469 tenerent,
863 2398 983 2457 oraclum
994 2397 1097 2456 editum

130 2494 174 2543 est
196 2485 264 2558 eeas,
288 2502 358 2559 quae
380 2492 473 2541 essent
494 2486 522 2541 in
543 2500 619 2541 more
641 2483 794 2540 maiorum’.
836 2499 892 2557 quo
914 2499 976 2539 cum
997 2482 1097 2539 iterum
1156 2511 1159 2516 ·

130 2570 271 2630 uenissent
293 2571 478 2644 maiorumque
500 2585 604 2625 morem
625 2567 757 2624 dixissent
779 2583 860 2641 saepe
881 2583 942 2623 esse
963 2575 1097 2623 mutatum

130 2655 366 2729 quaesissentque,
382 2669 463 2728 quem
478 2669 580 2711 morem
595 2654 767 2727 potissimum
782 2660 963 2725 sequerentur
977 2667 993 2707 e
1005 2654 1095 2723 uariis,

128 2738 272 2813 respondit
292 2736 470 2812 ‘optumum'.
506 2745 533 2793 et
547 2737 672 2813 proiecto
687 2738 724 2793 ita
739 2744 790 2808 est,
806 2744 838 2792 ut
851 2736 878 2791 id
894 2733 1046 2791 habendum
1060 2738 1097 2792 sit

128 2825 348 2897 antiquissimum
364 2830 393 2879 et
404 2822 455 2883 deo
469 2824 633 2895 proximum,
649 2820 722 2896 quod
737 2822 773 2877 sit
789 2828 943 2896 optumum.

191 2908 299 2981 Stipem
313 2908 476 2963 sustulimus
487 2907 541 2963 nisi
556 2922 622 2977 eam,
642 2922 721 2979 quam
732 2904 766 2961 ad
776 2921 878 2979 paucos
889 2905 947 2960 dies
958 2906 1096 2978 propriam

127 2992 220 3049 idaeae
235 2992 327 3049 llatris
343 2993 513 3066 excepimus3
535 2990 629 3065 implet
650 2991 722 3046 enim
736 2990 931 3063 superstitione
949 2989 1053 3045 animos
1069 2997 1096 3045 31

127 3076 252 3133 exhaurit
266 3069 389 3133 domus.²
605 3124 611 3135 ,

192 3160 335 3233 Sacrilego
355 3175 443 3234 poena
463 3167 515 3231 est,
537 3174 625 3233 neque
640 3158 742 3229 313311,
758 3159 805 3232 qui
819 3173 926 3215 sacrum
941 3156 1096 3227 abstulerit,

203 3306 223 3375 ¹)
244 3311 284 3360 sic
298 3306 350 3357 AB
366 3310 499 3359 mollitiam
517 3306 613 3357 mollitis
634 3306 674 3355 ed.
694 3306 725 3356 V.
759 3302 780 3371 ²)
796 3306 946 3357 Memoriter
966 3303 1030 3353 haee
1049 3318 1097 3353 nec

127 3388 254 3433 33333313
267 3378 341 3431 Sero.
357 3380 394 3429 ad
406 3378 472 3429 Aen.
487 3391 508 3440 a,
522 3390 570 3430 en.
586 3379 624 3427 ita
636 3377 785 3427 reddidisse
794 3375 929 3441 putandus
943 3381 995 3423 est:
1013 3373 1096 3422 Cicero
1115 3413 1121 3419 .

128 3452 162 3502 311
176 3453 201 3502 13
215 3452 284 3501 libris
298 3452 391 3514 legum:
409 3447 512 3515 ‘Stipem
522 3449 651 3513 prohibeo:
666 3463 721 3502 nam
735 3456 806 3509 auget
819 3444 1015 3511 superstitionem
1024 3451 1097 3493 eter-

127 3522 206 3573 baurit
221 3519 328 3573 domos’.
348 3521 415 3573 Nam
424 3538 490 3587 qnae
498 3527 642 3585 sequnntur
651 3520 735 3583 ilignis
745 3519 817 3579 igitur
826 3514 972 3578 largiendum
982 3523 1027 3578 est,
1042 3516 1098 3579 ipse

129 3591 237 3644 Servius
250 3594 355 3645 videtur
369 3593 516 3645 adnotasse.
