2542 3909
368 235 426 271 can
443 236 535 271 marra.
554 217 601 273 lv.
623 223 735 273 14-15.
962 216 1026 281 347

83 377 167 427 certae
182 366 298 423 creditae
314 366 444 439 pecuniae
459 374 571 439 propter
585 367 777 439 sponsionem,
793 382 846 438 qua
860 365 1029 439 periclitatur

83 470 151 524 rcus,
172 453 194 507 si
209 458 311 507 temere
326 457 423 521 neget,
447 446 494 523 (et)
517 449 764 523 restipulationem,
787 465 839 522 qua
861 450 1028 523 periclitatur

83 544 167 605 actor,
188 536 211 590 si
230 550 285 590 non
307 532 426 589 debitum
446 541 536 607 petat:
559 548 619 589 nam
642 535 688 607 qui
703 534 793 589 uictus
808 542 881 601 erat,
898 548 1027 589 summam

83 620 234 676 sacramenti
257 616 410 691 praestabat
425 632 527 689 poenae
542 618 667 685 uomine3
691 632 776 690 eaque
790 618 818 672 in
834 617 970 690 publicum
984 633 1029 673 ce·

83 704 156 760 lebat
171 702 338 777 praedesque
358 716 391 757 eo
412 702 520 756 nomine
535 704 657 775 praetore¹
670 699 817 770 dabantur,
837 717 893 757 non
912 708 943 756 ut
957 717 1029 757 nuuc

83 788 231 861 sponsionis
247 793 274 842 et
289 785 505 857 restipulationis
520 799 606 858 poena
617 784 697 840 lucro
713 784 785 840 cedit
797 783 966 855 aduersario,
983 786 1028 857 qui

83 873 184 928 uicerit.
235 866 280 925 14.
303 868 392 925 Poena
414 876 503 925 autem
526 869 685 925 sacramenti
707 874 753 923 aut
775 870 949 941 quingenario
971 876 1029 925 erat

83 963 124 1011 aut
146 953 388 1028 quinquagenaria:
411 966 471 1007 nam
494 950 527 1007 de
549 949 630 1008 rebus
653 950 716 1006 mile
730 952 799 1007 aeris
814 952 936 1025 plurisue
951 953 1029 1024 quin·

83 1040 167 1112 gentis
189 1036 303 1105 assibus,
326 1034 360 1091 de
382 1036 492 1091 minoris
515 1052 582 1092 uero
604 1036 800 1109 quinquaginta
822 1034 926 1090 assibus
941 1051 1028 1090 sacra-

83 1129 169 1178 mento
192 1119 420 1188 contendebatur;
447 1134 507 1174 nam
534 1120 570 1174 ita
592 1118 653 1191 lege
677 1134 724 1174 xm
746 1117 898 1174 tabularum
919 1127 1028 1175 cautum

83 1214 144 1261 erat.
180 1196 235 1283 (at)
250 1206 273 1260 si
289 1204 322 1260 de
337 1202 464 1259 libertate
478 1202 595 1258 hominis
612 1202 798 1258 controuersia
813 1211 886 1268 erat,
901 1204 953 1257 etsi
968 1217 1029 1275 pre·

83 1290 239 1345 tiosissimus
255 1288 336 1344 homo
352 1294 434 1361 essct,
457 1294 545 1343 tamen
560 1294 591 1341 ut
612 1302 632 1343 a.
654 1285 759 1342 assibus
781 1293 950 1343 sacramento
965 1302 1029 1342 con·

83 1372 251 1443 tenderetur,
271 1370 363 1427 eadem
385 1370 446 1443 lege
460 1378 567 1426 cautum
583 1378 625 1426 est
640 1369 746 1426 ’iaaore
762 1369 865 1427 scilicet
885 1369 1029 1440 libertatis,

83 1472 114 1511 nc
136 1448 334 1512 onerarentur1
357 1454 518 1511 adsertores.
543 1450 547 1526 Ι
566 1482 1029 1570 ——-—------²
1040 1459 1099 1566 lw'

1054 1556 1059 1565 ·
1069 1538 1086 1568 Ι.

83 1538 235 1597 tat—10
484 1540 1014 1597 Ι----------

83 1620 123 1680 15.
146 1621 286 1679 ’Ceteram
312 1637 374 1677 cam
396 1616 499 1677 etiam³
526 1626 603 1684 cistae
632 1637 726 1677 omnes
747 1623 868 1678 actiones
887 1650 922 1660 —
939 1652 975 1662 —
987 1650 1030 1661 —

151 1820 172 1891 ¹)
185 1820 231 1873 Sic
250 1820 276 1871 V
277 1818 298 1855 ⁸²
312 1820 420 1889 (tantam
435 1831 559 1872 orarentur
568 1838 620 1887 pro
635 1822 801 1888 onerarentur)
820 1824 897 1889 idque
916 1826 967 1873 iam
980 1823 1028 1889 Bp.

83 1896 116 1945 ed.
132 1905 152 1946 n.
167 1897 199 1957 ci.
215 1900 348 1943 assecutae
362 1900 427 1943 erat.
484 1888 504 1958 ²)
518 1892 579 1943 Hac
589 1896 682 1957 priore
692 1901 771 1958 parte
785 1897 914 1959 popinae,
932 1896 960 1942 r‘a
979 1910 1030 1957 qua

83 1966 144 2014 nibil
158 1966 209 2029 lepa'
218 1965 318 2027 potuit,
333 1964 364 2013 de
379 1964 452 2013 modo
466 1965 623 2013 sacramenti
636 1965 778 2027 disputatio
793 1966 944 2014 continuata
958 1965 1032 2013 etad

83 2038 151 2084 taem
161 2035 290 2097 perducta
305 2049 360 2083 esse
374 2034 488 2091 uidetur,
503 2040 531 2083 at
544 2041 622 2096 pato,
636 2034 685 2083 boc
697 2035 755 2097 sere
769 2034 857 2084 modo:
875 2031 913 2082 ‘E
925 2035 1030 2085 diuerso

83 2108 103 2155 ri
116 2108 184 2154 inter
196 2108 317 2168 papalum
331 2112 356 2153 et
364 2106 499 2168 priuatam
509 2105 690 2153 controuersia
699 2111 765 2161 erat,
774 2106 831 2153 aiae
840 2119 883 2153 res
892 2106 950 2153 mile
960 2108 1031 2153 aeria

83 2178 194 2225 otarisae
213 2177 269 2224 siae
287 2177 396 2224 minoris
414 2181 492 2229 esset,
513 2176 670 2223 sacramenti
686 2189 772 2237 poena
793 2176 899 2238 celeps
918 2174 1030 2223 Haterio

83 2246 193 2309 Tarpeia
209 2260 225 2294 a
235 2252 360 2309 praetore
376 2244 567 2303 aestimabatur,
577 2245 651 2294 modo
661 2260 692 2293 ae
702 2245 786 2293 minor
795 2246 941 2309 qainpentis
950 2260 1030 2308 aeque

83 2317 161 2365 maior
175 2313 225 2363 III
234 2315 336 2364 milibus
350 2317 420 2364 aeria
433 2321 598 2364 statueretur.
623 2322 764 2378 praeterea
774 2316 828 2379 lepe
838 2314 907 2363 Ialia
919 2314 1031 2378 Papiria

83 2392 179 2435 cautam
194 2393 239 2442 est,
255 2400 286 2434 ae
297 2386 385 2448 pluris
399 2400 473 2449 qaam
488 2387 545 2447 ipsa
560 2400 603 2433 res
617 2391 691 2441 esset,
705 2392 892 2434 sacramentam
905 2392 1030 2434 statuere·

83 2464 120 2505 tar
135 2454 181 2521 (ef.
192 2457 265 2519 infra
275 2466 296 2513 t,
306 2454 352 2520 95).
375 2457 400 2504 ai
414 2469 475 2504 uero
490 2457 658 2519 mapistratas
668 2469 720 2517 pro
730 2458 827 2518 populo
840 2455 940 2520 apebat,
955 2454 1031 2505 etiam

83 2529 198 2575 ariaatas
212 2532 309 2574 tantam
322 2532 483 2575 sacramento
498 2525 718 2589 interropabatar.
746 2526 821 2589 idque
835 2538 934 2589 semper
944 2526 1030 2590 fiebat,

83 2612 134 2645 eam
152 2612 188 2645 erc
201 2598 256 2660 lepe
275 2596 364 2659 aliqua
383 2610 450 2654 eam,
472 2597 516 2659 qai
535 2602 627 2645 contra
645 2598 724 2660 tepem
739 2596 859 2659 fecisset,
880 2598 907 2645 in
927 2611 1031 2647 sacram

83 2667 198 2715 iudicare
212 2666 313 2728 licebat,
328 2666 357 2713 id
367 2673 404 2715 est
413 2672 442 2713 at
455 2668 632 2730 amapa‘strata
643 2674 804 2715 sacramento
813 2669 1029 2731 interroparetar,

83 2750 103 2785 se
118 2744 210 2786 eontra
225 2736 305 2800 lepem
319 2749 369 2785 aaa
381 2733 498 2798 secisse’.
534 2734 584 2802 (Cf.
600 2734 660 2784 Lecc
673 2734 720 2784 Sit.
735 2738 767 2785 de
782 2738 862 2799 pond.
878 2738 949 2801 apud
963 2736 1029 2787 Fert.

83 2824 98 2855 r.
115 2806 191 2855 Pabl.
202 2806 322 2869 pondera
333 2821 361 2870 p.
372 2818 418 2857 att.
438 2806 497 2854 Leon
511 2806 542 2855 de
556 2807 634 2869 infer.
646 2822 668 2854 o.
679 2818 691 2857 c
702 2803 741 2872 [C.
752 2804 774 2855 Ῑ.
786 2807 817 2855 L.
828 2806 849 2855 Ι.
861 2818 920 2859 teca.
931 2824 959 2871 p.
970 2805 1030 2875 aas]

83 2878 129 2925 C'ic.
146 2878 178 2926 de
193 2892 247 2939 rep.
263 2888 284 2937 a,
299 2886 332 2927 tn.
354 2876 420 2925 Fest.
435 2892 456 2924 o.
472 2874 673 2925 Sacramentum.
698 2876 866 2927 Sacramenta
879 2894 904 2941 p.
920 2890 966 2929 att.
982 2890 1030 2930 844.

83 2945 172 3013 trata).
226 2944 247 3011 ε)
262 2945 307 2995 Ad
318 2948 468 2995 sententiam
482 2949 606 3010 suppleat.

83 3126 123 3187 ep.
139 3129 220 3185 repet.
233 3124 258 3171 υἱ
274 3133 301 3172 aa
315 3121 369 3188 (Ka.
380 3138 409 3185 p.
423 3120 468 3188 eo).
495 3122 547 3172 Cic.
558 3138 611 3186 pro
626 3122 684 3171 Mil.
699 3132 733 3173 tt.
748 3138 801 3185 pro
817 3122 890 3172 Gaea.
905 3134 939 3174 tu.
958 3125 981 3185 ἕ.
997 3134 1031 3175 aa.

83 3195 102 3241 'n
123 3192 201 3241 Verr.
217 3204 237 3251 2,
253 3205 274 3254 t,
287 3201 322 3244 tt.
337 3194 361 3255 ᾗ.
377 3205 422 3244 118.
442 3194 474 3242 de
489 3200 554 3243 arat.
569 3206 590 3255 1,
608 3204 642 3243 to.
657 3194 681 3254 ἕ.
695 3204 730 3243 aa.
751 3208 804 3255 pro
817 3194 890 3243 domo
905 3205 938 3245 aa.
958 3196 981 3255 ἓ.
997 3204 1031 3245 ts.

83 3264 107 3311 le
121 3278 179 3326 rep.
193 3272 215 3321 8,
229 3274 263 3315 35.
278 3265 302 3325 ᾖ.
313 3274 346 3314 ab.
367 3264 402 3312 ad
413 3264 496 3325 famil.
512 3276 532 3321 a,
543 3274 577 3314 aa.
598 3263 695 3313 Arnob.
706 3262 873 3327 adaperto,
884 3275 933 3331 16..
942 3262 969 3313 V
966 3266 1030 3313 aler.

83 3333 152 3382 llam.
168 3342 189 3391 t,
204 3344 224 3384 8.
240 3335 262 3394 §a
279 3344 300 3383 a.
315 3345 336 3391 n,
351 3346 371 3383 a.
386 3335 409 3395 ξ.
425 3345 445 3385 a.
507 3329 531 3401 ξ.
549 3337 589 3383 14.
611 3334 649 3397 Cf.
670 3332 766 3391 Varro,
782 3334 848 3383 Fert.
863 3334 890 3382 tt.
906 3350 942 3384 cc.
965 3336 986 3383 si
1002 3335 1031 3383 ale

83 3400 200 3470 ibertatc]
217 3405 252 3467 cs.
268 3403 325 3452 Lio.
341 3416 361 3459 a,
376 3414 468 3467 etseq.
532 3399 556 3471 ξ.
574 3406 614 3453 15.
636 3403 674 3466 Of.
695 3404 783 3455 Valer.
800 3404 877 3456 Prob.
892 3417 913 3455 4.
934 3418 1031 3454 carrus

83 3472 280 3541 tvu]ef.§.1o.
302 3490 323 3522 a.
343 3488 451 3530 crunno
470 3488 574 3525 rumara
592 3489 781 3524 vannrcavrsnr.
814 3475 843 3522 ad
862 3472 977 3541 iudicem]
996 3474 1030 3537 cs.

83 3548 96 3604 ξ.
113 3556 148 3595 18.
169 3544 208 3592 dic
223 3541 298 3611 xxm]
313 3544 347 3607 cf.
362 3542 448 3595 Stant.
466 3544 517 3593 Oia
538 3544 613 3595 Verr.
625 3556 646 3602 t,
657 3556 678 3603 t,
688 3555 707 3595 9.
728 3547 751 3606 5.
766 3555 791 3594 26
805 3543 874 3595 Bait.
894 3560 938 3609 per
956 3545 1032 3607 legem
