2542 3909
166 249 208 306 3ss
510 255 538 289 u.
557 254 668 290 rvnurvs
686 255 787 291 crosno.

166 402 226 441 nam
246 386 300 438 ista
322 382 428 455 quidem
450 396 547 453 magna
569 378 726 436 diiudicatio
749 389 802 451 est,
824 389 855 436 ut
877 397 909 437 ex
929 390 957 437 te
972 382 1032 455 ipso
1047 398 1132 455 saepe

166 468 294 541 cognoui.
331 465 380 520 sed
395 473 469 521 certo
483 466 521 521 ita
536 480 579 520 res
594 463 731 519 sehabet:
747 473 778 519 ut
792 474 936 521 ornatura
951 467 1044 521 uiuere
1056 482 1131 522 sum·

166 568 239 607 mum
258 550 359 605 bonum
379 550 429 619 sit,
449 546 477 604 id
498 556 555 619 est,
576 549 633 603 uita
652 547 757 603 modioa
777 556 804 603 et
824 557 885 622 apta
899 549 1001 605 uirtute
1016 550 1130 622 perfrui,

166 644 213 692 aut
228 642 349 689 naturam
361 634 439 704 sequi
452 634 549 687 eteius
561 632 639 705 quasi
655 632 716 705 lege
729 634 822 687 uiuere
838 631 865 687 id
882 641 935 704 est,
951 632 1027 703 nihil,
1045 650 1132 706 quan·

167 728 223 774 tum
245 720 273 772 iu
294 718 355 790 ipso
378 718 430 789 sit,
452 717 668 789 praetermittere
690 732 744 787 qno
767 717 855 771 minus
878 734 920 788 ea,
941 732 1011 789 quae
1033 725 1131 773 natura

165 800 297 875 postulet,
309 807 503 872 consequatur,
518 793 624 872 'quom1
643 798 714 854 iuter
724 798 790 855 baec
800 800 866 855 uelit
877 802 982 857 uirtute
992 810 1131 873 tamquam

165 886 227 959 lege
249 886 351 943 uiuere.
390 892 558 957 quapropter
578 883 632 939 hoe
653 881 793 939 diiudicari
814 886 907 940 neseio
922 897 1130 957 ennumquam,

165 969 212 1026 sed
232 970 285 1025 boo
305 984 430 1025 sermone
451 976 526 1025 certe
546 982 601 1023 non
620 973 727 1039 potest,
747 967 770 1021 si
786 967 895 1041 quidem
908 968 953 1040 id,
966 964 1049 1041 {quod
1068 984 1130 1025 sus·

165 1054 294 1127 sepimus,
308 1052 457 1126 perfecturi
470 1067 574 1110 sumus.

226 1136 301 1195 llllll.
322 1132 367 1193 57.
389 1137 423 1192 Α.
447 1137 482 1189 dt
496 1150 548 1207 ego
565 1135 617 1189 huo
631 1133 797 1190 declinabam
812 1150 863 1191 uec
876 1137 992 1192 inuitus.

227 1223 260 1289 Q.
282 1218 385 1275 Licebit
408 1218 490 1275 alias:
514 1216 627 1273 nuncid
643 1233 772 1291 agamus,
788 1219 862 1290 quod
876 1219 1028 1293 coepimus,
1044 1236 1128 1292 quom

164 1305 322 1379 praesertim
343 1301 376 1357 ad
392 1302 419 1357 id
434 1302 500 1357 nibil
514 1302 651 1374 pertineat
666 1302 731 1357 baec
745 1301 898 1359 desummo
913 1303 985 1360 malo
999 1301 1129 1378 bonoque

165 1389 307 1445 dissensio.
483 1383 486 1389 ’
752 1418 755 1424 »

227 1472 266 1529 Μ.
288 1469 509 1540 Prudentissime,
531 1466 641 1538 Quinte,
661 1469 742 1537 dieis3
768 1486 830 1524 nam
851 1486 919 1542 quae
939 1487 954 1525 a
973 1487 1019 1526 me
1039 1470 1127 1527 adbuc

164 1557 235 1613 diota
249 1563 314 1611 sunt
327 1571 367 1611 s*
384 1546 427 1609 te²
441 1552 559 1626 Lycurgi
578 1551 653 1625 leges
674 1568 762 1625 neque
777 1552 886 1608 Solonis
906 1570 993 1627 neque
1008 1553 1127 1611 Charon·

164 1640 212 1696 dae
233 1654 320 1711 neque
335 1638 440 1694 Zaleuci
460 1653 510 1692 neo
524 1645 631 1691 nostras
647 1636 788 1693 duodecim
802 1635 907 1693 tabulas
922 1654 973 1694 uec
986 1637 1127 1711 plebiscita

164 1722 297 1791 desidero,
320 1722 367 1778 sed
388 1729 415 1776 te
434 1722 557 1777 existimo
578 1735 640 1775 eum
655 1720 764 1792 populis
780 1729 836 1775 tum
852 1722 933 1776 etiam
947 1722 1062 1795 singulis
1077 1723 1127 1779 bo·

163 1806 257 1863 diemo
274 1821 398 1861 sermone
413 1804 489 1877 leges
506 1802 614 1859 uiuendi
629 1811 658 1858 et
673 1803 840 1877 disciplinam
854 1804 988 1861 daturum.

225 1886 273 1947 68.
295 1887 336 1944 M.
352 1889 399 1945 list
414 1888 494 1943 buius
509 1903 576 1947 uero
592 1886 793 1960 disputationis,
809 1886 916 1960 Quinte,
932 1890 1072 1963 proprium
1086 1890 1125 1960 id,

163 1973 236 2048 quod
257 1982 392 2047 expectas,
414 1981 495 2044 atque
516 1973 617 2027 utinam
632 1980 705 2026 esset
719 1973 798 2027 etiam
811 1972 947 2029 facultatis
961 1989 1045 2029 meae.
1077 1973 1125 2030 sed

162 2058 287 2131 prolecto
302 2058 340 2114 ita
355 2072 385 2113 se
400 2072 444 2112 res
456 2054 551 2126 habet,
568 2063 615 2129 ut,
632 2056 760 2126 quoniam
776 2057 903 2112 uitiorum
918 2057 1125 2115 emendatrloem

162 2141 252 2215 legem
263 2157 323 2197 esse
335 2148 445 2213 oportet
455 2138 763 2213 commendatrioemque
774 2140 915 2210 uirtutum,
930 2140 962 2195 ab
973 2158 1005 2196 ea
1016 2142 1125 2198 uiuendi

161 2225 283 2282 doctrina
305 2224 429 2281 dueatur.
466 2225 503 2279 ita
524 2221 565 2293 lit,
588 2232 618 2278 ut
640 2230 727 2279 mater
748 2224 868 2279 omnium
888 2223 1019 2280 bonarum
1033 2242 1124 2281 rerum

163 2305 217 2385 (sii)
235 2310 381 2384 sapientia,
398 2304 436 2382 (a)
453 2308 550 2379 quoius
565 2322 656 2361 amore
671 2306 775 2363 Graeco
791 2307 875 2363 uerbo
890 2308 1060 2381 pbilosophis
1076 2324 1126 2363 no·

162 2409 225 2449 men
238 2394 353 2461 inuenit,
370 2408 422 2464 qua
437 2391 502 2445 nihil
519 2406 534 2444 a
549 2390 589 2445 dis
604 2390 791 2446 inmortalibus
806 2390 926 2455 uberius,
941 2391 1008 2448 nibil
1024 2390 1125 2447 liores·

162 2477 226 2547 tius,
248 2475 314 2531 nihil
334 2473 521 2548 praestabilius
540 2474 679 2529 bominum
693 2475 766 2530 uitae
781 2474 873 2531 datum
888 2485 940 2534 est.
973 2476 1038 2531 liaeo
1052 2478 1132 2531 euim-

162 2576 215 2615 una
237 2575 287 2615 nos
309 2574 371 2615 eum
386 2566 488 2614 oeteras
504 2572 547 2613 res
561 2573 667 2629 omnes,
689 2567 757 2629 tum,
780 2559 854 2632 quod
867 2569 911 2616 est
925 2558 1125 2632 difficillimum,

162 2642 265 2715 doeuit,
281 2651 312 2697 ut
326 2649 433 2697 uosmet
451 2642 525 2714 ipsos
541 2657 729 2697 nosceremus:
750 2644 828 2699 euius
842 2645 978 2717 praesepti
992 2651 1067 2699 tanta
1083 2645 1124 2701 uis

162 2735 189 2782 et
205 2735 278 2782 tanta
292 2726 425 2781 sententia
440 2733 492 2795 est,
507 2734 539 2781 ut
553 2741 583 2779 ea
599 2742 653 2781 non
670 2727 769 2781 bomini
783 2729 927 2800 quoipiam,
939 2726 986 2783 sed
998 2726 1124 2800 lielphloo

161 2808 212 2865 deo
234 2808 407 2867 tribueretur.
444 2804 492 2865 59.
516 2824 577 2865 nam
598 2812 645 2882 qui
663 2827 693 2865 se
711 2813 769 2882 ipse
784 2813 867 2877 norit,
889 2813 1004 2883 primum
1022 2811 1124 2883 aliquid

160 2910 190 2949 se
206 2892 304 2949 babere
320 2894 420 2949 sentiet
434 2892 554 2948 diuinum
569 2894 763 2965 ingeniumque
777 2895 805 2949 iu
820 2910 850 2949 se
865 2910 944 2950 suum
958 2897 1030 2951 sicut
1040 2897 1123 2950 simu·

160 2975 263 3033 lacrum
278 2976 387 3049 aliquod
399 2976 516 3034 dicatum
530 2976 646 3050 putabit,
663 2986 792 3050 tantoque
808 2994 919 3035 munere
928 2978 1041 3034 deorum
1052 2995 1123 3035 sem·

159 3076 209 3134 per
224 3059 335 3133 dignum
349 3060 450 3133 aliquid
466 3069 493 3116 et
508 3060 587 3115 laoiet
609 3070 636 3116 et
656 3062 763 3132 sentiet,
786 3070 822 3131 et,
844 3078 926 3134 quom
941 3079 971 3117 se
987 3064 1046 3135 ipse
1061 3078 1123 3135 per·

160 3146 278 3219 spexeris
301 3151 442 3217 totumque
464 3146 609 3217 temptarit,
633 3144 792 3217 intelleget,
819 3162 899 3218 quem
926 3145 1088 3201 admodum
1108 3163 1124 3201 a

181 3356 190 3373 '
232 3355 252 3423 ¹)
271 3358 334 3423 qnod
348 3358 399 3407 AB
411 3358 450 3409 ed.
463 3356 493 3407 V.
533 3353 553 3420 ²)
568 3364 623 3406 sunt
635 3356 666 3422 be
679 3372 749 3408 sorr.
769 3375 813 3408 neo
827 3358 879 3408 AB
890 3360 965 3409 Haeo
984 3361 1044 3423 fere
1060 3375 1123 3423 per·

158 3431 219 3479 iisse
229 3437 308 3493 puto:
322 3443 366 3477 nec
377 3427 443 3491 (ipse
452 3428 506 3477 alia
520 3434 599 3475 mente
613 3427 755 3490 disputasti,
765 3445 840 3493 quarn
849 3437 877 3477 at
884 3431 1033 3492 adpareret,
1039 3446 1123 3493 popu·

158 3501 191 3549 iis
201 3502 274 3581 nulia
283 3500 339 3548 alia
349 3498 472 3548 oenomai
480 3504 608 3559 oportere,
624 3512 699 3561 quam
712 3515 778 3563 quae
788 3515 849 3549 uere
858 3499 935 3562 bona)
945 3508 1009 3551 sunt.
1035 3499 1064 3556 0.
1075 3500 1125 3549 Nee

184 3584 265 3630 murga.
