2542 3909
194 207 258 273 540
492 227 559 263 ivus
577 226 672 264 ssvcu
691 226 761 263 esso.
783 208 814 262 V.
834 214 858 261 9.

195 357 293 430 duplos
314 350 440 414 tructus¹
461 364 600 431 praestare
621 356 803 428 compellitur,
840 352 925 411 Huius
940 346 1056 411 'outem²
1072 370 1153 428 prse-

195 433 345 497 iudicium³
359 457 373 495 o
388 442 530 513 superiore
545 438 645 511 differt,
663 455 717 513 quo
733 440 883 513 quaeritur,
895 454 929 495 on
942 454 972 495 co
984 455 1040 511 res,
1052 438 1086 494 dc
1097 455 1155 511 qua

194 527 301 598 agitur,
323 517 431 579 maior⁴
452 524 489 581 sit
510 532 619 580 centum
642 525 788 592 sestertiis3
810 522 927 597 ideoque
948 524 975 578 in
998 522 1154 595 longiorem
1165 527 1234 577 [4⁴51

194 608 265 663 diem
286 608 448 681 concipitur.
494 605 523 664 2.
549 601 631 681 ὅ’(ΑΙ)
653 623 699 678 eo,
724 611 821 681 quiin
842 622 903 664 rem
923 610 996 679 opit,
1012 621 1075 662 cum
1094 622 1155 679 pro

268 754 287 823 ¹)
302 757 397 807 Rerum
416 758 605 807 deminuturum
622 754 668 822 (cf.
683 755 798 820 Interpr.
819 757 854 805 ad
872 756 896 805 b.
912 755 954 821 l.),·
976 772 1065 806 earum
1084 758 1155 807 enim

190 829 296 892 fructus
310 829 368 878 doio
383 842 430 877 suo
440 842 492 877 non
502 828 600 889 cepisse
609 827 720 876 videtur.
741 826 780 890 Cf.
791 840 810 885 1,
822 822 870 878 lsb.
880 828 903 889 ξ.
913 837 933 878 s.
980 822 1002 893 ²)
1012 827 1075 875 enim
1087 826 1155 878 Cdd.

193 899 251 948 edd.
262 906 341 946 sutem
353 897 396 947 Gd.
407 908 441 948 21.
480 893 501 961 9)
511 897 582 947 Hinc
592 903 709 960 apparet,
719 897 787 946 banc
795 898 985 960 stipulationem
995 898 1156 961 pependisse

194 985 209 1018 o
221 968 388 1032 praeiudicio
402 968 519 1031 quodam,
535 968 561 1016 in
572 983 621 1032 quo
631 982 683 1017 non
693 974 789 1032 quanto
798 968 930 1017 bereditas
939 975 1012 1026 esset,
1021 968 1069 1017 sed
1077 969 1157 1017 aliud

194 1040 316 1103 quiddam
339 1038 524 1103 quaerebatur,
548 1038 716 1102 Pauiiumque
743 1045 819 1088 antea
842 1038 875 1087 de
902 1040 956 1087 alia
982 1040 1156 1101 stipulatione

193 1111 285 1175 spisse,
301 1124 366 1173 quoe
380 1116 432 1158 tum
445 1116 544 1158 tantum
557 1110 641 1159 iocum
650 1107 766 1170 babebat,
775 1110 799 1159 si
809 1109 978 1172 praeiudicio
987 1109 1155 1171 pronuncia·

193 1188 245 1229 tum
263 1186 330 1242 erat,
349 1194 403 1228 rem
421 1181 543 1229 maiorem
557 1177 607 1244 (vel
621 1194 673 1229 non
687 1178 818 1243 minorem)
833 1193 889 1228 csse
902 1186 1002 1229 centum
1014 1180 1154 1231 sestertiis.

193 1250 249 1300 Iam
267 1251 336 1315 quod
354 1250 421 1299 iilud
433 1251 627 1313 praeiudicium
646 1250 749 1308 attinet,
768 1251 844 1299 etiam
862 1264 897 1299 ec
913 1247 945 1297 L.
961 1260 995 1301 12.
1011 1251 1053 1300 cit.
1068 1256 1155 1313 patet,

190 1327 339 1385 praetorem
349 1327 490 1370 tautameos
500 1335 580 1369 causo
591 1318 678 1369 iubere
692 1321 775 1369 solere
789 1319 856 1369 banc
865 1320 1055 1383 stipulationem
1070 1320 1154 1369 inter-

192 1393 273 1457 poni;
287 1398 312 1440 et
325 1392 353 1440 in
367 1390 399 1442 L.
410 1402 423 1441 s
433 1405 476 1453 pr.
493 1392 536 1439 cit.
550 1391 633 1439 simite
648 1391 711 1455 quid
724 1392 878 1440 intellectum
891 1405 954 1448 esse,
969 1389 1047 1439 uerbo
1062 1386 1154 1453 ‘proe-

195 1470 236 1511 tor
250 1458 327 1511 enim’
343 1468 391 1511 etc.
401 1460 527 1523 produnt,
542 1460 634 1524 quibus
648 1462 764 1525 capimur
779 1474 843 1525 quae
853 1460 890 1511 ibi
899 1462 1063 1523 praecedunt
1072 1460 1154 1510 uerba

196 1529 234 1581 ‘in
248 1533 315 1581 diem
329 1527 483 1595 lonpiorem'
499 1532 537 1579 ita
551 1532 684 1594 accipere,
700 1538 727 1580 ut
740 1546 769 1581 eo
782 1546 891 1595 sequens
907 1527 994 1580 ‘enim'
1015 1532 1154 1594 respiciat,

194 1603 269 1665 quasi
283 1602 379 1650 dictum
394 1607 460 1649 esset
476 1598 585 1650 ‘tantum
599 1602 626 1649 in
642 1603 782 1667 ionpiorem
796 1598 883 1651 diem'.
912 1600 947 1650 Et
960 1616 1023 1650 sone
1037 1603 1064 1650 in
1078 1600 1154 1651 arbi·

194 1673 245 1721 trio
260 1673 396 1735 praetoris
414 1678 484 1729 erat,
506 1678 591 1720 utrum
614 1673 669 1735 ipse
690 1674 879 1737 capnoscendo,
900 1672 969 1736 quod
988 1671 1154 1721 Iustinianus

194 1741 226 1790 L.
241 1752 262 1792 1.
277 1743 301 1803 ᾖ.
315 1752 336 1793 o.
360 1741 393 1791 D.
412 1742 444 1790 de
461 1743 521 1805 stip.
538 1750 625 1805 praet.
645 1742 693 1805 (ts,
708 1744 731 1805 o)
749 1744 775 1791 ei
791 1744 872 1793 sotum
892 1742 1006 1806 reliquit,
1020 1757 1055 1791 an
1069 1756 1153 1805 prae·

194 1812 293 1863 iudicio
307 1828 359 1861 rem
370 1814 497 1874 conficere
507 1814 588 1862 oetier.
612 1812 671 1863 Hoc
681 1827 741 1863 cero
753 1813 944 1877 praeiudicium
954 1815 991 1862 ita
1002 1820 1154 1875 conceptum

192 1884 284 1946 fuisse,
299 1898 333 1932 an
347 1884 451 1947 lonpior
465 1883 596 1934 uideretur
609 1884 666 1932 dies
680 1883 848 1943 condicionis,
862 1883 909 1932 sub
922 1898 974 1947 qua
986 1882 1062 1933 ireres
1076 1885 1154 1932 insti·

194 1961 264 2003 tutus
272 1960 338 2012 erat,
349 1954 456 2019 ideoque
465 1955 542 2003 etiam
547 1954 721 2016 possessionis
731 1955 798 2003 iuris
808 1955 903 2003 incerti
912 1955 938 2003 ei
947 1954 1058 2016 dandae,
1069 1952 1153 2003 Poul-

195 2026 235 2073 ius
249 2031 274 2073 et
287 2023 311 2072 b.
327 2025 343 2072 i.
359 2030 383 2072 et
397 2022 430 2073 L.
444 2036 457 2075 o
466 2040 511 2087 pr.
531 2026 573 2073 cit.
593 2024 682 2073 dicere
701 2024 817 2081 videtum·
835 2025 859 2073 si
877 2025 943 2073 enim
961 2025 1066 2089 loupiac
1084 2032 1153 2083 erat,

195 2096 262 2144 uelut
271 2095 433 2144 condicionis
442 2092 477 2144 ‘si
486 2097 577 2144 consui
584 2094 673 2157 factus
683 2091 754 2153 erit',
765 2096 906 2157 captiosum
914 2094 971 2144 sine
978 2092 1155 2144 sdtisdotione

196 2166 305 2214 maxime
320 2163 351 2214 ob
363 2166 469 2226 fructus
483 2181 570 2215 rerum
584 2166 756 2213 alienatorum
768 2163 904 2214 substituto
914 2163 993 2228 flebat
1002 2164 1153 2229 beneficium

191 2236 366 2299 possessionis
380 2237 497 2285 instituto
511 2235 603 2292 datae,·
616 2237 641 2283 si
655 2236 745 2293 minus,
760 2237 827 2285 vetut
841 2237 869 2283 in
882 2234 932 2285 boc
946 2236 1100 2287 condicione
1116 2232 1155 2285 ‘si

195 2308 266 2355 intra
280 2312 402 2370 quattuor
415 2319 513 2354 meuses
527 2311 710 2355 monumentum
724 2305 785 2354 mibi
796 2302 903 2368 fecerit'
915 2307 1070 2355 calumniose
1079 2306 1153 2355 cide·

194 2376 271 2425 batur
289 2374 441 2424 substitutus
459 2376 524 2423 satis
538 2382 642 2437 petere,
660 2376 817 2439 poenalius
835 2374 1007 2425 antecedebat.
1043 2374 1076 2425 In
1090 2376 1154 2425 Mu-

197 2448 290 2495 cianae
303 2447 433 2494 cautionis
447 2446 621 2503 condiciones,
636 2460 700 2509 quoe
714 2460 813 2509 semper
822 2447 963 2511 ionpiorem
971 2446 1038 2496 diem
1047 2445 1152 2509 babent,

196 2516 245 2565 boc
263 2515 404 2563 discrimen
422 2529 472 2563 non
491 2514 607 2564 cadebat.
635 2516 728 2569 Altera
747 2517 879 2579 stipulatio
891 2516 1006 2579 fortasse
1019 2516 1154 2580 spectabat

198 2586 343 2634 missionem
356 2584 483 2634 caedicio
493 2583 525 2633 D.
536 2584 672 2635 Hadriani
675 2602 686 2642 ,·
699 2602 779 2651 neque
788 2588 853 2635 enim
862 2588 918 2635 sine
928 2588 1030 2637 ratione
1039 2587 1153 2645 dicetur,

196 2654 337 2704 cavendum
348 2654 432 2717 fuisse
446 2656 567 2718 tepitimis
580 2653 718 2706 heredibus
732 2655 764 2705 ab
778 2671 816 2714 eo,
830 2658 875 2720 qui
888 2656 1046 2717 mittebatur,
1060 2660 1085 2707 si
1096 2657 1153 2721 fal·

195 2739 250 2773 sum
264 2726 349 2773 aliove
368 2725 441 2774 modo
460 2726 551 2774 inutile
569 2725 705 2776 dicebatur
722 2733 895 2775 testamentum
910 2725 941 2791 (s,
955 2736 975 2779 t.
995 2727 1086 2793 §.195
1104 2730 1154 2778 sed

195 2802 247 2843 tum
260 2794 358 2843 demum
372 2794 519 2857 cauebatur,
532 2798 558 2845 ei
570 2799 628 2846 iure
642 2796 795 2846 mittebatur.
824 2794 895 2847 Unde
908 2813 943 2846 ecc
956 2797 981 2847 b.
996 2800 1013 2848 l.
1029 2802 1155 2863 consequi

195 2866 298 2915 videtur
311 2880 363 2914 non
377 2866 407 2913 id
420 2866 520 2929 quidem
534 2869 691 2926 necessario,
706 2870 870 2917 centenarias
883 2874 980 2917 tantum
994 2866 1157 2919 hereditates

193 2937 330 2985 vicesimae
353 2934 481 2985 obnoxios
501 2937 585 3000 fuisse
609 2935 672 3002 (uid.
692 2936 750 2986 libr.
767 2953 849 2987 meum
868 2934 975 2995 ‘Gaius'
992 2954 1021 3003 p.
1039 2938 1084 3004 tt),
1104 2940 1153 2989 sed

195 3007 306 3056 edictum
319 3005 352 3054 D.
363 3005 498 3056 Hadriani
511 3015 609 3057 tontum
622 3008 659 3057 ad
671 3007 719 3057 bas
733 3007 889 3058 hereditates
898 3010 1066 3072 pertinuisse,
1082 3010 1154 3074 quod

193 3079 358 3126 strationem
372 3076 455 3135 babet,
470 3093 568 3142 quoque
581 3086 700 3141 spectare
714 3079 834 3128 uidentur
848 3078 967 3143 ambopcs
976 3081 1037 3129 illae
1047 3087 1072 3129 et
1080 3080 1152 3144 diffl-

193 3149 314 3205 cultates,
335 3148 368 3196 de
386 3146 477 3211 quibus
495 3150 636 3212 imperator
654 3151 773 3212 queritur
791 3150 819 3198 in
837 3147 869 3201 L.
885 3161 905 3201 o.
930 3148 956 3199 0.
971 3149 1004 3198 de
1017 3150 1102 3200 edicto
1117 3150 1151 3200 D.

192 3217 279 3267 Hadr.
295 3216 326 3282 (o,
342 3216 386 3281 ss).
417 3218 532 3268 Ceterum
550 3220 606 3268 alia
623 3221 708 3269 omnia
727 3221 841 3269 sentiunt
858 3220 891 3269 dc
905 3219 929 3269 b.
945 3221 961 3268 l.
978 3218 1098 3284 Rudorff.
1115 3222 1153 3271 ad

193 3287 310 3337 Poeticae
328 3286 392 3336 lnst.
412 3287 464 3337 ΙΙΙ.
484 3292 508 3350 5.
528 3300 574 3340 oso.
590 3304 618 3353 p.
638 3300 684 3341 sot.
709 3289 777 3339 Hist.
798 3290 848 3339 tur.
869 3289 906 3338 11.
921 3305 948 3352 p.
969 3302 1015 3342 121.
1035 3302 1084 3342 134.
1101 3300 1149 3342 sis.

194 3355 222 3407 0.
238 3356 328 3406 Bitiam
342 3358 374 3406 de
388 3360 536 3420 praeiudic.
550 3360 628 3419 sarm.
640 3374 667 3422 p.
682 3370 716 3411 15.
773 3356 795 3424 ⁴)
809 3360 885 3409 Alias
899 3363 1043 3425 quaeritur,
1057 3376 1092 3410 an
1106 3376 1152 3412 res

191 3442 244 3476 non
258 3429 343 3476 minor
355 3428 398 3485 sit,
413 3430 491 3477 vetuti
507 3428 563 3477 Gai.
578 3440 599 3490 t,
614 3440 661 3479 stt.
680 3442 701 3488 o,
715 3440 749 3481 tt.
767 3442 837 3489 4,·14.
853 3440 885 3481 15.
951 3427 973 3497 ⁶)
989 3430 1027 3494 Cf.
1044 3430 1111 3481 Fest.
1126 3448 1150 3482 u.

198 3496 337 3546 Vindictae
347 3512 375 3559 p.
390 3508 437 3548 otc.
457 3512 539 3560 supra
553 3509 574 3556 1,
589 3494 636 3549 lob.
656 3500 678 3559 ἓ.
693 3510 713 3551 8.
733 3497 766 3547 L.
782 3512 801 3550 1.
827 3500 871 3552 Tb.
889 3499 914 3549 0.
930 3500 962 3549 dc
974 3500 1055 3563 fruct.
1071 3508 1096 3550 ct
1110 3502 1150 3551 lit.

191 3578 251 3626 exp,
267 3563 298 3630 (a,
313 3568 356 3632 18).
372 3565 404 3614 t.
420 3582 462 3615 un.
477 3567 521 3617 Tb.
538 3566 563 3617 θ.
578 3568 611 3617 de
625 3582 696 3618 usur.
711 3571 752 3618 rei
765 3571 818 3619 iud.
830 3568 861 3636 (4,
872 3568 917 3635 ts).
936 3569 1052 3620 Ambros.
1063 3586 1102 3635 ep.
1114 3582 1151 3624 ts.
