2542 3909
506 285 541 320 uu
559 283 720 321 vsvruvcrm
1028 263 1085 327 741

132 416 253 489 fructas
268 419 304 471 sit
319 415 449 482 relictus,
470 420 498 470 et
518 413 658 486 ’utrisque
673 406 804 471 domiuis¹
825 412 976 486 adquisitus
991 413 1035 483 sit,
1058 427 1091 467 au

134 501 221 556 altero
244 499 416 568 repudiante
439 500 485 553 act
501 501 646 553 amittente
668 497 892 570 usumfructum,
914 498 1092 552 attestatum

134 582 240 639 habeat.
272 583 305 636 Et
319 581 435 636 lulianus
452 580 558 653 quidem
571 583 667 652 putat,
691 583 731 638 od
743 583 867 637 atteram
878 583 1043 652 pertinum
1064 587 1092 636 ct

133 668 200 722 licet
217 667 336 722 dominis
350 664 522 720 ususfructus
538 681 592 720 nau
608 667 702 737 aequis
717 664 848 737 partibus,
871 665 923 720 sed
934 680 991 734 pro
1006 665 1091 720 domi·

134 752 206 804 uicis
222 750 403 821 adquiratur,
422 757 516 804 tamen
529 763 658 818 persona
673 752 745 817 eius,
768 765 825 804 uon
840 749 1028 816 dominorum,
1051 747 1091 802 iu·

133 839 227 905 specta
249 832 282 887 ad
305 835 427 888 alterum
450 846 489 888 cc
510 833 628 888 dominis
648 835 813 904 pertinere,
840 848 898 887 non
917 833 1093 901 proprietati

134 915 281 975 accedere.
303 908 307 993 f
331 909 387 990 (3.)
410 915 482 971 idem
497 917 542 984 ait,
564 917 630 972 etsi
646 915 782 972 communi
800 906 1197 986 seruoetseparatimtt·b·[15]

134 998 205 1054 Titio
222 999 395 1055 ususfructus
410 998 518 1072 legatus
533 998 580 1069 sit,
595 1001 718 1054 amissam
734 1006 837 1072 partem
852 997 1025 1053 ususfructus
1036 1012 1091 1053 uon

134 1081 167 1138 ad
179 1082 289 1153 Titium,
305 1081 352 1139 sed
363 1083 395 1138 ad
411 1082 499 1139 scium
510 1083 614 1138 socium
630 1083 766 1155 pertinere
780 1080 890 1152 debere,
911 1081 985 1154 quasi
1001 1080 1091 1137 solum

135 1169 327 1234 coniunctum;
351 1182 430 1239 quam
443 1165 603 1222 seutentiam
618 1182 707 1240 neque
722 1165 874 1234 Marcellus,
890 1180 977 1236 neque
992 1161 1090 1220 Mauri·

135 1251 227 1306 cianus
242 1249 374 1322 prabaut;
396 1248 557 1321 Papinianus
573 1265 682 1322 quoque
696 1248 744 1306 fib.
761 1248 837 1304 Xfo.
850 1247 1042 1314 Quaestionum
1058 1246 1091 1303 ab

135 1349 164 1388 ea
177 1333 295 1401 recedit3
312 1347 379 1405 quae
391 1333 525 1388 sententia
537 1331 640 1388 Neratii
653 1331 723 1396 fuit,
742 1328 793 1406 (ut)
804 1341 846 1388 est
858 1331 927 1388 fibro
940 1331 958 1387 l.
969 1331 1091 1404 Respon-

135 1432 227 1472 sorum
250 1409 390 1476 relatum.²
433 1415 483 1472 Set
507 1424 588 1488 puto,
611 1432 672 1472 esse
694 1432 787 1472 ueram
802 1415 897 1472 fufiaui
914 1417 1091 1471 senteutiam:

135 1516 195 1555 uam
207 1499 333 1575 quamdiu
350 1499 394 1556 uei
405 1515 475 1556 uuus
490 1501 587 1570 utitur,
602 1507 695 1572 potest
705 1499 767 1571 dici,
785 1499 982 1555 usumfructum
997 1500 1024 1554 iu
1039 1516 1091 1555 suo

135 1599 195 1639 csse
210 1592 292 1641 statu.
330 1581 497 1657 Pomponius
513 1586 551 1639 ait
565 1583 635 1640 libro
651 1583 705 1640 vti.
721 1600 753 1640 ex
768 1583 885 1653 Plautio,
900 1584 985 1638 relata
998 1581 1091 1639 iuliani

135 1670 280 1738 sententia,
296 1667 427 1741 quosdam
440 1683 499 1724 esse
514 1669 542 1722 iu
558 1667 675 1724 ’diuersa
687 1660 846 1741 opinioue;³
861 1667 992 1723 ueceuim
1007 1667 1092 1740 magis

135 1752 209 1806 socio
225 1750 325 1806 debere
341 1751 506 1824 adcrescere,
529 1767 608 1823 quam
623 1750 722 1807 debere
737 1753 777 1820 ei,
800 1752 847 1824 qui
870 1744 976 1806 ’sundri
990 1749 1092 1806 hahens

135 1832 345 1904 usumfructum,
360 1841 465 1905 partem
481 1835 654 1890 ususfructus
669 1836 849 1907 proprietario
865 1835 957 1902 cessit,
978 1832 1021 1888 uel
1036 1848 1092 1888 non

5 1977 6 1986 χ
64 1927 120 1976 [aas]
136 1914 238 1970 utendo
255 1913 354 1970 amisit.
398 1931 451 1989 ego
466 1924 555 1972 autem
570 1915 665 1972 Iuliani
680 1920 841 1972 seutentiam
856 1932 912 1971 uon
927 1919 1031 1972 ratione
1046 1915 1092 1971 ad·

136 1998 273 2054 crescendi
295 1997 457 2071 probandam
480 2007 561 2071 puto,
590 1999 638 2055 sed
661 2015 710 2069 eo,
739 1999 811 2073 quod
838 1998 966 2070 quamdiu
993 2014 1092 2056 seruus

5 1921 8 2016 f

5 2061 7 2154 i
135 2073 256 2159 '(cius)⁶
277 2090 335 2151 est,
358 2083 434 2138 cuius
457 2098 572 2155 persona
595 2084 623 2138 iu
644 2083 735 2156 legato
758 2091 911 2157 spectatur,
934 2099 989 2138 nau
1011 2082 1091 2141 debet

135 2167 223 2239 perire
245 2166 346 2238 portio.
390 2163 509 2238 Urgetur
537 2175 625 2222 tamen
647 2167 741 2223 iuliani
769 2167 902 2222 sententia
924 2168 1091 2238 argumentis

134 2249 292 2322 Pomponii:
316 2263 476 2322 quamquam
492 2247 604 2304 Sabinus
627 2249 809 2324 responderit,
832 2258 862 2305 ut
877 2257 904 2304 et
924 2247 1028 2305 'Celsus
1043 2248 1089 2307 tib.

135 2331 222 2388 XVflf.
239 2340 266 2388 et
281 2332 398 2388 fulfauus
419 2326 480 2410 (tib.
495 2327 642 2408 XXXV.)
657 2326 732 2406 ΒΨ
752 2333 848 2404 refert,
869 2349 940 2404 eum,
963 2335 1010 2406 qui
1030 2351 1091 2408 par·

135 2424 189 2471 tem
213 2415 384 2472 ususfructus
406 2417 434 2471 iu
457 2417 516 2472 iure
539 2419 631 2487 cessit,
653 2425 681 2472 et
696 2418 818 2474 amittere
840 2425 958 2490 partem,
982 2420 1091 2491 etipsa

209 2626 228 2695 ¹)
244 2629 338 2691 utrique
354 2627 448 2677 domiuo
464 2629 523 2694 Dip.
540 2631 643 2692 utrique
657 2646 692 2679 ex
706 2630 812 2680 dominis
822 2631 861 2679 ed.
871 2629 965 2681 Hoffw.
1014 2628 1035 2698 2)
1049 2632 1091 2682 Ita

135 2707 281 2764 tantumque
295 2699 369 2747 fuerit
386 2713 438 2762 pro
458 2700 501 2748 fuit
514 2701 612 2762 scripto
632 2700 671 2750 ed.
688 2700 801 2750 Momms.
821 2715 856 2750 ete
879 2701 907 2750 V
907 2701 927 2751 α.
949 2703 995 2751 sed
1012 2705 1092 2753 malui

134 2779 172 2830 ut,
188 2771 256 2835 quod
271 2776 331 2834 post
345 2769 390 2817 fuit
405 2769 488 2832 facile
501 2771 624 2819 excidere
638 2773 738 2834 potuit,
752 2773 885 2835 supplere,
907 2788 963 2822 cnm
976 2775 1092 2822 incertos

133 2843 275 2891 sententias
288 2840 391 2903 referre
405 2839 462 2888 tort
476 2838 585 2889 Romani
599 2855 651 2890 non
664 2843 770 2891 soleant.
798 2857 810 2890 e
825 2842 887 2890 libro
901 2843 919 2890 Ι.
934 2857 998 2906 resp.
1013 2845 1091 2892 sciata

134 2913 173 2960 ed.
184 2911 278 2960 Hottw.
333 2906 353 2974 ³)
368 2910 486 2959 diuersam
497 2911 631 2973 opinionem
641 2911 674 2960 ait
689 2911 746 2960 Vct.
757 2912 814 2960 edd.
841 2912 897 2961 Non
907 2920 945 2962 est
954 2914 987 2960 ait
997 2914 1024 2960 in
1039 2914 1067 2962 V
1067 2913 1088 2961 d.

135 2976 156 3044 4)
172 2983 216 3045 qui
225 2987 311 3043 potest
321 2995 334 3029 e
345 2980 494 3045 ropionibus
504 2982 595 3040 diuidi,
606 2995 655 3044 quo
668 2981 741 3044 sacto
751 2983 828 3030 etiam
837 2984 926 3045 partis
935 2997 985 3032 non
995 2986 1090 3034 utendo

135 3051 299 3113 ususfructus
314 3053 396 3100 amitti
406 3058 498 3114 potest.
527 3051 618 3116 Itaque
633 3051 699 3100 uiuit
712 3052 870 3111 mutandum,
890 3061 918 3101 ut
932 3059 1089 3104 tentaveram

133 3121 189 3169 edd.
207 3133 226 3171 1.
242 3131 261 3170 u.
337 3118 358 3186 ⁶)
374 3120 504 3184 Suppteni,
520 3138 576 3171 cuna
590 3137 624 3171 eac
639 3137 696 3170 -uus
711 3124 750 3171 uel
768 3137 803 3172 ex
817 3130 877 3172 noto
892 3124 913 3170 e'
932 3122 963 3172 ab
981 3137 1089 3187 sequeus

135 3197 170 3238 est
187 3192 319 3254 periisset.
351 3191 387 3254 Of.
404 3191 435 3241 L.
452 3202 484 3243 15.
507 3192 532 3242 0.
548 3194 579 3242 dc
594 3193 679 3255 ususr.
693 3190 730 3257 (t,
743 3191 794 3258 ss),
809 3195 884 3242 cuias
897 3195 925 3242 in
940 3197 1089 3258 quaestione

133 3263 189 3309 sine
203 3261 280 3310 dubio
300 3261 425 3323 Ulpianus
438 3265 497 3311 item
511 3278 527 3312 u
541 3263 641 3312 Iuliani
651 3263 773 3326 portibus
786 3266 862 3312 stetit.
923 3260 944 3327 ⁶)
958 3264 1037 3313 celsus
1051 3267 1089 3315 iu·

134 3331 209 3380 liauus
225 3332 265 3381 lib.
281 3331 362 3380 Xfoif
378 3332 424 3392 dig.
444 3332 502 3381 Vct.
519 3331 602 3383 Celsus
616 3333 656 3382 lib.
672 3333 761 3384 Xifiill.
779 3332 835 3399 (sed
844 3333 987 3397 probantes
1000 3350 1088 3386 corre·

133 3403 242 3451 ctionem
257 3399 347 3466 xviii.)
363 3401 413 3462 Dig.
429 3403 486 3450 edd.
501 3403 595 3453 Haffaa.
611 3411 635 3452 et
650 3403 764 3454 Momms.
792 3403 845 3454 Sed
862 3407 1028 3454 uerisimilius
1042 3415 1088 3465 cst,

133 3471 269 3521 librariam
290 3472 390 3534 duplici
410 3472 527 3522 binorum
546 3474 710 3539 Dipestoram
728 3477 850 3526 citatione
869 3477 896 3524 in
915 3490 1030 3526 errorem
1048 3479 1089 3526 in·

132 3542 235 3592 ductum
250 3557 316 3600 esse,
332 3557 406 3605 quam
421 3541 521 3592 Iuliani
534 3545 682 3595 mentionem
701 3547 757 3596 sine
778 3561 858 3598 causa
873 3548 1018 3596 intrusisse.
1049 3548 1087 3613 Cf.

132 3615 154 3675 §-
171 3626 204 3665 tt.
219 3623 244 3664 et
259 3615 290 3664 de
307 3613 373 3662 Oefsi
387 3612 428 3662 fib.
448 3613 555 3663 XVIII.
571 3614 670 3664 Busirin.
686 3617 721 3666 ad
734 3617 758 3666 Ιι.
774 3621 791 3668 i.
