2542 3909
463 227 782 263 ”Emi-llum.
1063 218 1103 277 '15

138 355 261 429 pnllioee
275 354 427 429 gensinus,
440 362 474 409 nt
485 370 543 409 non
557 351 684 409 omnibus
694 362 790 428 gratus
801 362 885 423 esset,
901 354 964 410 etsi
975 368 1027 410 nos
1038 352 1106 409 mul·

138 440 262 495 titudinis
282 439 403 494 furentis
423 437 589 493 indutum
608 437 713 493 inuidia
735 436 887 511 pepulisset
906 436 1105 511 trlbuulcltque

139 525 180 578 nis
193 524 223 578 in
236 538 283 578 mc
295 521 443 595 populum,
455 524 529 577 sicut
542 520 679 577 Greoehus
693 524 722 577 in
736 519 891 593 husten,
902 520 1067 578 Murninus
1078 521 1105 577 ln

139 605 286 675 ludium,
300 607 453 674 incitasset,
468 604 612 674 let-remus,
628 619 647 660 o
663 603 763 673 Quinte
778 604 871 675 inter,
886 604 1105 661 consolarentur

140 706 193 762 qne
209 706 263 745 nos
281 706 342 745 non
362 698 419 745 tam
438 688 613 762 philosophi,
632 690 680 760 qui
700 688 814 744 Athenis
829 688 952 760 lucrunt,
967 680 1105 762 ςιιιιιιιίει

138 774 192 830 lroc
211 773 304 829 lucere
323 772 442 843 debent,
461 788 544 845 quam
562 771 705 827 elerimimi
725 774 792 843 uiri,
811 774 859 846 qui
877 771 924 829 ills
946 770 1014 827 urbe
1032 770 1107 844 pulsi

139 872 232 912 cerere
256 858 366 929 ingrate
392 858 505 913 ciuitate
530 870 613 929 qum
639 871 748 912 munere
776 854 919 929 inprobum
940 854 1106 915 meluerunt.

139 939 299 1013 Pompeium
316 956 387 996 uero
400 939 476 1014 qnod
489 955 545 995 unu
557 940 611 995 ista
623 941 653 995 in
667 955 700 995 rc
713 940 822 995 nonita
836 936 915 995 uelde
933 938 1045 1012 probus,
1060 938 1106 994 uix

141 1025 207 1079 satis
221 1024 289 1079 milii
308 1022 379 1078 illud
398 1022 501 1079 uideris
518 1022 678 1093 attendere,
698 1037 755 1078 non
774 1021 864 1078 solum
885 1022 928 1093 ei,
949 1022 1014 1095 quid
1034 1030 1107 1078 esset

141 1108 287 1181 optinum,
301 1106 450 1162 uidmdum
465 1106 560 1179 luisse,
574 1105 716 1161 sedetiam
732 1104 799 1177 quid
809 1106 1007 1162 necessarium:
1022 1106 1108 1161 sensit

141 1193 229 1263 enim,
249 1188 344 1245 delini
356 1206 413 1245 non
426 1206 510 1263 posse
522 1190 587 1247 huic
600 1189 705 1245 ciuitati
718 1188 791 1245 illam
806 1194 989 1263 potestttem3
1006 1190 1107 1263 quippe

140 1290 221 1348 qmm
236 1281 314 1329 tento
328 1290 413 1347 opere
426 1273 547 1347 populus
560 1282 657 1331 noster
670 1276 792 1347 ignotam
807 1274 965 1347 expetisset,
982 1272 1029 1347 qui
1044 1288 1108 1347 pos·

141 1366 186 1414 set
199 1372 292 1413 carcre
303 1358 435 1431 cognitu?
449 1359 581 1431 sapientis
594 1365 686 1413 eutem
700 1353 770 1412 ciuis
786 1356 838 1414 luit
852 1372 961 1413 mosem
977 1373 1031 1413 nec
1044 1372 1107 1431 per·

142 1442 274 1497 niciosrm
293 1450 321 1497 et
338 1444 378 1497 itu
397 1441 572 1515 popularem,
593 1450 625 1496 ut
639 1458 695 1497 non
709 1450 804 1514 posset
819 1439 934 1512 obsisti,
952 1441 1108 1513 perniciose

139 1523 269 1601 populari
281 1526 336 1580 dui
349 1540 407 1581 non
420 1524 585 1597 relinquere.
609 1524 669 1581 Su's
679 1524 778 1595 solere,
795 1524 887 1587 lister,
902 1524 930 1580 in
943 1524 1023 1580 huius
1034 1522 1109 1579 modi

139 1624 278 1680 sermone,
297 1618 331 1665 nt
345 1610 458 1665 transiri
471 1608 525 1665 olio
539 1610 638 1682 possit,
660 1607 712 1665 dici
733 1606 904 1664 ‘admodum’
919 1615 966 1664 sut
981 1605 1108 1681 ‘prorsus

139 1695 179 1750 itu
192 1693 259 1749 cst’.

201 1776 238 1844 Q,
260 1775 339 1832 lleud
360 1775 485 1848 equidem
506 1775 655 1847 adsentior,
678 1783 710 1833 tu
731 1784 822 1832 tumen
843 1774 877 1831 ud
891 1774 996 1849 relique
1010 1790 1107 1850 perges

138 1861 232 1918 uelim.

204 1944 246 2001 ll.
267 1943 434 2000 Perseneras
451 1951 484 1999 tu
503 1944 612 2017 quidem
632 1950 661 1999 et
680 1944 709 1999 in
728 1951 776 1999 tur
790 1951 884 2000 uetere
898 1944 1032 1999 sententie
1047 1956 1108 2016 per·

145 2043 248 2084 mones.
482 2082 488 2093 ,

205 2111 240 2178 Q.
262 2104 354 2166 Nunc²
368 2126 413 2167 me
428 2110 550 2169 hercule.

123 2238 129 2247 .
204 2197 238 2251 A.
260 2195 320 2268 Ego
334 2209 402 2250 stne
417 2209 432 2249 ι
446 2192 656 2260 Quintonostro
668 2193 810 2264 dissentio,
823 2191 871 2249 sed
883 2208 914 2247 es
925 2208 993 2274 quoe
1004 2199 1108 2249 metunt

142 2278 291 2335 audiamus.

204 2361 259 2419 llll.
282 2358 330 2421 27.
351 2361 392 2418 M.
414 2361 545 2436 deinceps
559 2362 646 2435 igitur
659 2360 784 2417 omnibus
800 2358 1003 2433 magstratibus
1018 2361 1108 2435 auspi·

140 2448 183 2505 cit
196 2455 226 2503 ct
238 2446 339 2503 iudicia
353 2444 463 2517 duntur,
477 2445 587 2517 iudicia,
598 2452 634 2500 ut
645 2452 718 2501 esset
729 2444 823 2518 populi
835 2452 967 2518 potestas,
983 2442 1015 2500 td
1028 2459 1108 2517 quum

139 2539 351 2605 produceretur,
365 2529 496 2602 auspicio,
513 2536 543 2584 ut
553 2528 656 2584 multos
667 2528 777 2584 inutiles
790 2530 944 2584 comitiatus
954 2527 1108 2603 probabiles

140 2614 296 2688 inpedirent
309 2628 417 2681 moram
432 2627 515 2685 saepe
529 2613 600 2668 enim
615 2610 711 2686 populi
725 2614 856 2685 impetum
871 2612 1002 2669 iniustum
1017 2614 1108 2688 euspi-

140 2700 193 2756 ciis
207 2698 235 2753 di
248 2696 418 2753 immortales
432 2702 632 2770 represserunt.
657 2710 689 2751 er
700 2696 733 2775 iis
745 2704 844 2763 nutem,
861 2696 907 2768 qui
920 2698 1108 2771 magistratum

138 2791 283 2857 ceperunt,
299 2780 373 2854 quod
388 2788 501 2837 senatus
514 2778 642 2851 elicitur,
664 2779 795 2853 populere
810 2772 867 2835 est³
882 2796 957 2853 sene,
974 2782 1108 2837 neminem

139 2867 168 2923 in
183 2881 321 2922 summum
335 2864 427 2920 locum
437 2865 488 2919 nisi
498 2878 548 2938 per
557 2863 690 2937 populum
701 2864 795 2920 uenire
812 2862 919 2920 sublata
933 2865 1107 2938 cooptatione

139 2951 276 3006 censoria.
304 2947 355 3003 sed
369 2955 479 3021 praesto
495 2957 538 3003 est
553 2947 633 3003 huius
650 2948 700 3002 uiti
715 2949 888 3020 temperatio,
909 2947 983 3021 quod
998 2955 1108 3005 senatus

138 3033 206 3107 lege
224 3040 320 3088 nostra
340 3029 518 3087 confirmatur
537 3032 700 3100 auctoritem
721 3026 910 3105 ild-sequitur
925 3033 1010 3088 enlm:
1032 3032 1107 3086 eins

137 3117 286 3173 decretu
304 3122 380 3170 retr
397 3123 511 3170 sunto.
549 3130 612 3171 nam
626 3117 665 3171 ito
681 3130 710 3171 se
725 3131 769 3171 res
785 3115 874 3188 habet,
897 3124 938 3185 ut,
960 3116 983 3170 si
997 3120 1108 3169 senatus

137 3200 268 3257 dominns
289 3200 328 3255 sit
347 3197 450 3271 publici
471 3199 586 3263 consilli,
610 3196 738 3273 quodque
759 3200 783 3255 is
805 3200 940 3269 creuerit,
964 3194 1109 3252 defendent

214 3403 235 3472 ¹)
249 3406 292 3471 qui
301 3403 358 3455 AB
369 3404 428 3455 edd.
459 3400 482 3470 ¹)
491 3405 546 3454 AB
557 3404 616 3455 edd.
627 3403 677 3453 Nec
691 3420 725 3454 erc
735 3403 867 3470 Madvigii
881 3406 914 3468 φ’.
930 3400 970 3449 ed.
982 3398 1013 3449 V.
1024 3396 1109 3447 omnia

138 3477 205 3536 doec
214 3477 274 3527 Nec.
291 3512 333 3525 ...
349 3476 473 3525 audiamus
483 3477 571 3529 Attico
586 3475 739 3526 attribuens.
769 3471 792 3540 ⁸)
802 3475 847 3524 Eo
859 3469 971 3525 lirroedi
986 3470 1017 3531 ej.
1033 3478 1109 3530 popu·

138 3547 215 3597 larem
228 3545 286 3597 AB
298 3546 413 3611 populere
427 3546 467 3596 ed.
477 3547 509 3598 V,
