2542 3909
436 941 548 1014 [desunt
561 949 677 1013 pasione
694 941 849 1014 oetoqinto]

452 1099 494 1139 EX
510 1097 614 1140 EMPTO
630 1099 673 1140 m·
687 1095 834 1140 VENDITO·

64 1196 159 1302 [1]oo.b.
231 1195 326 1260 1..¹.
344 1201 431 1270 .Οαί
451 1219 469 1256 α
491 1193 630 1278 muliere}
650 1203 709 1257 sine
730 1201 830 1256 tutoris
852 1200 1014 1256 auctoritate
1035 1200 1200 1258 setensuro

62 1267 159 1347 ’ὗιιγιι
135 1291 226 1345 adrem
248 1287 362 1360 mancipi
385 1287 468 1354 emit,
483 1285 527 1340 uel
549 1284 618 1340 ialso
640 1291 734 1340 tutore
756 1292 877 1356 auctore,
900 1301 978 1356 quem
995 1285 1056 1344 sciit
1070 1302 1127 1342 non

169 1387 238 1441 esse,
256 1387 310 1426 uon
327 1369 436 1426 uidetur
450 1367 521 1425 bona
536 1366 588 1424 iide
602 1369 710 1424 emisse.
747 1369 838 1442 itaque
853 1377 880 1424 et
896 1375 1003 1424 ueteres
1018 1377 1125 1442 putant,

66 1354 117 1390 SAR
131 1350 158 1398 (i)

169 1463 197 1511 et
211 1453 325 1510 Sabinus
347 1462 376 1509 et
392 1453 498 1508 Cassius
521 1451 654 1508 scribunt.
697 1450 786 1508 Labeo
802 1451 909 1524 quidem
931 1451 1053 1526 putabat,
1076 1469 1127 1510 nee

169 1555 219 1612 pro
237 1545 358 1610 emptore
373 1552 435 1592 eum
450 1534 599 1608 possidere,
622 1536 671 1592 sed
687 1552 737 1608 pro
752 1552 927 1608 possessore;
950 1536 1083 1592 Proculus
1098 1546 1127 1592 et

169 1621 278 1691 Celsus,
301 1635 351 1692 pro
374 1628 509 1692 emptore,
534 1618 606 1691 quod
628 1627 671 1674 est
692 1621 797 1675 uerius:
819 1628 922 1675 namet
938 1619 1044 1676 fruetus
1060 1636 1126 1676 suos

169 1704 248 1774 iacit,
271 1704 333 1776 quia
347 1703 451 1758 seilicet
467 1703 606 1758 uoluntate
622 1702 746 1758 dominae
761 1704 890 1776 pereipit;
913 1710 940 1759 et
956 1703 1052 1759 mrriier
1066 1705 1125 1760 sine

169 1787 270 1845 tutoris
298 1787 458 1844 auctoritate
486 1787 690 1860 possessionem
718 1787 833 1843 alienare
862 1794 968 1860 potest:
996 1787 1125 1859 lulianus,

169 1879 282 1946 propter
297 1869 454 1927 Rutilianam
474 1864 711 1926 constitutionem²
726 1887 798 1942 eum,
821 1873 867 1943 qui
885 1871 1005 1943 pretium
1019 1870 1127 1927 mulieri

170 1955 302 2027 dedisset,
330 1956 410 2010 etiam
438 1971 600 2028 usucapere;
630 1963 658 2011 et
680 1956 703 2010 si
723 1963 785 2010 ante
811 1956 1004 2028 usucapionem
1031 1954 1128 2012 offerat

170 2039 267 2096 mulier
281 2040 437 2112 pecuniam,
452 2038 574 2094 desinere
589 2054 651 2093 eum
667 2054 823 2112 usucapere.

64 2116 160 2196 ,ΗΠ
235 2118 262 2180 2.
287 2116 476 2196 ³Papinianus¹
491 2122 559 2178 libro
575 2121 616 2177 lli.
632 2122 843 2195 Responsorum.
869 2121 975 2178 Usurae
991 2122 1126 2180 uenditori

86 2201 153 2238 ¹¹⁸⁹
173 2216 236 2280 post
259 2206 384 2262 traditam
398 2207 600 2279 possessionem
614 2205 726 2262 arbitrio
741 2205 837 2262 iudicis
852 2214 1040 2279 praestantem
1064 2214 1127 2263 ante

171 2290 296 2347 traditam
312 2297 401 2346 autem
416 2291 616 2362 possessionem
631 2291 747 2362 emptori
764 2306 872 2362 quoque
891 2290 996 2346 fruetus
1011 2292 1051 2346 rei
1065 2291 1128 2347 uiee

171 2383 264 2432 mutua
278 2374 401 2448 praeberi
416 2388 527 2430 necesse
543 2381 597 2429 est:
614 2374 641 2428 in
656 2381 754 2429 neutro
771 2390 845 2429 mora
860 2373 1083 2431 considerabitur.

234 2455 263 2515 3.
289 2451 449 2522 ⁵Venditor‚
473 2459 519 2531 qui
541 2456 629 2530 legem
651 2459 862 2514 commissoriam
884 2475 1011 2515 erescere
1028 2457 1127 2527 noluit,

173 2541 207 2597 oh
222 2540 360 2597 residuum
375 2541 491 2613 pretium
513 2540 612 2596 iudicio
629 2540 732 2597 uenditi
755 2549 829 2599 reete
851 2543 921 2615 agit3
943 2558 998 2615 quo
1021 2551 1127 2611 secuto,

171 2626 226 2698 legi
241 2626 422 2680 renuntiatum
443 2623 559 2681 uidetur.

172 2739 384 2752 ρ-

247 2789 266 2856 1)
283 2791 404 2841 Fortasse
418 2792 483 2840 idem
493 2793 566 2842 loeus
575 2799 722 2857 tantamque
731 2793 787 2842 iuri
797 2791 942 2842 Iustiniano
952 2793 1128 2844 accommoda·

133 2859 139 2868 “
173 2872 214 2914 tus
227 2870 266 2912 est
280 2862 311 2912 L.
326 2873 360 2914 22.
384 2862 416 2911 D.
432 2863 463 2911 de
478 2870 560 2912 contr.
575 2871 649 2926 empt.
665 2860 766 2928 (18,1),
785 2879 818 2913 ex
834 2863 923 2913 Paulli
938 2864 980 2912 tio.
1001 2863 1077 2915 VIII.
1093 2865 1128 2913 ad

172 2934 295 2984 Sabinam
309 2934 449 2996 desumpta.
477 2933 516 2982 De
530 2941 618 2984 nostro
633 2935 668 2996 ef.
685 2934 842 2996 Zeitsoltr.s.
860 2934 911 2983 Cio.
928 2951 952 2983 a.
964 2934 1042 2984 Proe.
1055 2933 1086 2983 N.
1098 2933 1125 2983 F.

178 3005 255 3054 XIV.
267 3021 295 3068 p.
306 3016 339 3056 20.
364 3003 507 3054 Labeonem
521 3006 628 3054 movisse
638 3005 748 3064 videtur,
764 3006 832 3068 qaod
840 3007 932 3054 mulier
941 3021 975 3054 ece
985 3012 1066 3068 empto
1076 3020 1126 3054 aon

174 3083 274 3125 tenetur
288 3074 390 3138 (Gaii,
402 3071 450 3139 192)
466 3077 534 3124 siout
545 3076 680 3137 furiosas:
693 3082 738 3124 ont
753 3076 822 3139 quod
834 3077 891 3125 viro
906 3075 938 3124 ab
953 3090 1036 3125 uxore
1046 3075 1126 3124 dona·

174 3153 224 3195 tum
239 3162 289 3196 non
300 3161 352 3208 pro
366 3146 462 3195 donato
472 3146 630 3208 possidetur.
655 3146 702 3194 sed
715 3153 825 3209 atraque
839 3160 918 3195 eausa
933 3146 1068 3194 dissimilia
1080 3153 1125 3194 est.

175 3213 1126 3280 ᾱωψῴὰωᾷ2ἂὰῆΜαωηᾶηᾶὼωωω.

173 3285 204 3350 (9,
217 3285 250 3351 t).
325 3283 346 3350 ²)
363 3285 401 3347 Cf.
422 3285 510 3334 Valer.
526 3284 599 3334 Max.
615 3295 636 3343 2,
651 3298 672 3344 a,
687 3298 707 3335 1.
782 3283 858 3351 Β)(.’[.
875 3285 950 3335 Paul.
965 3285 992 3334 S.
1009 3286 1040 3335 lt.
1055 3296 1076 3344 2,
1092 3297 1125 3335 1't.

173 3357 197 3416 ξ.
212 3367 232 3406 a.
247 3357 278 3403 L.
294 3368 327 3406 rs.
343 3357 381 3416 ἐξ.
398 3367 430 3404 2ο.
447 3365 479 3405 m.
500 3355 532 3402 D.
548 3355 580 3403 de
594 3363 644 3404 aet.
659 3362 732 3417 empt.
747 3355 792 3420 (re,
807 3356 837 3420 1).
853 3356 885 3404 L.
899 3367 919 3407 o.
937 3356 963 3405 0.
974 3357 1029 3406 eod.
1041 3360 1071 3418 (r,
1081 3356 1126 3420 rs).

174 3425 206 3474 L.
221 3438 241 3476 2.
259 3426 284 3474 0.
300 3427 332 3474 de
346 3440 417 3473 asar.
433 3423 464 3488 (4,
475 3423 519 3489 22).
571 3422 592 3486 ⁴)
608 3425 632 3473 P.
653 3425 684 3473 V.
696 3427 712 3474 i.
724 3440 745 3474 e.
758 3426 921 3489 Papinianus
935 3424 996 3491 (non
1010 3427 1127 3484 Paullus,

174 3494 205 3541 L.
221 3507 254 3544 18.
269 3497 291 3556 ξ.
307 3508 327 3545 1.
347 3495 379 3543 1).
394 3495 425 3543 de
440 3509 510 3542 usar.
522 3505 555 3554 22,
567 3493 598 3558 1).
652 3491 672 3560 ⁶)
688 3495 726 3557 Cf.
741 3495 773 3544 L.
784 3507 804 3547 t.
824 3497 856 3546 D.
871 3495 903 3546 de
917 3498 933 3545 i.
945 3512 1030 3547 eonem.
1042 3498 1085 3563 (18,
1096 3495 1127 3561 s).

175 3562 205 3609 L.
222 3575 247 3612 28
257 3579 301 3625 pr.
320 3563 352 3611 D.
367 3564 398 3612 de
413 3566 502 3613 minor.
519 3563 549 3628 (4,
564 3564 595 3629 4).
