2542 3909
438 234 497 270 om
515 235 613 271 nssrcr.
632 216 680 270 IV.
700 220 843 273 its-tto.
1058 220 1123 286 403

156 385 208 433 est.
245 371 311 433 168.
327 375 374 432 llle
389 386 490 448 autem,
506 378 552 449 qui
569 377 675 433 tructus
691 377 841 434 licitatione
852 378 942 435 uictus
958 386 1012 450 est,
1028 380 1050 435 si
1065 396 1121 436 non

155 460 329 534 probauerit,
351 460 382 516 ad
404 478 433 517 se
454 463 592 534 pertinere
607 463 827 536 possessionem,
845 470 951 518 tantuna
965 464 1121 536 sponsionis

155 554 183 601 et
205 545 421 619 restipulationis
443 562 574 601 summam
597 562 703 619 poenae
724 547 833 603 nomine
856 544 947 603 debet.
985 542 1052 608 169.
1068 548 1121 603 to-

153 630 280 687 monendi
297 639 387 685 tamen
403 643 510 702 sumus,
524 630 639 686 liberum
656 647 716 687 esse
731 632 773 699 ei,
788 632 834 705 qui
850 630 956 688 fructus
970 631 1121 689 licitatione

154 716 242 771 uictus
266 716 332 787 erit,
362 716 460 773 omissa
483 714 631 771 fructuaria
654 714 845 789 stipulatione,
868 716 941 772 sicut
954 714 1120 775 Cascelliano

153 800 213 855 siue
236 800 375 855 secutorio
399 799 498 855 iudicio
521 799 555 855 de
577 801 755 873 possessione
777 800 950 873 reciperando
971 803 1120 875 experitur,

153 884 190 939 ita
211 877 357 941 similiter¹
379 883 412 938 dc
434 882 539 940 tructus
554 882 704 941 licitatione
719 900 814 958 agere:
830 886 858 942 in
881 901 960 957 quarn
983 901 1041 941 rena
1056 903 1120 959 pro·

152 970 241 1042 prium
256 968 385 1025 iudicium
401 976 578 1041 conparatum
594 976 653 1040 est,
673 968 747 1042 quod
762 968 915 1042 appellatur
929 969 1119 1041 fructuarium,

153 1068 209 1127 quo
225 1054 334 1109 nomine
351 1060 428 1109 actor
445 1052 590 1109 iudicatum
602 1053 674 1109 solui
687 1054 754 1108 satis
767 1046 900 1127 accipit:²
915 1053 1015 1111 dicitur
1029 1062 1119 1111 autern

151 1147 180 1194 et
201 1138 255 1193 hoc
273 1136 402 1193 iudicium
419 1139 598 1209 secularium,
620 1136 695 1211 quod
716 1139 842 1211 sequitur
859 1139 1017 1212 sponsionis
1033 1140 1119 1195 uicto·

151 1223 233 1285 riam;
257 1222 305 1277 sod
329 1238 492 1295 nonaeque
515 1221 710 1278 Cascellianum
734 1231 858 1278 uocatur.
902 1218 967 1280 1⁷0.
987 1222 1040 1279 Sed
1057 1224 1119 1297 quia

150 1306 276 1363 nonnulli
291 1306 438 1362 interdicto
454 1306 560 1363 reddito
583 1300 694 1364 oeterni
716 1323 748 1362 ex
764 1307 909 1364 interdicto
931 1308 1021 1364 iacere
1041 1307 1117 1363 nole-

150 1389 230 1460 bant,
251 1397 332 1465 atque
349 1390 383 1447 ob
398 1390 424 1445 id
441 1407 497 1447 non
513 1399 622 1464 poterat
636 1408 681 1447 res
697 1391 833 1465 expediri,
849 1400 961 1466 praetor
976 1385 982 1471 Ι
999 1385 1043 1447 ⁴in
1060 1407 1117 1447 earn
1130 1394 1190 1445 aas.

149 1491 207 1531 rem
223 1476 363 1549 prospexit
378 1484 405 1531 et
420 1477 589 1550 comparauit
604 1475 759 1548 interdicta,
775 1493 844 1549 quaa
855 1476 1012 1533 secundaria
1025 1474 1116 1551 appel·
1131 1462 1148 1499 ι
1162 1469 1181 1501 “·

148 1559 246 1630 lamus,
262 1559 335 1634 quod
352 1559 473 1616 secundo
490 1561 551 1616 loco
566 1560 733 1616 redduntur:
757 1577 873 1634 quorum
889 1565 934 1619 uis
949 1569 976 1618 et
991 1568 1117 1634 potestas

147 1644 223 1701 inec
238 1651 293 1713 est,
315 1651 348 1701 ut
367 1638 436 1717 qui⁵
456 1653 547 1701 cetera
563 1660 595 1701 er
610 1644 757 1702 interdicto
772 1660 828 1703 non
849 1645 948 1716 iaciat,
973 1645 1050 1702 uelut
1070 1648 1116 1719 qui

147 1730 202 1785 uim
224 1745 277 1784 non
299 1728 398 1793 iaciat,
423 1737 469 1785 aut
491 1728 610 1785 fructum
634 1745 690 1785 non
712 1728 847 1801 licentur,
870 1739 932 1803 aut,
956 1747 1020 1787 eum
1048 1730 1118 1787 uicit

148 1812 254 1870 inustus
277 1806 455 1885 licitatione,⁶
476 1818 545 1871 satis
567 1831 622 1885 non
646 1815 705 1885 det,
727 1822 774 1871 aut
796 1807 860 1893 '[si]
881 1817 1045 1889 sponsiones
1061 1832 1115 1870 uon

147 1898 240 1969 iaciat,
258 1893 322 1972 (eac)
338 1891 587 1971 sponsionibusue⁷
609 1899 708 1955 iudicia
730 1914 784 1954 non
805 1901 928 1973 accipiat,
948 1901 1006 1955 siue
1027 1900 1116 1973 possi·

221 2048 242 2118 ¹)
256 2050 302 2101 Sic
311 2066 347 2101 en·
361 2049 388 2100 V
389 2045 411 2082 ¹²
418 2050 584 2101 scribendum
595 2050 658 2114 fuit,
673 2049 718 2099 ubi
726 2051 816 2114 prima
830 2051 919 2100 littera
929 2056 967 2099 est
976 2066 989 2099 s
998 2052 1116 2116 sequenti

145 2124 232 2186 spatio
245 2137 295 2172 sec
308 2124 465 2178 litterarum,
479 2136 515 2171 en·
523 2120 617 2187 quibus
625 2122 716 2171 ultima
725 2118 784 2186 t(cr)
796 2121 882 2183 fuerit
895 2128 991 2173 notato.
1008 2121 1116 2185 fructus

145 2195 258 2245 licitatio
277 2200 302 2243 et
321 2196 391 2257 ipsos
406 2192 514 2255 fructus
531 2207 626 2257 eosque
644 2208 661 2242 c
679 2193 778 2243 victore
791 2192 941 2241 aestimatos
958 2191 1114 2243 continebat.

146 2264 198 2331 (Cf.
214 2261 319 2314 ‘datos’
332 2280 360 2327 p.
376 2260 443 2330 nst),·
457 2279 505 2313 nec
519 2264 601 2328 ipitur
615 2253 681 2327 opus
694 2266 780 2328 tepere
801 2258 845 2311 ‘de
858 2262 992 2326 fructibus
1006 2260 1041 2311 ct'
1057 2278 1114 2313 cum

145 2338 185 2387 ed.
195 2351 251 2385 mea
261 2347 281 2387 s.
334 2330 356 2400 ¹)
366 2334 470 2397 accipiat
481 2334 507 2384 0.
523 2335 625 2398 accipiet
635 2334 675 2385 ed.
685 2332 734 2399 Bp.
787 2328 808 2399 ⁸)
824 2334 841 2384 i.
853 2350 876 2383 e.
887 2349 953 2397 quae
962 2336 1113 2383 necessaria

144 2414 228 2465 erant,
244 2414 272 2455 ut
285 2420 328 2455 res
342 2405 378 2454 ad
391 2406 502 2455 iudicem
514 2407 604 2455 uenire
614 2412 712 2469 posset.
763 2400 786 2471 ⁴)
801 2403 871 2465 Quae
880 2412 1025 2470 sequuntur
1035 2420 1113 2470 usque

144 2480 181 2528 ad
189 2495 211 2528 u.
222 2490 235 2529 s
245 2476 324 2527 uerba
334 2492 364 2525 nc
379 2476 460 2539 iaciat,
475 2476 601 2525 debentur
615 2476 643 2526 V
644 2471 666 2509 'i
677 2477 819 2526 secundum
833 2477 984 2527 relationem
993 2475 1114 2542 Kriperi

143 2548 226 2614 (Krit.
251 2547 326 2597 Vers.
346 2563 374 2611 p.
393 2545 444 2612 aa),
468 2549 544 2597 cuius
566 2549 643 2597 etiam
666 2549 843 2598 correctiones
865 2548 990 2613 quasdam
1015 2550 1112 2611 recepi.

142 2620 212 2671 an.
225 2632 245 2672 1.
256 2631 277 2670 2.
291 2634 380 2669 earum
394 2625 420 2669 et
433 2634 499 2683 quae
512 2626 657 2683 sequuntur
669 2620 823 2669 sententiam
836 2634 871 2667 ex
879 2616 995 2668 Btunnn·
1003 2617 1113 2668 Schedis

142 2692 277 2743 resarcire
296 2697 405 2741 conatus
423 2704 509 2748 erasm
526 2704 664 2748 successu,
682 2696 710 2739 ut
728 2705 797 2739 nnnc
812 2696 904 2753 pcret,
926 2689 1043 2752 infelici:
1065 2706 1113 2739 nec

141 2765 247 2821 mirum,
266 2777 324 2811 cum
342 2776 408 2825 quae
427 2758 517 2809 Sidus
535 2762 609 2826 lepit,
629 2776 718 2811 eorum
736 2775 802 2825 quae
818 2759 860 2810 Bi.
879 2767 1042 2819 enotaoerat,
1061 2767 1111 2811 tum

142 2835 283 2884 dissimilia
296 2834 363 2891 sint,
382 2839 423 2891 ut,
442 2832 495 2881 nisi
509 2831 541 2881 de
552 2832 605 2895 fide
619 2833 756 2895 utriusque
774 2838 918 2891 constaret,
936 2833 1017 2881 alium
1033 2833 1112 2881 eliam

138 2906 266 2970 popinam
276 2918 345 2967 prae
359 2904 443 2953 oculis
457 2902 578 2953 habuisse
592 2904 721 2953 crederes.
784 2899 806 2968 ⁶)
815 2900 947 2966 Scriptum
953 2903 1053 2966 suerit:
1066 2904 1110 2952 bec

143 2982 156 3021 e
175 2981 202 3023 ut
220 2972 290 3040 q(ni).
307 3002 339 3011 -
357 2974 472 3023 Ceterum
491 2974 552 3023 ltine
566 2989 696 3038 apparere
714 2973 831 3032 ridetur,
850 2988 919 3031 eum,
938 2975 983 3038 qui
994 2973 1111 3036 fructum

143 3046 269 3096 licitando
284 3052 371 3099 cetero
385 3060 420 3093 σω
434 3045 575 3096 interdicta
586 3046 681 3108 facere
694 3046 835 3108 inciperet,
851 3060 868 3093 a
878 3051 1004 3107 praetore
1018 3045 1051 3102 ei,
1066 3046 1111 3108 qui

142 3117 193 3164 oim
199 3116 311 3179 faceret,
321 3118 397 3180 quasi
403 3117 606 3180 aequiperatum,
617 3117 663 3180 qui
669 3129 821 3181 quancunque
828 3116 932 3164 ratione
940 3130 990 3165 non
997 3114 1109 3177 faceret,

137 3202 191 3251 pro
206 3186 315 3251 indipno
329 3188 374 3251 qui
387 3188 490 3237 interim
501 3187 662 3250 possideret,
675 3186 790 3236 habitum
803 3201 867 3237 esse.
932 3182 953 3251 ⁶)
968 3202 983 3248 q
998 3184 1044 3250 (ω
1058 3187 1109 3250 qui)

142 3260 234 3307 tructus
252 3257 391 3307 licitationis
415 3254 461 3306 Vn
478 3260 505 3307 in
524 3274 574 3323 quo
593 3258 728 3322 offendens
746 3257 890 3322 quiritium
906 3257 1021 3314 indicat,
1035 3264 1108 3320 post-

142 3344 217 3393 quam
231 3344 266 3378 eac
280 3328 423 3390 licitatione,
439 3328 597 3379 adhaerente
611 3344 623 3377 s
638 3345 673 3379 eac
687 3328 760 3390 satis,
775 3327 875 3391 factum
889 3335 947 3377 erat
961 3327 1108 3391 licitationis,

139 3415 174 3449 ear
189 3400 271 3449 c'uicit
285 3398 385 3449 abiecto
399 3400 432 3449 cit
446 3407 556 3450 enatum.
611 3398 630 3466 ⁷)
644 3399 756 3465 Scripsi.
780 3399 802 3447 si
817 3396 1010 3465 sponsionib(us)
1022 3394 1026 3468 Ι
1038 3397 1108 3465 u(on)

203 3529 237 3603 ᾗ.
254 3536 313 3585 169.
330 3532 368 3596 Of.
380 3534 404 3595 ἕ.
415 3544 461 3585 166.
481 3532 570 3598 Ροὶμὸ,
582 3545 617 3596 as,
627 3544 648 3583 2.
663 3533 737 3582 indis.
748 3529 823 3600 solui]
833 3532 868 3595 cf.
879 3534 903 3595 ἓ.
913 3545 948 3584 91.
1003 3528 1029 3599 ξ
1046 3532 1106 3583 170.

139 3605 179 3669 Cf.
196 3606 315 3657 Frontin.
326 3620 355 3670 p.
369 3616 405 3668 44,
419 3616 440 3655 a.

847 3687 904 3741 26*
