2542 3909
154 205 218 268 290
446 218 503 254 eurr
521 219 612 254 rusam.
632 199 680 252 llI.
699 204 813 253 24-31.

155 353 217 408 dum
233 350 375 417 excedunt,
392 349 457 404 nihil
473 350 538 403 luris
555 363 585 401 ea
602 346 664 419 lege
678 339 811 402 Ἰιιιὶιιιιι1
844 341 893 402 tt.
909 345 1038 401 Similiter
1049 361 1104 402 nou

156 436 334 490 adruittuntur
349 433 469 506 cognati,
486 433 531 504 qui
547 447 596 504 per
611 430 729 486 feminini
744 447 827 486 sexus
843 445 973 503 personas
988 432 1104 485 necessi·

155 519 247 572 tudine
262 519 422 589 iunguntur,
438 516 504 571 adeo
521 513 638 588 quidem,
655 522 684 569 ul
698 531 749 570 nec
763 516 836 569 inter
849 523 961 570 matrem
976 522 1004 569 et
1019 511 1104 570 lilium

154 600 270 656 hliamue
300 599 370 655 ultro
397 602 520 672 citroque
549 598 705 654 hereditatis
732 598 881 671 capiendae
902 599 943 652 lus
965 607 1104 670 conpetat,

155 695 340 758 praeterquam
355 686 382 738 si
400 702 448 757 per
464 684 490 738 in
509 699 614 738 manum
636 684 844 738 conuentiouenr
865 683 1104 755 consanguinitatis

154 771 211 824 lura
226 770 297 823 inter
312 785 359 823 eos
375 759 573 824 constiterint.²

216 849 265 909 25.
288 851 339 906 Sed
357 853 405 908 hae
421 853 486 907 luris
502 851 659 924 iniquitates
674 850 763 906 edicto
778 851 912 923 praetoris
927 851 1083 906 emendatae
1099 844 1104 929 1

83 940 142 988 131.
153 945 224 992 sunt,
269 931 318 993 26.
341 936 406 992 Nam
420 937 525 992 liberos
542 950 645 1003 omnes,
661 935 707 1008 qul
721 934 845 1006 legitimo
860 935 918 988 lure
932 932 1105 1005 dehcluntur,

155 1028 234 1078 uocat
256 1021 289 1076 ad
313 1020 489 1076 hereditatem
512 1018 626 1092 proinde
654 1034 684 1074 ae
710 1019 783 1074 siin
805 1025 942 1090 potestate
963 1029 1105 1091 parentum

153 1107 247 1161 mortis
263 1113 385 1178 tempore
400 1104 524 1172 luissent,
540 1106 598 1157 siue
614 1101 666 1157 soli
681 1103 746 1172 sint,
762 1103 820 1157 siue
831 1103 914 1158 etiam
928 1103 970 1157 sui
980 1103 1105 1174 heredes,

139 1189 178 1245 td
192 1190 292 1262 estqui
304 1189 331 1243 in
342 1195 478 1260 potestate
489 1187 573 1260 patris
583 1185 703 1256 luerunt,
713 1194 884 1242 concurrant.
907 1182 954 1243 27.
966 1185 1104 1259 ddpnatos

154 1281 242 1330 autem
258 1273 344 1345 capite
360 1270 512 1327 deminutus
529 1286 582 1326 non
598 1269 719 1325 secundo
734 1269 819 1344 gradu
834 1279 897 1342 post
911 1287 975 1326 suos
992 1270 1105 1326 heredes

154 1364 243 1427 uocat,
258 1355 285 1411 id
301 1363 353 1426 est,
369 1371 423 1410 non
439 1371 472 1410 eo
488 1353 572 1427 gradu
589 1364 679 1424 uocat,
694 1371 749 1426 quo
765 1369 812 1426 per
827 1353 914 1427 legem
930 1365 1103 1424 uocarentur,

152 1431 177 1496 'sl
192 1441 279 1514 capite
295 1440 391 1494 minuti
406 1455 461 1493 uon
482 1445 587 1501 essene
611 1437 658 1493 sed
681 1440 760 1493 tertio
781 1439 960 1510 proximitatis
981 1440 1103 1496 nomine:

154 1526 216 1581 licet
232 1525 302 1580 enim
318 1523 413 1595 eapitis
429 1521 612 1577 deminutione
627 1523 671 1577 ius
681 1521 832 1595 legitimum
843 1521 1018 1595 perdiderint,
1030 1533 1104 1580 certe

154 1607 326 1682 cognationis
340 1607 398 1662 iura
414 1613 545 1665 retinent:
561 1607 653 1678 itaque
667 1608 690 1660 sl
702 1605 839 1678 quisalius
850 1607 895 1680 sit,
907 1609 952 1679 qui
968 1607 1102 1679 integrum

156 1695 198 1747 ius
214 1692 367 1764 agnationis
383 1689 502 1761 hahehit,
526 1690 548 1744 is
564 1691 656 1764 potior
677 1691 738 1761 erit,
761 1691 864 1746 etiamsi
881 1690 1004 1764 longiore
1018 1690 1103 1762 gradu

156 1775 249 1831 luerit.
292 1769 343 1831 28.
366 1773 438 1829 ldern
454 1775 520 1830 iuris
536 1781 588 1844 est,
612 1782 642 1829 ut
657 1774 763 1846 qnidam
778 1782 883 1848 putant,
898 1777 925 1829 iu
941 1776 998 1831 eius
1013 1778 1104 1848 agnati

155 1875 285 1934 persona,
309 1858 355 1930 qul
377 1859 498 1931 proximo
521 1867 619 1930 agnato
643 1859 784 1913 omittente
807 1857 997 1927 hereditatem,
1021 1859 1105 1914 nihilo

155 1944 240 2017 magis
254 1945 313 1998 iure
329 1942 449 2014 legitimo
472 1942 638 2010 admittitur3
660 1942 708 1998 sed
730 1950 809 2012 sunt,
832 1945 877 2015 qui
900 1952 1011 2016 putant,
1034 1944 1105 1998 hune

155 2029 248 2084 eodem
265 2025 350 2101 gradu
366 2042 380 2080 a
395 2035 520 2100 praetore
537 2027 643 2102 uocari,
665 2043 720 2100 quo
740 2028 820 2082 ettam
835 2041 884 2099 per
898 2027 986 2099 legem
1001 2029 1106 2101 agnatis

155 2111 289 2168 hereditas
312 2110 398 2166 riatur.
442 2106 492 2169 20.
516 2109 641 2166 Feminae
662 2119 736 2166 certe
758 2120 879 2184 agnatae,
904 2127 971 2183 quae
992 2127 1105 2167 consan-

155 2199 315 2270 guineorum
338 2195 451 2268 gradum
473 2193 617 2266 excedunt,
641 2197 722 2251 tertio
745 2195 830 2266 gradu
847 2187 988 2267 uocant'ur,
1011 2195 1105 2270 idest,

156 2283 281 2354 sineque
302 2295 367 2335 suus
383 2281 463 2336 heres
484 2295 571 2352 neque
592 2288 706 2351 agnatus
730 2278 885 2336 alluserit.
929 2277 982 2337 30.
1004 2279 1104 2336 Eodem

156 2363 241 2438 gradu
257 2371 390 2421 uocantur
405 2364 484 2418 etiam
500 2378 546 2419 eae
562 2378 709 2436 personae,
726 2379 799 2436 quoe
821 2379 869 2436 per
892 2363 1011 2419 seminini
1025 2379 1105 2419 serus

155 2464 285 2522 personas
300 2447 442 2519 copulatae
457 2453 529 2502 sunt.
571 2441 614 2504 31.
636 2446 725 2503 Liberi
741 2463 860 2521 quoque,
876 2449 920 2519 qul
936 2449 963 2502 in
978 2446 1104 2520 adoptiua

155 2531 252 2587 laurllia
267 2539 347 2601 suut,
371 2531 403 2586 ad
420 2531 579 2587 naturalium
594 2540 736 2604 parentum
752 2531 928 2587 hereditatem
944 2533 995 2588 hoc
1010 2532 1104 2588 eodem
1115 2551 1176 2598 [rur

155 2615 240 2690 gradu
256 2623 399 2673 uocantur.

228 2763 247 2831 ¹)
263 2766 357 2815 hahent'
370 2766 395 2816 0.
414 2766 548 2816 Fortasse:
562 2767 650 2816 habere
666 2765 788 2826 uidentur3
804 2765 926 2828 quiahoc
941 2778 992 2811 non
1006 2771 1057 2811 tam
1071 2777 1106 2811 ea·

154 2840 208 2902 tege
223 2852 297 2900 quom
311 2853 344 2888 eac
359 2839 572 2900 interpretatione
587 2839 643 2886 eiua
658 2835 779 2884 ueniebat.
809 2835 848 2897 Cf.
864 2837 886 2896 ξ.
902 2846 935 2883 14.
950 2833 1046 2895 placuit.

156 2905 176 2974 ²)
190 2907 312 2972 Sequitur
327 2909 395 2958 tinea
410 2923 500 2957 voerta.

223 3046 249 3119 5.
266 3053 307 3100 24.
329 3048 368 3113 Cf.
387 3049 441 3112 tltp.
457 3060 490 3107 eo,
506 3060 525 3099 a.
542 3061 562 3099 e.
575 3063 617 3110 pr.
635 3047 655 3095 1.
671 3047 703 3095 de
716 3044 763 3095 Sd.
784 3044 886 3093 Terruit.
903 3041 975 3110 (aa).
1022 3041 1046 3113 5.
1062 3048 1104 3096 25.

156 3120 194 3184 Cf.
206 3137 249 3184 pr.
265 3122 372 3182 §.afim
394 3120 414 3168 1.
430 3121 461 3168 de
476 3119 498 3167 b.
509 3133 536 3182 p.
553 3117 584 3182 (a,
599 3115 630 3182 9).
699 3113 723 3185 ξ
739 3118 781 3167 26.
802 3115 840 3176 Cf.
856 3116 894 3176 ἓξ.
911 3127 944 3166 19.
959 3127 994 3167 20.
1015 3117 1105 3166 Collut.

155 3204 187 3250 re,
203 3204 222 3243 a.
237 3193 260 3253 ξ.
275 3202 296 3240 a.
320 3190 374 3255 etp.
390 3201 424 3246 es,
439 3201 459 3240 s.
484 3190 506 3250 §-
521 3200 542 3239 ι).
558 3188 579 3237 I.
595 3187 626 3237 de
641 3187 728 3236 iered.
744 3203 767 3250 q.
782 3186 815 3236 ad
829 3187 874 3234 tut.
889 3184 921 3250 (a,
936 3186 967 3253 1).
1022 3183 1104 3256 §.22

157 3262 194 3324 Cf.
210 3264 232 3324 §-
248 3273 281 3312 21.
306 3261 360 3323 Uip.
372 3271 405 3314 28.
416 3271 436 3310 o.
458 3258 526 3322 Epit.
542 3270 563 3323 2,
578 3271 598 3309 8.
614 3260 636 3320 ξ.
649 3270 668 3308 t.
682 3274 716 3320 pr
739 3257 760 3306 I.
776 3258 808 3308 de
822 3272 932 3306 crecere.
948 3273 1021 3323 cogn.
1033 3257 1063 3322 (a,
1074 3257 1105 3322 5).

153 3343 331 3396 suprat,158.
400 3325 425 3396 §-
440 3331 482 3380 28.
509 3329 546 3391 Cf.
562 3331 593 3391 ξς
617 3341 649 3380 12.
666 3340 699 3379 22.
719 3331 734 3392 ξ
759 3342 778 3381 7.
798 3329 820 3378 Ι.
839 3329 871 3377 de
890 3331 937 3393 lep.
957 3345 1018 3394 opn.
1036 3344 1106 3377 auce.

154 3401 185 3467 (s,
201 3403 231 3468 r).
278 3399 303 3468 ξ.
318 3402 360 3450 29.
382 3399 420 3461 Cf.
436 3401 459 3461 ξ.
475 3410 508 3450 ro.
525 3399 600 3448 Pani.
611 3412 663 3456 ne.
679 3402 702 3462 §-
713 3403 753 3452 22⁸
806 3396 831 3468 §-
847 3401 889 3450 ³0.
911 3400 950 3462 Cf.
961 3402 983 3462 §r
995 3411 1028 3450 aa.
1050 3399 1106 3460 urp.

154 3485 188 3530 ee,
203 3486 222 3524 e.
244 3471 312 3534 Epit.
328 3480 348 3526 a,
364 3481 383 3520 8.
399 3471 421 3530 ἓ.
437 3481 457 3521 a.
473 3471 495 3531 ἓ.
507 3483 526 3520 1.
545 3469 564 3518 Ι.
579 3471 611 3521 de
625 3487 695 3521 succ.
710 3470 869 3538 cogntus).
919 3467 1106 3539 §.31.=§.r.

154 3543 176 3592 Ι.
192 3543 247 3592 eod.
269 3540 307 3603 Cf.
323 3540 392 3604 Epit.
408 3545 424 3588 l.
440 3556 461 3590 e.
