2542 3909
180 218 222 276 70
518 228 546 261 ιι,
565 226 676 260 rruuvs
695 224 795 259 cresso.

179 356 277 428 gnita
303 358 448 426 agunto,
479 367 543 407 nec
569 351 648 423 pius
677 366 773 423 quam
801 349 840 406 de
862 348 1016 421 singulis
1038 346 1143 405 rebus

180 436 287 492 semel
309 435 542 516 consulunto,
564 434 636 490 rem'
654 433 817 508 populum
833 432 999 503 docento,
1022 431 1142 488 doceri

178 536 193 575 a
214 518 488 594 magistratibus
508 519 732 592 priuatisque
754 518 933 592 patiunto.

242 601 433 677 Priuiiegia
459 618 500 657 ne
529 603 730 675 inroganto:
760 600 799 656 de
821 602 936 673 capite
958 601 1051 656 ciuis
1073 601 1143 656 nisi

178 703 241 761 per
262 688 441 742 marimum
461 687 681 743 comitiatum
703 684 887 757 oilosque,
910 700 998 757 qnos
1020 699 1143 740 censo·

178 787 233 826 res
256 771 289 825 in
310 771 470 844 partibus
491 769 613 844 populi
635 769 825 839 locassim,
848 784 888 823 ne
911 767 1065 827 ierunto.

242 855 367 909 Donum
388 872 427 910 ne
448 856 616 927 capiunto
639 869 727 909 neue
749 853 853 909 danto
881 867 968 907 neue
994 851 1144 925 petenda

178 953 268 993 neue
290 938 440 1010 gerenda
461 953 545 995 neue
568 946 672 1011 gesta
693 944 881 1011 potestate.

243 1020 335 1089 Quod
372 1023 451 1095 quis
484 1038 597 1077 earum
631 1036 743 1077 rerum
782 1020 984 1093 migrassit,
1018 1020 1144 1075 noxiae

178 1122 289 1179 poena
310 1122 370 1179 par
391 1115 478 1160 esto.

242 1188 382 1244 Gesoris
404 1187 509 1242 iidem
530 1187 646 1259 legum
668 1186 918 1243 custodiunto:
940 1184 1057 1259 (posto
1074 1202 1145 1257 po·

179 1264 336 1340 testate)¹
361 1272 495 1343 priuati
528 1268 566 1325 ad
595 1286 655 1325 eos
686 1279 762 1327 acta
792 1270 977 1325 referunto
1008 1286 1071 1326 nec
1105 1286 1144 1325 eo

179 1356 289 1429 magis
310 1354 392 1427 iege
412 1353 518 1410 liberi
541 1363 652 1409 sunto.

242 1437 297 1494 Lex
311 1439 423 1493 recitata
437 1446 493 1493 est:
508 1436 646 1491 discedere
661 1445 689 1492 et
704 1436 831 1493 tabellam
845 1436 944 1493 iubebo
962 1436 1028 1493 dari.

242 1522 274 1577 V.
296 1518 340 1580 12.
361 1520 396 1587 Q.
418 1514 516 1587 Quam²
530 1520 618 1591 breui,
639 1520 732 1582 irater,
753 1522 780 1576 in
802 1530 952 1593 conspectu
965 1522 1056 1594 posita
1071 1530 1145 1577 esta

180 1616 208 1662 te
223 1607 344 1661 omnium
358 1605 564 1677 magistratuum
579 1604 736 1677 descriptio,
751 1603 799 1659 sed
815 1621 846 1660 ea
855 1620 941 1677 paene
953 1613 1064 1660 nostrae
1079 1607 1145 1661 ciui-

180 1691 255 1758 tatis,
271 1691 323 1744 etsi
337 1704 352 1743 a
366 1697 394 1742 te
408 1688 518 1760 paulum
532 1687 649 1743 adlatum
666 1696 709 1743 est
722 1690 797 1744 noui.

219 1803 221 1808 ·
243 1772 284 1828 M.
305 1770 471 1842 Rectissime,
488 1770 597 1846 Quinte,
613 1771 818 1837 animaduertis;
834 1773 954 1828 haecest
965 1773 1047 1844 enim,
1064 1788 1145 1845 quam

180 1856 272 1930 Scipio
286 1855 380 1911 iaudat
392 1858 421 1911 in
436 1855 511 1911 libris
531 1848 675 1931 (nostris)³
695 1864 723 1911 et
737 1872 817 1928 quam
832 1858 946 1911 maxime
961 1854 1059 1929 probat
1075 1865 1145 1911 tem-

179 1941 347 2014 perationem
361 1942 403 1995 rei
416 1939 555 2014 publicae,
577 1956 645 2013 quae
659 1937 732 1996 eitici
746 1956 802 1997 non
817 1942 953 2013 potuisset
967 1939 1020 1995 nisi
1035 1939 1083 1995 tali
1099 1939 1145 1995 de·
1243 1966 1244 2013 i

179 2025 328 2097 scriptione
342 2025 559 2097 magistratuum.
595 2040 657 2080 narn
671 2026 710 2079 sic
725 2023 863 2095 habetote,
879 2022 1083 2097 magistratibus
1098 2024 1146 2079 iis·

180 2122 234 2180 que
255 2109 302 2180 qui
322 2109 454 2181 praesint,
475 2109 608 2164 contineri
622 2124 681 2163 rem
695 2107 828 2181 publicam
844 2116 1026 2164 stercorum
1042 2124 1146 2181 conpo-

180 2192 290 2263 sitione,
311 2192 384 2265 quod
400 2194 532 2265 cuiusque
546 2194 585 2248 rei
598 2191 722 2266 publicae
737 2207 826 2265 genus
841 2194 892 2262 sit,
910 2191 1044 2265 intellegi.
1074 2208 1146 2264 quae

180 2284 224 2331 res
250 2291 312 2332 cum
340 2278 537 2349 sapientissime
564 2276 834 2349 moderatissimequc
860 2277 1009 2331 constituta
1036 2284 1110 2330 esset
1132 2293 1147 2331 a

179 2357 326 2414 maioribus
341 2362 453 2430 nostris,
471 2359 539 2415 nihil
557 2357 648 2428 habui,
666 2352 776 2415 saitem4
792 2375 848 2415 non
864 2359 988 2431 multum,
1004 2357 1077 2431 qnod
1093 2374 1147 2431 pu·

179 2449 265 2497 tarem
280 2442 435 2498 nouandum
450 2444 478 2496 in
493 2442 609 2514 iegibus.
633 2465 637 2469 ⁴
733 2450 735 2454 ’

242 2521 286 2581 13.
312 2524 348 2580 Α.
376 2522 482 2579 Reddes
503 2525 588 2595 igitur
607 2523 702 2593 nobis,
725 2533 757 2581 ut
776 2527 805 2580 in
819 2526 961 2600 religionis
976 2526 1039 2599 iege
1054 2525 1145 2581 iecisti

180 2606 320 2663 admonitu
340 2615 369 2663 et
390 2616 490 2681 rogatu
510 2623 582 2674 meo,
605 2610 645 2663 sic
666 2607 700 2664 de
722 2610 935 2683 magistratibus,
958 2619 989 2665 ut
1009 2609 1145 2683 disputes,

184 2690 285 2764 quibus
300 2689 334 2745 de
349 2692 439 2747 causis
454 2690 567 2747 maxime
581 2692 687 2765 placeat
700 2693 752 2748 ista
767 2693 924 2766 descriptio.

243 2774 284 2831 M.
308 2772 422 2845 Faciam,
437 2775 535 2845 Attice,
557 2783 589 2830 ut
610 2778 663 2847 uis,
686 2785 713 2831 et
735 2777 825 2834 lucum
847 2780 930 2834 istum
953 2786 1054 2848 totum,
1077 2785 1146 2833 uta

181 2858 344 2914 doctissimis
360 2857 488 2914 Graeciae
505 2862 656 2932 quaesitum
669 2869 697 2915 et
708 2859 875 2935 disputatum
886 2869 939 2933 est,
953 2860 1092 2935 explicabo
1104 2869 1145 2932 ct,

180 2950 212 2996 ut
225 2942 343 3013 institui,
358 2951 453 2997 nostra
467 2943 526 2997 iura
540 2945 681 3018 attingam.

243 3027 278 3082 A.
300 3025 376 3080 istud
391 3024 512 3082 manime*
519 3038 632 3101 expecto
649 3029 800 3086 disserendi
815 3046 910 3103 genus.

243 3106 286 3164 M.
309 3109 391 3181 Atqui
410 3111 546 3184 pleraque
559 3122 623 3168 sunt
646 3112 734 3169 dicta:
758 3113 830 3186 qnod
859 3113 1010 3170 iaciendum
1031 3105 1098 3170 init⁶
1116 3115 1145 3168 in

179 3193 233 3249 iilis
247 3192 338 3266 libris,
360 3209 422 3249 cum
436 3195 471 3251 de
486 3205 597 3270 optuma
616 3213 646 3252 re
661 3196 767 3271 publica
782 3207 973 3269 quaereretnr;
995 3196 1042 3253 sed
1063 3197 1147 3253 huius

254 3395 398 3463 ¹)Addidi.
436 3398 457 3466 ²)
473 3416 544 3465 quam
558 3416 611 3451 com
630 3401 687 3451 AB
722 3398 742 3466 8)
758 3402 866 3452 Addidi.
882 3404 936 3453 illis
949 3403 1016 3453 libris
1030 3416 1066 3451 eac
1079 3402 1147 3452 diar-

180 3466 240 3518 nebi
257 3471 349 3532 qued.
365 3470 395 3519 V.
434 3469 456 3536 4)
474 3486 532 3520 sane
551 3470 606 3519 AB
621 3472 679 3521 edd.
719 3469 741 3537 ⁶)
765 3472 852 3522 Verba
870 3473 933 3538 qnod
951 3472 1087 3523 iaciendum
1102 3474 1149 3523 tuit

176 3545 238 3601 post
251 3541 298 3589 illu
311 3541 336 3588 iu
350 3541 397 3590 illis
412 3542 479 3589 libris
493 3539 587 3590 hubent
600 3542 656 3590 AB
667 3543 719 3592 edd
