2542 3909
255 250 358 286 norum
376 250 483 287 vnennr
501 248 598 287 mon.
609 228 720 285 XXVII.
741 228 926 284 n-uuvru,
946 234 970 283 ὅ.
1037 228 1098 294 613

143 421 206 462 tur.
222 420 319 462 xxvrr.
342 420 384 460 nn
396 419 599 462 nrnunuonvu
613 398 882 483 svcuusisrournvs
898 404 966 461 'vnn
981 397 1205 479 noure.¹201bp

206 512 231 571 1.
261 507 449 570 ²Libertorunt
471 516 659 571 intestatorum
686 515 820 572 hereditas
840 515 954 587 priunum
978 514 1013 573 ad
1034 531 1099 573 suos

142 597 257 657 heredes
280 600 415 671 pertiuet;
437 597 534 655 deinde
549 598 581 654 ad
598 615 661 668 eos,
685 614 800 671 qnorum
815 598 904 653 liberti
919 607 1001 671 sunt,
1023 598 1101 656 uelut

142 691 301 756 patronum,
324 691 464 754 patronam
488 681 624 738 liberosue
639 684 753 757 patroni.
798 680 828 738 2.
852 672 898 737 3Si
918 684 953 738 sit
968 691 1100 757 patronus

142 775 170 821 et
185 766 297 821 alterius
318 767 424 838 patroni
446 764 533 837 filius,
556 767 589 822 ad
609 768 696 823 solunt
717 774 862 840 patronum
884 766 1018 822 hereditas
1039 783 1100 841 per·

142 851 221 907 tinet.
264 845 295 906 3.
320 840 404 905 iiten
426 850 535 923 patroni
550 848 621 905 diius
636 852 744 923 patroni
760 848 904 924 nepotibus
927 850 1025 907 obstat.
1070 848 1100 908 4.

143 926 196 989 ⁴Ad
217 934 317 990 liberos
338 942 518 1007 patronorum
541 934 677 989 hereditas
700 933 820 989 defuncti
841 935 959 1008 pertinet
980 933 1027 991 ‘ita
1049 930 1100 991 ut⁵

143 1017 170 1073 in
186 1021 286 1091 capita,
304 1034 359 1073 non
374 1019 401 1073 in
416 1020 529 1091 stirpes,
546 1018 692 1074 diuidatur.

205 1099 233 1159 5.
269 1095 435 1175 ⁶Legitimae
457 1101 615 1158 hereditatis
637 1104 695 1173 ius,
724 1101 796 1176 quod
820 1118 852 1157 en
873 1101 936 1176 lege
957 1092 1100 1160 duodecim

144 1185 295 1242 tabularum
311 1184 466 1258 descendit,
485 1186 579 1259 capitis
595 1186 743 1241 minutione
758 1186 899 1241 amittitur.
916 1179 1015 1243 *suff

67 1324 133 1373 [518]
280 1338 344 1380 uin.
360 1338 470 1380 xxvnr.
501 1340 543 1379 Du
558 1336 818 1380 Possessionlnvs
834 1337 961 1380 DANDIS.

205 1428 231 1489 1.
259 1424 415 1488 ⁸Bonorum
438 1433 576 1506 possessio
598 1433 746 1489 deturant
769 1440 863 1488 contra
887 1430 990 1489 tabulas
1018 1440 1100 1489 testa·

143 1517 241 1581 menti,
258 1526 304 1571 aut
320 1515 474 1573 secundum
491 1515 610 1586 tabulas,
628 1513 706 1591 (ont)
723 1518 853 1572 intestati.

206 1595 235 1655 2.
258 1599 358 1657 Contra
372 1600 477 1656 tabulas
493 1598 627 1655 bonorum
644 1601 780 1673 possessio
796 1599 886 1671 datur,
902 1600 993 1657 liberis
1008 1594 1101 1676 '(uel)⁹

144 1686 318 1758 emancipatis
341 1692 504 1741 testamento
520 1686 688 1757 praeteritis,
712 1684 774 1740 iicet
795 1684 917 1757 legitimo
940 1678 1031 1765 (iure)
1046 1702 1101 1743 non

144 1768 246 1824 adens
269 1770 402 1841 pertineat
422 1766 568 1823 hereditas.
610 1765 639 1825 3.
663 1759 830 1823 ¹⁰Bonoru1n
846 1770 984 1841 possessio
1007 1778 1101 1826 contra

143 1850 249 1908 tabulas
271 1851 361 1908 liberis
388 1861 443 1908 tam
471 1851 636 1906 naturalibus
660 1867 739 1923 quarn
766 1850 901 1924 adoptiuis
929 1851 1024 1920 datur3
1053 1852 1101 1909 sed

144 1935 311 1991 naturalibus
327 1935 435 2007 quidem
451 1930 587 2008 '(etiom)⁹
608 1936 794 2007 emancipatis,
814 1952 869 1990 non
891 1942 979 1991 tamen
994 1935 1101 2007 cidiis,

146 2021 235 2092 qui-in
250 2020 376 2092 adoptiua
393 2018 491 2073 familia
506 2026 587 2086 sunt3
606 2018 740 2090 adoptiuis
755 2026 844 2073 autern
860 2018 902 2072 his
919 2026 1038 2091 tanturn,
1055 2022 1102 2092 qui

146 2105 173 2158 in
196 2110 330 2176 potestate
353 2109 518 2158 manserunt.
561 2100 591 2159 4.
617 2093 825 2173 ¹¹Emancipatis
848 2100 939 2157 liberis
957 2118 989 2157 er
1012 2102 1100 2159 edicto

146 2186 227 2242 datm
249 2186 381 2242 bonorum
404 2185 557 2259 possessio,
580 2186 603 2239 si
625 2186 712 2257 parati
734 2178 832 2239 'sint¹²
848 2200 943 2241 cauere
963 2185 1101 2257 fratribus

146 2272 219 2340 suis,
235 2271 324 2343 quiin
340 2277 477 2343 potestate
492 2266 663 2341 manserunt,
685 2267 773 2341 bona,
796 2285 864 2342 qnae
880 2271 1012 2326 moriente
1026 2278 1102 2343 patre

147 2352 309 2422 habuerunt,
323 2370 354 2409 se
369 2352 536 2412 conlaturos,

210 2436 238 2494 5.
263 2430 448 2493 ¹³Secundum
461 2436 565 2492 tabulas
578 2435 713 2492 honorum
731 2438 869 2511 possessio
891 2436 971 2493 datur
993 2438 1102 2512 scriptis

147 2520 301 2591 heredibus,
317 2520 419 2576 scilicet
433 2522 457 2575 si
472 2535 581 2587 eornm,
605 2520 704 2593 quibus
727 2528 821 2576 contra
843 2521 947 2578 tabulas
963 2524 1102 2597 competit,

220 2667 240 2735 ¹)
256 2671 335 2721 Recte
348 2670 442 2721 debent
454 2671 518 2720 daec
532 2671 657 2721 vocabolo
671 2687 688 2720 α
697 2670 745 2736 Bp.
756 2674 830 2722 oncis
841 2674 942 2723 inclusa
954 2674 1102 2724 ostendunt-

147 2758 207 2808 que,
221 2742 290 2792 dunc
309 2744 409 2791 titulum
424 2742 524 2806 foetum
541 2756 608 2801 esse,
628 2757 677 2807 qno
696 2750 807 2805 tempore
825 2745 853 2791 in
871 2743 1034 2808 sequentibus
1052 2760 1102 2795 non

147 2813 220 2863 modo
234 2814 267 2863 de
281 2815 375 2863 ciuium
390 2812 461 2862 Rom.
476 2812 523 2861 sed
536 2814 613 2861 etium
626 2813 659 2861 de
669 2812 823 2863 Latinorum
837 2814 987 2865 libertorum
1000 2830 1102 2865 succes·

145 2883 262 2934 sionibus
279 2883 419 2948 repedatum
436 2883 528 2934 dorum
545 2885 612 2932 enim
631 2885 714 2947 mapis
732 2882 798 2933 bona
811 2891 884 2941 snut,
904 2900 968 2949 quae
987 2886 1045 2934 inre
1055 2901 1103 2947 pe·

147 2956 211 3003 cedit¹
225 2954 261 3003 ad
273 2956 484 3004 manumissorum
494 2956 636 3016 pertinent,
651 2969 738 3017 qnam,
757 2961 786 3003 ut
799 2956 914 3009 illorum,
933 2956 1064 3003 hereditas
1079 2964 1103 3004 et

145 3026 283 3074 successio.
345 3020 367 3090 ²)
383 3024 422 3087 Cf.
437 3024 469 3073 L.
484 3036 551 3087 epr.
570 3017 603 3073 D.
618 3025 650 3073 de
664 3026 719 3073 suis
733 3031 758 3073 et
772 3026 840 3089 lepit.
856 3022 901 3090 (33,
916 3023 960 3089 13).
1026 3021 1046 3089 8)
1063 3025 1101 3088 Cf.

150 3094 206 3143 Gai.
225 3106 252 3152 3,
270 3105 304 3145 eo.
327 3093 359 3144 L.
378 3105 412 3145 ee.
431 3096 455 3157 §-
471 3108 490 3145 1.
517 3095 550 3143 Ι).
569 3096 601 3144 de
620 3095 677 3145 bon.
698 3094 740 3143 tid.
756 3092 805 3159 (33,
820 3093 851 3158 a).
876 3095 951 3143 Pani.
967 3106 988 3155 3,
1003 3106 1023 3145 s.
1043 3098 1065 3156 ξ.
1081 3108 1101 3145 1.

147 3166 170 3226 §-
185 3176 198 3215 3
209 3165 255 3227 lin.
270 3163 292 3212 I.
307 3166 339 3213 de
353 3180 422 3214 succ.
438 3164 480 3213 tib.
496 3163 528 3229 (3,
543 3164 573 3231 1).
626 3163 647 3230 ⁴)
665 3165 703 3228 Cf.
721 3164 778 3215 Gai.
792 3178 814 3223 3,
828 3177 862 3216 31.
883 3163 958 3213 Paul.
973 3176 1031 3223 3,1.
1046 3167 1100 3227 §.n

148 3233 169 3299 5)
187 3233 344 3285 Geminondo
356 3236 419 3298 feei.
438 3243 479 3283 nni
498 3236 556 3285 Vae.
571 3244 598 3285 nt
611 3236 668 3285 edd.
720 3232 741 3301 6)
757 3236 794 3299 Cf.
813 3235 869 3284 Gai.
884 3247 906 3293 3,
920 3247 955 3286 31.
970 3247 1003 3286 itt.
1019 3245 1052 3287 51.

149 3303 171 3371 ⁷)
187 3306 225 3369 Cf.
240 3313 292 3355 not.
307 3318 327 3356 1.
393 3304 414 3371 8)
431 3305 469 3369 Cf.
485 3306 517 3355 L.
532 3309 592 3369 359.
607 3321 627 3357 1.
647 3307 679 3356 t).
695 3307 726 3356 dc
740 3305 771 3355 B.
787 3307 817 3355 P.
834 3304 925 3372 (31,1).
941 3321 984 3370 pr.
1000 3308 1023 3367 ξ.
1039 3318 1059 3356 1.
1078 3305 1101 3354 Ι.

146 3376 201 3426 eod.
218 3374 249 3442 (3,
263 3375 295 3441 e).
360 3374 381 3442 ⁹)
395 3376 525 3439 Snppleni.
548 3377 586 3440 Cf.
601 3379 623 3439 ξ.
640 3389 660 3429 3.
675 3385 701 3427 et
714 3378 745 3426 L.
761 3388 780 3426 1.
797 3379 819 3439 ᾗ.
835 3389 855 3428 e.
875 3377 907 3425 D.
923 3377 955 3427 de
970 3376 991 3426 b.
1003 3392 1030 3439 p.
1045 3392 1067 3425 c.
1083 3384 1100 3425 t.

147 3446 192 3514 (et,
205 3447 237 3513 4).
305 3443 337 3511 ¹⁰)
353 3447 391 3511 Cf.
407 3449 430 3509 ‘³'-
445 3460 466 3499 4.
491 3447 512 3496 I.
533 3447 838 3511 deceder.ttt.(n,1o).
906 3444 1101 3512 11)οῘ.Οοὶῐιιτ.

146 3530 180 3577 13,
195 3531 215 3570 7.
231 3521 254 3581 ἓ.
269 3531 289 3569 3.
310 3518 385 3567 Paul.
401 3528 422 3575 5,
436 3529 456 3568 3.
472 3519 495 3579 9.
510 3530 531 3568 4.
584 3513 619 3583 ¹²)
632 3524 687 3567 sunt
706 3518 763 3566 Vnt.
779 3518 836 3567 edd.
891 3513 923 3583 18)
940 3518 977 3582 Cf.
989 3518 1020 3566 L.
1035 3527 1047 3567 3
1057 3532 1101 3581 pr.

147 3589 179 3638 D.
195 3590 227 3639 de
241 3589 264 3639 b,
275 3606 303 3653 p.
317 3604 338 3638 e.
353 3597 371 3639 t.
387 3587 431 3654 (er,
446 3585 490 3652 ιι).
