2542 3909
153 213 219 278 400
480 228 539 265 eurr
557 230 657 266 rnsrrn.
675 212 723 268 IV.
743 218 800 267 165.

154 374 247 429 stetim
263 381 348 447 petat,
365 379 508 446 antequem
525 388 557 428 en
573 371 632 428 iure
648 380 736 443 exesi,
750 372 841 444 idest,
858 381 1001 447 antequam
1016 389 1031 428 s
1046 390 1126 448 prse-

156 466 218 513 iore
238 456 376 526 discedam
399 472 463 513 sero
485 457 556 513 eninr
581 455 738 531 petentibus
764 473 820 513 non
845 457 1013 531 indulgetur.
1057 455 1124 516 165.
1257 435 1259 526 i

156 542 253 615 itaque
275 543 298 597 si
319 540 449 598 arbitrum
470 557 525 597 non
545 543 670 616 petierit,
694 542 742 598 sed
766 543 863 598 tacitus
884 540 919 598 de
939 542 998 598 iure
1019 544 1124 616 exierit,
1257 537 1258 544 '

157 642 220 682 cum
239 626 421 700 periculones
437 626 469 682 ad
490 628 591 682 exitum
613 626 789 701 perducitur:
812 643 872 683 nam
893 636 971 684 ector
990 638 1126 703 prouocat

158 710 346 767 aduersarium
361 710 531 785 sponsione,
549 714 581 767 ni
587 703 597 745 ¹
613 720 710 768 contra
725 712 841 769 edictum
857 713 992 786 praetoris
1007 729 1063 769 non
1079 730 1126 769 en·

158 794 278 852 hibuerit
300 805 348 853 sut
369 812 424 852 non
440 798 608 866 restituerit3
630 796 677 852 ilie
695 804 787 853 sutem
801 796 933 853 aduersus
948 800 1126 872 sponsionem

160 879 307 937 aduersarii
327 881 522 955 restipulatum
545 881 644 937 deinde
664 889 741 938 ector
761 881 870 955 quidem
891 884 1048 957 sponsionis
1070 883 1126 940 ior·

158 966 257 1022 mulam
278 966 335 1022 edit
350 966 515 1037 aduersario,
539 966 584 1022 iiie
605 966 668 1023 huic
689 969 804 1023 inuicem
824 967 1054 1041 restipulationis:
1077 968 1125 1024 sed

158 1059 233 1107 notor
253 1052 409 1125 sponsionis
431 1051 574 1109 formulae
589 1052 694 1109 subicit
707 1060 736 1109 et
751 1052 827 1108 eliud
845 1051 972 1108 iudicium
988 1053 1021 1109 de
1037 1069 1066 1108 re
1081 1069 1124 1109 re·
1140 1064 1197 1117 [sno]

158 1136 296 1192 stituendu
316 1134 360 1192 uel
382 1134 546 1207 enhibendn,
570 1143 600 1191 ut
621 1139 645 1192 si
667 1138 816 1211 sponsione
838 1137 950 1208 uicerit,
972 1139 1024 1193 nisi
1040 1139 1065 1193 ei
1080 1153 1125 1194 res

88 1235 147 1283 242.
158 1220 317 1277 exhibentur
330 1229 377 1276 sut
391 1215 578 1293 restituetur‚²
595 1213 599 1300 Ι
616 1252 1126 1263 -—--———--——--——-——

89 1299 165 1412 tul

98 1431 115 1468 i.
129 1440 146 1469 s.

153 1558 228 1621 plius
241 1556 278 1605 ibi
290 1557 417 1619 scriptum
428 1555 513 1619 fuisse
531 1556 613 1605 uisum
630 1555 679 1618 sit,
698 1556 792 1604 omisit.
829 1553 917 1617 Ipsum
932 1561 1082 1617 praetorem
1097 1554 1126 1602 in

158 1627 298 1677 interdicto
316 1626 420 1677 reddito
439 1628 507 1677 banc
526 1626 730 1677 obseruationem
748 1627 786 1685 ci,
805 1626 908 1689 quicum
925 1624 1065 1691 apebatur,
1084 1625 1126 1674 in·

158 1699 286 1755 iunxisse,
301 1698 396 1748 docent
409 1697 492 1748 Probi
509 1705 585 1748 notae
599 1696 728 1748 Einsidel.
751 1712 835 1761 supra
850 1712 878 1761 p.
893 1707 942 1748 444.
1016 1692 1036 1760 ¹)
1051 1711 1126 1760 spon-

159 1769 252 1818 sionem
273 1768 298 1818 0.
323 1769 453 1833 sponsione
475 1766 566 1836 (quod)
587 1768 636 1817 Kr.
659 1769 699 1817 cd.
721 1780 742 1819 4.
817 1764 886 1833 ’)Ιη
900 1783 929 1832 p.
947 1777 1009 1830 utu,
1028 1768 1055 1816 in
1074 1782 1126 1831 qua

159 1841 262 1890 omnino
286 1839 352 1889 nibil
376 1848 446 1891 certo
466 1842 518 1906 lepi
536 1842 636 1904 potuit,
651 1841 766 1903 primum
788 1838 853 1888 baec
874 1838 934 1900 fere
957 1845 1046 1887 secuta
1069 1851 1126 1886 esse

158 1913 293 1976 suspicor:
312 1908 459 1970 ‘tantidem
479 1912 570 1976 quanti
590 1912 696 1975 sponsio
711 1911 787 1974 sacta
805 1910 853 1969 sit,
872 1909 1045 1958 aduersarius
1063 1922 1125 1957 con·

158 1982 305 2032 demnetur:
329 1983 399 2047 quod
420 1983 545 2033 iudicium
568 1984 717 2046 appellatur
734 1982 904 2038 secularium,
928 1982 991 2045 quia
1007 1980 1126 2045 sequitur

158 2054 307 2117 sponsionis
321 2055 459 2105 uictoriam
474 2054 520 2121 (cs.
535 2056 558 2117 ξ.
574 2065 613 2106 469
621 2051 689 2119 fin).
717 2052 828 2116 Sponsio
843 2067 907 2102 uero
921 2059 946 2101 et
960 2052 1125 2114 restipulatio

159 2127 227 2174 tanti
237 2125 281 2187 fit,
300 2126 392 2190 quanti
410 2133 485 2177 octor
499 2141 554 2175 eom
573 2140 624 2175 nou
644 2125 789 2174 calumniae
808 2137 890 2173 causa
905 2124 968 2185 fieri
986 2122 1125 2171 iurauerit.

159 2195 211 2261 (Cf.
227 2195 259 2245 L.
275 2210 295 2249 t.
310 2198 333 2259 ξ.
348 2208 369 2247 4.
389 2197 422 2245 D.
433 2198 503 2261 quod
516 2198 543 2246 vi
556 2202 602 2245 aut
616 2198 649 2246 oi.
663 2207 698 2257 44,
713 2206 747 2245 44.
767 2194 846 2245 uerba
861 2190 959 2257 ‘simpli
968 2195 1038 2242 litem
1047 2193 1124 2242 aesti-

158 2264 311 2335 mondam’.)
336 2268 431 2319 Postea
450 2269 544 2326 iudex,
563 2267 634 2331 opud
653 2281 725 2331 quem
739 2267 772 2315 de
785 2281 816 2315 eo
835 2280 865 2314 re
882 2266 985 2329 apitur,
1004 2265 1126 2328 requirit,

159 2354 193 2387 an
204 2354 265 2388 reus
273 2346 366 2388 eontra
375 2340 486 2388 edictum
494 2339 628 2402 praetoris
635 2352 687 2387 non
694 2338 841 2387 restituerit
849 2343 953 2387 autnon
962 2334 1126 2392 extimuerit,-

160 2416 184 2459 et
202 2411 227 2458 si
247 2410 388 2459 secundum
410 2416 524 2460 actorem
547 2410 691 2459 iudicatum
713 2410 777 2468 erit,
799 2408 984 2457 aduersarium
1004 2422 1127 2455 summam

159 2481 309 2544 sponsionis
322 2487 347 2529 et
360 2480 385 2528 si
398 2494 450 2529 non
464 2482 611 2529 restituerit
625 2482 667 2529 uei
676 2495 727 2530 non
737 2478 894 2538 exhibuerit,
909 2478 1126 2527 etiamsecutorio

161 2550 260 2601 iudicio
275 2551 438 2610 condemnat,
457 2558 572 2601 actorem
586 2566 649 2601 uero
668 2550 876 2615 restipulationis
889 2548 1015 2606 absoluit;
1033 2548 1127 2614 quodsi

159 2621 300 2671 secundum
314 2637 386 2671 reum
405 2623 573 2682 indicauerit,
591 2623 661 2673 bunc
679 2623 828 2686 sponsionis
846 2628 871 2670 et
887 2621 1015 2670 secutorii
1033 2620 1128 2669 iudicii

160 2691 285 2752 absoluit,
304 2700 418 2745 actorem
433 2709 495 2745 uero
510 2694 719 2758 restipulationis
733 2693 893 2744 condemnat.
908 2718 941 2727 -
956 2690 1029 2740 Hinc
1046 2689 1127 2740 Gaius

161 2764 198 2812 ad
207 2763 386 2827 prohibitoria
401 2766 542 2815 interdicta
552 2766 690 2815 transitum
699 2765 803 2814 uidetur
811 2764 917 2827 secuse,
932 2764 970 2811 ito
980 2769 1009 2813 ut
1014 2763 1127 2826 primum

162 2836 194 2885 de
208 2834 368 2899 simplicibus
377 2844 475 2903 operat,
489 2838 583 2887 deinde
594 2837 625 2888 de
635 2835 792 2900 duplicibus,
806 2834 842 2884 ad
851 2849 917 2899 quac
925 2840 1051 2896 spectant,
1061 2846 1128 2897 puae

162 2908 189 2955 in
196 2922 224 2971 p.
235 2918 283 2957 444.
294 2913 451 2959 tractantur.
474 2909 636 2959 Accuratius
646 2922 707 2958 vero
718 2906 781 2970 quid
795 2907 823 2954 in
833 2920 861 2968 p.
872 2916 920 2956 444.
930 2911 956 2955 et
964 2916 1013 2957 uit.
1032 2905 1128 2954 dictum

159 2978 253 3041 suerit,
267 2978 348 3029 donec
359 2980 518 3043 fortioribus
527 2980 649 3029 remediis
658 2976 783 3028 adhibitis
792 2978 875 3041 ptura
884 2978 970 3042 tepere
981 2975 1129 3041 eontiperit,

163 3065 195 3098 ne
205 3051 356 3100 coniectura
366 3052 467 3116 quidem
477 3054 642 3116 aliquatenus
651 3047 785 3113 probabili
794 3048 900 3112 definiri
909 3054 1004 3110 potest,
1018 3047 1129 3097 maxim

163 3175 187 3236 9.
202 3187 222 3226 s.
242 3174 275 3223 D.
290 3176 361 3241 quoii
374 3179 423 3242 lep.
438 3174 483 3243 (44,
498 3173 531 3243 o).
549 3175 582 3225 L.
597 3186 618 3227 o.
633 3176 657 3236 ξ.
673 3186 706 3225 44.
726 3172 759 3223 Ι).
771 3172 803 3223 de
816 3171 866 3224 tab.
876 3172 936 3221 ent.
952 3168 998 3239 (44,
1013 3168 1045 3235 s).
1064 3170 1096 3218 L.
1107 3181 1128 3220 4.

163 3246 187 3306 §-
201 3257 236 3297 44.
256 3246 289 3296 D.
304 3262 336 3296 ne
350 3248 415 3311 quid
427 3248 454 3296 in
471 3250 527 3298 loco
538 3262 566 3310 p.
582 3244 627 3312 (tu,
641 3244 674 3312 8).
693 3245 726 3294 L.
742 3256 763 3295 1.
780 3246 803 3307 ξ.
818 3255 853 3295 44.
873 3243 904 3294 L.
918 3255 939 3294 6.
955 3253 989 3295 44.
1009 3242 1042 3291 D.
1057 3242 1089 3291 de
1103 3242 1130 3290 oi

163 3314 209 3382 (is,
224 3315 270 3383 ro).
290 3317 321 3366 L.
333 3328 367 3370 44.
387 3319 426 3380 55.
442 3330 524 3369 r—rs.
545 3317 577 3368 L.
587 3328 621 3367 44.
637 3318 660 3378 §-
671 3328 692 3368 s.
707 3316 739 3365 D.
751 3316 820 3380 quod
833 3316 859 3364 oi
873 3313 919 3381 (44,
929 3311 974 3381 m).
989 3313 1022 3362 L.
1037 3323 1057 3364 s.
1073 3314 1097 3374 ξ.
1108 3321 1128 3361 4.

163 3387 195 3437 D.
209 3388 242 3436 de
252 3403 359 3451 precor.
374 3387 424 3453 (43,
439 3386 483 3455 it).
503 3387 536 3436 L.
547 3399 580 3439 os.
600 3387 633 3435 D.
649 3388 681 3436 de
695 3388 736 3436 rei
749 3386 819 3435 vind.
835 3386 872 3451 (u,
887 3383 919 3450 1).
941 3384 985 3432 cel.
1000 3378 1129 3449 iudicium]

164 3458 199 3521 cf.
215 3458 255 3519 ἐξ.
270 3468 318 3510 itt.
333 3470 380 3510 tsi.
401 3455 508 3508 ‘Gaius'
521 3473 549 3521 p.
564 3468 604 3509 non
618 3472 670 3522 seq.
728 3452 754 3525 ξ.
771 3456 830 3507 165.
845 3455 890 3519 ssf.
905 3457 929 3517 ξ.
944 3466 991 3505 444.
1014 3454 1067 3504 Oic.
1077 3468 1130 3516 pro

166 3528 240 3577 Coeo.
254 3540 274 3580 s.
289 3540 323 3580 44.
338 3541 372 3581 44.
392 3544 445 3593 pro
463 3528 528 3581 Tati.
544 3540 578 3580 so.
593 3538 628 3580 sn.
647 3528 684 3577 od
702 3526 753 3577 die.
769 3539 795 3589 4,
810 3538 844 3578 44.
870 3524 1012 3586 Quinum.
1030 3522 1058 3573 0.
1074 3536 1095 3587 a,
1109 3534 1131 3575 o.

163 3598 187 3658 5.
201 3609 222 3648 s.
242 3598 302 3648 Lea
316 3598 397 3649 Rubr.
413 3616 435 3650 c.
451 3612 485 3651 su.
