2542 3909
355 222 412 258 oon
429 222 523 258 masma.
542 205 588 257 ΙΙΙ.
608 211 755 259 tna-124.
968 206 1028 271 317

78 353 154 425 tlegis
174 351 299 423 Apuleiae
319 350 478 408 beneficium
504 353 639 425 supersit;
665 361 692 408 et
718 353 811 424 utique
837 358 912 408 extra
933 352 1033 410 ltaliam

90 442 222 508 superest;
237 451 299 490 nam
314 434 357 490 les
374 435 483 508 quidem
498 434 577 492 Furia
593 445 696 492 tanturn
713 436 740 491 in
756 435 834 492 ltalia
852 437 937 505 ualet,
962 438 1033 509 Apu·

89 520 137 576 leia
155 535 218 575 nero
239 520 318 574 etiam
338 519 366 574 in
394 520 491 576 ceteris
511 521 669 593 prouinciis.
707 527 749 576 set
768 536 801 575 an
822 517 860 576 'et
878 523 909 576 ia
930 514 1032 576 Italia¹

88 601 241 660 beneficium
255 602 325 675 legis
336 601 463 675 Apuleiae
473 604 602 676 supersit,
617 603 695 660 ualde
706 603 863 678 ’quaeritur.
890 619 986 660 uerum
1001 603 1034 660 ad

87 679 286 758 fideiussores²
301 686 344 741 lex
367 686 478 759 Apuleia
500 703 554 742 non
570 689 700 760 pertinet:
723 689 814 760 itaque
829 690 852 743 si
867 687 986 744 creditor
1002 687 1034 744 ab

90 787 141 826 nno
157 779 241 826 totum
262 778 425 826 consecutus
448 770 545 838 luerit,
569 770 649 827 liuius
664 771 750 828 solius
766 771 956 828 detrimentum
972 775 1034 843 erit,

89 854 186 910 scilicet
199 855 222 908 si
237 855 270 924 is,
286 870 336 926 pro
352 869 406 925 qno
422 851 564 925 fideiussit,
580 854 713 910 soluendo
727 871 782 911 non
798 857 847 912 sit:
863 855 911 910 sed
927 862 958 912 ut
973 871 1012 913 ese
1030 849 1033 932 )

89 954 165 1010 supra
180 936 257 992 dictis
272 945 393 1009 apparet,
409 938 443 1007 is,
457 954 473 992 a
488 954 542 1010 quo
557 937 676 993 creditor
692 946 780 994 totum
795 941 873 1012 petit,
886 941 988 1012 poterit
1003 956 1035 996 ex
1046 940 1105 988 161·

89 1021 198 1094 epistula
220 1020 274 1075 diui
295 1019 420 1076 Hadriani
444 1021 613 1090 desiderare,
640 1029 670 1076 ut
690 1038 739 1094 pro
761 1031 837 1094 parte
857 1024 886 1078 in
906 1038 935 1078 se
956 1023 1035 1078 detur

88 1107 163 1163 actio.
206 1100 271 1161 123.
293 1103 436 1162 Praeterea
451 1105 513 1178 lege
529 1098 664 1162 Cicereia³
686 1114 792 1161 cautum
814 1114 872 1176 est,
888 1112 918 1160 ut
933 1105 971 1176 is,
987 1108 1034 1180 qui

87 1204 231 1262 sponsores
255 1196 303 1244 aut
327 1185 559 1261 fidepromissores
585 1189 713 1261 accipiat,
739 1189 873 1262 praedicat
899 1189 986 1262 palam
1008 1198 1035 1246 et

86 1272 217 1344 declaret,
237 1281 265 1327 et
285 1271 317 1326 de
338 1288 390 1344 qua
411 1288 440 1327 re
459 1273 526 1328 satis
547 1275 673 1344 accipiat,
695 1281 723 1328 et
744 1280 811 1346 quot
824 1288 972 1347 sponsores
988 1282 1036 1331 aut

87 1354 317 1428 lidepromissores
337 1357 365 1411 in
386 1372 443 1412 eam
465 1355 657 1429 obligationem
680 1365 838 1429 accepturus
858 1358 910 1424 sit;
937 1366 964 1412 et
984 1358 1036 1413 nisi

86 1438 260 1511 praedixerit,
271 1440 436 1512 permittitur
451 1437 629 1512 sponsoribus
644 1449 672 1495 et
687 1438 950 1513 fidepromissuribus
965 1443 1036 1496 intra

85 1523 154 1578 diem
172 1539 243 1580 xxx.
265 1522 456 1596 praeiudicium
478 1522 633 1597 postulare,
655 1539 708 1596 quo
725 1533 888 1596 quaeratur,
909 1541 942 1581 an
957 1541 990 1580 ex
1006 1540 1036 1580 ea

86 1606 146 1680 lege
161 1606 328 1680 praedictum
343 1607 394 1680 sit;
418 1609 489 1662 etsi
511 1607 656 1662 iudicatum
680 1607 775 1678 luerit,
798 1607 965 1682 praedictum
985 1608 1035 1665 'itu

84 1684 161 1746 uon⁴
183 1705 260 1760 esse,
283 1688 438 1744 liberantur.
477 1707 527 1762 qna
548 1690 608 1762 lege
631 1688 819 1746 fideiussorum
841 1695 942 1749 mentio
962 1691 1036 1748 nulla

85 1773 129 1841 sit;
144 1772 190 1827 sed
203 1774 230 1829 in
243 1789 294 1828 nsu
305 1779 357 1848 est,
369 1775 449 1828 etiam
463 1774 487 1828 si
502 1772 675 1829 fideiussores
688 1775 858 1849 accipiamus,
874 1776 1035 1850 praedicere.

147 1853 211 1912 124.
233 1855 286 1911 Sed
307 1855 467 1912 beneficium
488 1857 560 1930 legis
581 1855 721 1914 Corneliae
744 1847 867 1915 omnilius
893 1875 1035 1917 commuue

84 1948 139 1995 est:
155 1957 208 2013 qua
223 1940 284 2013 lege
300 1939 369 1996 idem
382 1957 433 2014 pro
444 1939 540 1996 eodem
555 1942 628 2013 apud
642 1941 757 1997 eundem
772 1942 866 1998 eodem
878 1959 949 2000 anno
960 1952 1035 2000 ueta·

84 2032 129 2079 tnr
144 2025 171 2080 in
186 2023 344 2097 ampliorem
360 2040 490 2079 summam
506 2023 619 2097 obligari
634 2024 751 2080 creditae
770 2027 899 2100 pecuniae
914 2043 992 2102 quam
1009 2027 1035 2082 in

82 2125 124 2164 xx
140 2107 229 2176 milia;
252 2115 280 2163 et
302 2109 424 2180 quamuis
446 2123 592 2180 sponsores
615 2108 658 2164 uel
678 2111 855 2181 promissores
878 2109 944 2182 '(uel
965 2111 1035 2181 fide·

82 2184 241 2261 iussoresi⁵
259 2193 289 2246 in
308 2190 420 2263 amplam
440 2192 596 2264 pecuniam,
623 2191 701 2248 uelut
718 2195 873 2249 sestertium
894 2209 912 2252 n
933 2189 1036 2248 milium

82 2290 114 2330 se
135 2275 338 2345 obliquitatum,
354 2275 458 2330 'taurea
479 2277 624 2332 duntaxat
639 2273 686 2326 Π
705 2269 873 2340 tenentum-⁶
896 2279 1036 2350 pecuniam

82 2387 296 2399 ———

156 2437 176 2505 ¹)
190 2441 267 2508 etiam
282 2441 332 2508 alls
350 2437 398 2489 11³²
412 2444 483 2490 etiam
493 2441 541 2507 (in)
557 2444 626 2492 ltalia
636 2445 676 2492 ed.
687 2441 759 2492 stud.
812 2439 833 2508 ²)
851 2443 943 2494 Ultimo
958 2444 1035 2494 verba

80 2529 199 2589 supplevi
203 2545 213 2582 ,·
227 2528 350 2589 scriptum
363 2527 446 2589 fuisse
457 2531 563 2590 putaui:
577 2530 662 2592 qrit'ur
677 2531 706 2579 ad
721 2533 748 2591 sr3
763 2547 827 2594 quae
832 2535 965 2594 posterior
975 2540 1036 2582 nota
1081 2519 1087 2532 ¹

79 2599 214 2659 reperitur
228 2599 255 2645 ia
270 2599 404 2646 laterculis
417 2597 529 2648 Einsidl.
561 2597 707 2659 Quaesitum
718 2601 801 2662 fuisse
816 2603 874 2653 ideo
884 2611 957 2665 puto,
968 2604 1037 2667 quod

79 2669 124 2714 lex
140 2667 224 2715 Furia
240 2683 295 2716 eum
311 2674 402 2729 purten
418 2668 482 2716 dure
498 2671 623 2728 iusserat,
644 2670 793 2734 quibusdum
810 2672 988 2738 obliquationem
1007 2675 1035 2722 iu

78 2738 190 2786 solidum
209 2739 342 2786 sustulisse
361 2753 412 2786 uon
431 2739 573 2788 uidebatur.
652 2737 673 2806 8)
688 2739 746 2790 Hoc
766 2743 831 2807 lepis
846 2758 947 2802 nomen,
967 2744 1037 2808 qaod

78 2809 163 2870 primo
178 2810 328 2871 suspicatus
341 2823 420 2870 eram,
432 2811 547 2871 firmauit
565 2810 592 2859 V
593 2806 627 2868 ΒΕ·
637 2818 698 2874 posl
711 2801 842 2866 edideram
856 2813 974 2877 Pompeia.

79 2875 101 2942 ⁴)
116 2893 172 2927 nam
189 2878 215 2927 0.
231 2893 279 2928 non
294 2878 351 2927 edd.
417 2877 438 2943 ὅ)
452 2879 555 2928 Addidi
570 2877 676 2930 ‘Gaius'
692 2897 721 2944 p.
737 2894 770 2932 91.
838 2879 860 2950 6)
876 2883 1034 2934 Restituiib.

78 2949 100 2994 si
115 2963 178 2997 nero
194 2948 264 3012 quod
278 2947 303 2998 0.
318 2948 466 2998 hebetante
480 2965 512 2998 ss.
528 2965 597 3000 nune
611 2952 745 3001 delendum
764 2953 826 3002 milii
843 2955 923 3002 visum
942 2961 992 3010 eet.
1011 2960 1036 3003 et

78 3033 127 3078 pro
144 3014 307 3068 ‘damnatur’
323 3035 380 3068 cum
394 3020 433 3068 ed.
448 3019 521 3069 stud.
535 3023 633 3084 scripsi
649 3019 800 3072 ‘teneatur'.

149 3179 176 3252 ξ.
193 3187 253 3236 123.
273 3186 324 3248 lege
339 3183 458 3255 Cicereia]
471 3187 516 3237 Aa
531 3203 555 3236 a.
570 3190 627 3240 581?
645 3188 702 3238 Liv.
713 3201 747 3247 42,
762 3201 782 3240 t.
798 3201 830 3240 21.
853 3190 891 3253 Cf.
906 3189 991 3240 Seiani.
1007 3193 1035 3239 iu

78 3254 129 3304 Cic.
146 3262 217 3305 orat.
233 3258 260 3304 iu
277 3256 347 3306 ezod.
367 3264 392 3306 et
411 3257 469 3306 Gur.
485 3273 514 3321 p.
529 3269 576 3309 833.
599 3257 676 3310 Orell.
745 3255 769 3328 ξ.
791 3261 848 3310 124.
875 3261 932 3323 legis
952 3258 1034 3328 Corn]

78 3326 192 3375 ‘creasse
216 3342 241 3375 a.
261 3343 285 3376 u.
305 3339 352 3379 666.
385 3328 423 3390 Cf.
445 3328 511 3377 Fert.
531 3345 553 3377 v.
577 3328 703 3379 [luciaria
718 3345 745 3393 p.
766 3341 812 3382 375.
844 3331 882 3380 De
901 3348 930 3380 re
949 3332 980 3380 L.
1000 3344 1034 3383 49.

78 3397 95 3456 ξ.
116 3408 137 3445 1.
160 3397 196 3445 D.
214 3397 247 3446 de
263 3398 335 3459 fidei.
356 3396 453 3463 (46,1).
472 3399 504 3448 L.
522 3411 554 3449 24.
577 3399 609 3448 D.
627 3400 658 3448 de
673 3400 759 3449 donat.
778 3400 825 3464 (39,
843 3400 874 3465 5).
899 3402 1034 3452 Plutarch.

78 3466 152 3515 Caes,
167 3480 201 3516 11.
224 3467 318 3516 Antea.
334 3481 354 3519 2.
374 3470 478 3518 creditae
493 3466 620 3537 pecuniae]
637 3471 671 3533 cf.
687 3470 718 3520 L.
735 3483 754 3520 1.
774 3471 805 3519 L.
823 3483 843 3521 2.
859 3473 898 3532 ἐξ.
914 3484 982 3524 8-5.
1002 3472 1033 3521 L.

78 3547 174 3588 tt-ne.
197 3538 230 3586 D.
246 3538 278 3587 de
291 3537 343 3588 reb.
360 3540 429 3589 cred.
446 3539 490 3606 (12,
506 3538 536 3605 1).
557 3540 588 3590 L.
604 3552 643 3591 178
653 3557 696 3604 pr.
713 3553 759 3591 222.
784 3541 815 3589 D.
837 3541 868 3590 de
883 3541 951 3594 verb.
966 3544 1034 3608 sipa.
