2542 3909
431 253 497 288 tvm
515 252 611 289 ennom
629 253 700 288 esur.
719 235 752 288 II.
772 241 814 289 31.
1037 231 1103 296 489

148 380 177 441 2.
200 383 346 439 Fortorum
362 398 462 456 genera
475 390 540 438 sunt
554 389 697 454 quattuor:
719 381 869 452 manifesti,
890 399 940 440 nec
955 384 1100 454 manifesti,

149 469 275 540 concepti
290 475 317 522 et
333 466 425 522 ohiati.
462 467 621 522 manifestus
636 466 681 521 iun
696 474 747 538 est,
764 467 851 539 quiin
868 467 989 524 iaciendo
1005 468 1101 542 depre-

150 554 250 608 hensus
266 560 316 620 est,
334 559 362 605 et
377 552 424 622 qui
438 550 508 605 iutra
524 551 651 606 termines
667 551 724 606 eius
739 549 802 619 loci,
819 551 890 606 unde
905 551 968 624 quid
984 551 1102 609 sustule-

149 643 201 704 rat,
224 635 294 690 ’cum
309 651 339 690 re
354 626 559 707 deprehensus¹
582 642 635 706 est,
658 634 704 690 uel
719 643 862 707 autequam
877 635 909 690 ad
926 650 986 690 eum
1002 636 1102 709 locum,

150 735 205 792 quo
227 716 281 790 ’ico
295 712 370 789 die)²
392 718 583 787 destinauerat,
600 711 790 791 ’peruenerit.³
820 735 869 774 uec
885 719 1043 776 manifestus
1059 721 1104 777 iur

149 811 201 873 est,
218 804 264 875 qui
280 803 307 858 iu
323 801 446 858 iaciendo
462 801 568 874 quidem
584 795 661 874 ’(uei)
678 817 739 858 cum
756 798 806 876 (re)
823 797 1028 875 deprehensus⁴
1048 821 1102 860 uon

149 895 207 958 est,
231 887 280 942 sed
301 879 435 941 'iurtom⁵
455 885 552 940 iecisse
575 886 668 958 negari
694 901 749 942 uon
770 893 873 958 potest.
921 882 952 943 8.
973 885 1102 961 Concepit

149 973 255 1028 actione
269 971 293 1025 is
309 977 433 1040 tenetur,
455 968 526 1042 apud
541 983 620 1042 quem
636 969 737 1025 iurtum
754 971 905 1042 quaesitum
921 978 948 1026 et
963 971 1103 1027 inuentum

149 1064 207 1111 est:
230 1053 312 1110 oblati
335 1054 440 1110 actione
455 1054 478 1107 is
500 1061 624 1123 tenetur,
647 1055 693 1126 qui
717 1068 774 1108 rem
790 1052 917 1109 iurtiuam
933 1053 977 1110 alii
993 1053 1103 1127 obtulit,

149 1154 184 1194 ne
206 1137 278 1213 apud
299 1153 329 1192 se
350 1137 529 1192 inueniretur.
573 1132 603 1191 4.
626 1135 702 1192 Furti
724 1138 829 1193 actione
851 1138 874 1192 is
897 1152 978 1209 agere
999 1145 1103 1210 potest,

150 1223 227 1278 cuius
250 1223 381 1290 interest,
409 1237 465 1274 rem
496 1236 550 1275 non
579 1214 716 1291 'perisset
768 1216 797 1277 5.
819 1219 949 1294 Concepti
975 1222 998 1277 is
1021 1237 1104 1296 agere

150 1315 254 1380 potest,
269 1306 387 1378 quirem
401 1305 525 1376 concepit
542 1295 611 1378 [iiiii
628 1295 688 1358 est⁷
709 1297 836 1381 iuuenitl.
881 1303 963 1360 oblati
984 1306 1006 1361 is
1022 1321 1104 1379 agere

151 1396 259 1462 potest,
283 1404 366 1461 penes
392 1403 472 1460 quem
498 1403 542 1440 res
567 1394 698 1460 concepta
722 1380 798 1464 ['(id)
820 1381 882 1443 est⁸
903 1382 1027 1466 inuenta]
1051 1397 1102 1446 est.

149 1469 181 1530 θ.
204 1466 355 1529 inanirent
369 1471 436 1527 furti
451 1472 521 1548 actio
534 1478 564 1526 et
577 1487 629 1526 nec
644 1471 779 1528 manifesti
794 1479 822 1526 et
837 1473 960 1546 concepti
976 1481 1004 1528 et
1019 1472 1103 1530 obiati

151 1556 243 1612 heredi
258 1555 367 1629 quidem
382 1555 523 1628 competit,
538 1555 625 1610 sedin
641 1555 766 1611 heredem
781 1571 838 1611 uon
848 1555 937 1613 datur.
971 1551 998 1612 7.
1015 1551 1104 1613 ¹⁰Ser·

151 1657 220 1711 uus,
242 1641 289 1712 qui
311 1639 414 1694 furtum
436 1637 533 1694 iecerit
553 1637 714 1694 damnumue
729 1638 850 1710 dederit,
873 1641 926 1696 nisi
940 1641 966 1697 id
989 1659 1040 1716 pro
1062 1643 1104 1696 sui

152 1726 302 1796 quantitate
323 1722 449 1778 domiuus
471 1723 571 1778 sarcire
592 1725 629 1778 sit
651 1731 776 1796 paratus,
810 1739 895 1780 noxae
917 1723 978 1780 dedi
1000 1733 1104 1799 potest.

150 1805 182 1868 8.
206 1801 266 1862 ¹¹Si
288 1822 385 1862 seruus
406 1805 509 1861 iunium
523 1805 629 1876 iecerit,
652 1806 748 1863 deinde
769 1809 948 1863 manumissus
963 1808 1044 1880 inerit
1059 1817 1106 1866 aut

151 1892 298 1962 alienatus,
320 1906 382 1946 cum
395 1892 456 1962 ipso
471 1892 634 1945 manumisso
651 1890 695 1945 uei
710 1899 832 1963 emptore
847 1893 890 1964 agi
905 1898 1012 1964 potest3
1034 1907 1105 1948 nona

152 1977 223 2032 enim
244 1982 325 2048 caput
347 1976 479 2046 sequitur.
522 1969 553 2029 9.
577 1966 806 2029 ¹²Fiiiusiamiiias
827 1975 851 2029 si
873 1975 977 2030 furtum
998 1974 1105 2046 iecerit,

152 2059 250 2116 deinde
265 2059 458 2130 emancipetur,
474 2055 539 2111 iusti
554 2058 625 2112 actio
641 2057 668 2112 in
684 2072 745 2112 eum
757 2056 851 2126 datur3
867 2058 928 2129 quia
940 2059 967 2113 iu
980 2058 1105 2114 omnibus

152 2160 221 2201 noxa
236 2151 316 2216 ceput
331 2143 466 2214 sequitur.
502 2136 549 2197 10.
573 2133 664 2196 ¹³Nou
686 2147 790 2196 tantum
814 2142 861 2212 qui
876 2140 978 2196 iurtum
1000 2142 1105 2214 iecerit,

152 2229 200 2283 sed
222 2228 302 2283 etiam
318 2229 356 2294 is,
378 2227 454 2280 cuius
475 2217 573 2297 ’ope¹⁴
587 2233 634 2279 aut
649 2225 763 2280 oonsilio
778 2223 880 2280 iurtum
896 2224 997 2281 iactum
1012 2224 1105 2297 inerit,

77 2312 217 2367 [mensurii
232 2312 339 2366 actione
353 2301 511 2365 'tenetur.¹⁵
556 2301 627 2365 ¹⁸11.
650 2308 699 2366 liei
712 2308 898 2378 hereditariae,
914 2315 1056 2381 antequem
1073 2309 1106 2364 ab

151 2394 251 2451 herede
266 2393 448 2468 possideatur,
463 2393 565 2449 iustum
580 2392 638 2450 fieri
650 2407 704 2448 uon
716 2400 817 2465 potest.
856 2386 910 2470 [12.
929 2383 1008 2460 ¹⁷uut
1019 2409 1105 2449 mere·

225 2679 245 2746 ¹)
260 2681 423 2744 deprehensus
439 2679 500 2729 cod.
511 2679 569 2728 edd.
580 2679 631 2727 vid.
645 2679 734 2728 Collat.
787 2675 808 2746 Ι)
822 2679 937 2737 Addidi:
950 2681 1002 2731 uid.
1015 2681 1105 2732 Collot.

153 2749 175 2818 ⁸)
191 2753 281 2802 Cotini.
296 2759 322 2800 et
336 2751 398 2800 cdd.
417 2761 500 2812 usuc.
524 2750 662 2812 perueniret
682 2749 743 2798 cdd.
761 2751 855 2814 pleriq.
877 2751 934 2800 edd.
1000 2748 1022 2817 ⁴)
1045 2751 1105 2801 Viri.

153 2823 243 2873 Outioi.
263 2822 425 2885 deprehensus
445 2821 508 2870 cdd.
526 2820 583 2869 edd.
655 2817 676 2884 ¹⁵)
695 2834 749 2872 eum
770 2821 857 2869 furtum
880 2821 941 2870 Gdd.
963 2822 1021 2870 edd.
1046 2822 1105 2873 Vid.

154 2893 244 2943 Coitae.
310 2889 388 2958 ⁶)Itu
404 2891 466 2942 cdd.
477 2905 563 2954 paene
576 2904 669 2939 omnes.
700 2890 738 2953 Cf.
754 2892 777 2952 §-
793 2903 826 2942 1s.
846 2891 980 2954 perdidisse
994 2892 1052 2941 edd.

153 2961 175 3029 i)
190 2971 214 3012 et
228 2963 291 3012 cdd.
305 2963 365 3012 edd.
422 2959 444 3027 θ)
458 2968 483 3010 ei
498 2961 559 3010 cdd.
574 2961 632 3010 edd.
660 2959 696 3010 Ei
709 2961 752 3010 hic
766 2968 848 3011 tumen
862 2969 887 3010 et
900 2967 976 3010 antea
989 2961 1067 3011 uerba
1083 2963 1107 3012 id

152 3043 190 3084 est
204 3035 299 3083 inuenta
313 3031 350 3097 (id
363 3040 401 3082 est
414 3030 515 3095 inuenit)
530 3034 557 3080 in
569 3033 731 3095 glossematis
743 3033 915 3094 suspicionem
928 3033 1039 3082 ueniunt.

152 3102 181 3171 1ἱ),
196 3105 234 3168 Cf.
254 3105 286 3153 L.
306 3117 326 3155 1.
350 3104 383 3152 D.
403 3103 434 3153 de
449 3105 520 3166 prio.
539 3103 588 3151 dei.
608 3101 658 3166 (47,
678 3099 708 3167 ι).
735 3101 766 3150 l..
780 3112 815 3152 ut.
839 3102 872 3150 D.
887 3101 996 3164 deseri.
1011 3101 1060 3168 (e't,
1075 3101 1106 3169 2).

152 3175 184 3225 L.
201 3188 247 3226 111.
266 3177 290 3237 §-
305 3187 325 3224 1.
349 3174 382 3222 D.
396 3174 494 3223 dedic.
508 3188 562 3238 rep.
578 3177 628 3221 iur.
645 3171 694 3240 (50,
709 3170 755 3238 tt).
826 3168 858 3237 ¹⁰)
874 3171 993 3221 Paullum
1011 3179 1108 3223 mutatu

151 3253 225 3295 extat
239 3247 266 3294 in
280 3245 330 3294 Ed.
349 3244 472 3294 Theoder.
488 3255 534 3294 11⁷.
562 3243 600 3306 Cf.
615 3245 664 3308 lep.
681 3241 751 3293 Hom.
767 3241 848 3307 Bury.
867 3253 888 3294 4.
907 3249 933 3291 et
952 3241 1008 3292 uas.
1027 3253 1053 3303 4,
1072 3253 1106 3298 to.

154 3313 187 3379 ιι)
202 3315 286 3366 Extat
298 3322 396 3365 mutatu
409 3317 487 3364 etium
504 3316 532 3363 in
545 3313 595 3363 Ed.
614 3313 738 3363 Theodec.
753 3324 800 3364 120.
830 3312 868 3376 Cf.
886 3312 942 3362 eat.
957 3325 982 3371 ι,
1001 3323 1035 3364 ut.

153 3383 188 3452 ¹²)
204 3386 243 3449 Os.
260 3385 316 3436 Gai.
327 3389 343 3435 l.
354 3402 377 3436 c.
427 3381 459 3451 ¹⁸)
473 3385 511 3448 Cf.
524 3383 581 3434 Gai.
592 3395 613 3442 s,
623 3397 670 3435 soe.
719 3381 751 3450 ¹⁴)
762 3383 852 3448 Aliqui
864 3382 925 3432 odd.
937 3397 1009 3446 opere
1020 3385 1103 3448 pleri·

151 3471 199 3522 que
213 3464 238 3506 et
251 3457 309 3506 edd.
324 3456 437 3523 (sactum
450 3471 486 3505 ex
499 3469 545 3518 ope
559 3463 666 3518 accepta
680 3470 695 3518 p
706 3469 758 3518 pro
768 3453 846 3518 nutu).
896 3450 929 3519 15)
947 3454 1008 3503 Cdd.
1019 3469 1105 3518 paene

151 3542 243 3578 omnes.
268 3529 387 3576 tenebitur
399 3526 458 3576 edd.
511 3522 543 3590 ¹⁶)
558 3525 640 3574 EccO.
656 3525 713 3574 Vee.
735 3524 773 3588 Cf.
787 3524 843 3575 Gai.
854 3535 875 3582 u,
885 3535 932 3576 201.
981 3521 1014 3591 ¹⁷)
1029 3524 1108 3575 Recte

150 3597 219 3646 hanc
233 3596 388 3660 Interprctis
402 3597 553 3646 sententium
567 3609 631 3653 esse,
647 3595 768 3645 Ouiact'us
783 3596 889 3646 censuit.
919 3594 957 3658 Cf.
972 3597 995 3657 ὅ.
1010 3607 1044 3646 81.
