2542 3909
415 236 476 272 eurr
495 237 598 272 russin.
616 218 664 273 lv.
682 224 792 276 ao-ar.
1025 224 1089 289 355

127 381 210 455 captio
232 377 384 454 publicanis
406 379 583 453 uectigalium
604 378 775 454 publicorum
793 381 888 455 popull
908 378 1021 439 Romani
1042 382 1088 438 ad-

127 482 218 522 uersus
241 480 306 536 eos,
333 464 381 537 bui
409 463 501 537 aliqua
530 464 591 538 lege
619 465 764 538 uectigalia
792 465 931 526 deberent.
974 462 1023 528 29.
1050 466 1088 522 Ex

127 548 245 607 omnibus
267 556 358 605 autem
380 549 440 603 istis
463 550 551 604 causis
573 550 656 605 certis
679 550 770 606 uerbis
798 552 899 625 pignus
921 550 1087 625 capiebatur,

126 644 150 691 et
163 634 198 691 ob
214 634 240 690 id
256 632 394 708 plerisque
409 631 541 706 placebat,
559 632 627 690 hanc
642 650 753 707 quoque
767 638 901 692 actionem
917 635 988 710 legis
1004 639 1088 694 actio·

126 734 183 777 nem
199 736 274 789 esse3
299 717 458 792 quibusdam
481 727 571 775 autem
593 717 732 792 placebat,
754 716 846 795 '(tepr's
865 724 1007 779 actionem
1027 739 1088 781 nou

126 798 221 879 esse,)¹
237 806 353 877 primum
370 803 442 877 quod
462 802 584 876 pignoris
600 804 690 877 captio
705 813 781 861 extra
795 806 837 860 ius
853 804 1044 879 peragebatur,
1059 806 1087 861 id

126 896 165 945 est
180 905 235 944 non
251 890 325 962 apual
337 896 503 962 praetorem,
518 888 681 963 plerumque
696 890 778 944 etiam
789 888 900 946 absente
916 890 1086 961 aduersario,

125 989 181 1029 curu
196 973 315 1046 alioquin
336 974 435 1029 ceteris
455 970 607 1029 actionibus
623 989 678 1029 uon
699 972 778 1030 aliter
796 975 836 1030 uti
855 971 950 1047 ’(qur's)
970 967 1086 1048 posset²

125 1074 200 1131 quam
222 1060 297 1131 apud
315 1066 468 1131 praetorem
490 1066 634 1130 praesente
654 1058 825 1128 aduersari03
850 1067 991 1132 praeterea
1011 1059 1086 1133 quod

123 1142 225 1199 nefasto
242 1158 351 1217 quoque
367 1142 423 1213 die,
438 1141 464 1198 id
480 1150 530 1212 est,
548 1158 603 1216 quo
615 1157 670 1199 uon
686 1142 785 1199 licebat
799 1142 861 1217 lege
875 1160 969 1218 apere,
985 1145 1085 1217 pignus

125 1229 180 1301 capi
195 1236 313 1300 poterat.

182 1307 234 1367 30.
258 1310 306 1368 Set
334 1313 402 1367 istac
425 1327 520 1367 omnes
549 1310 618 1385 legis
641 1312 763 1368 actiones
788 1310 917 1385 paulatim
938 1312 966 1369 in
989 1311 1083 1369 odium

122 1403 271 1451 uenerunt:
291 1412 409 1469 namque
424 1412 455 1451 ex
472 1397 552 1452 nimia
564 1395 715 1452 subtilitate
729 1404 865 1469 ueterum,
882 1398 928 1472 qui
945 1405 1010 1454 tunc
1025 1398 1084 1453 iura

121 1479 308 1551 condiderunt,
324 1496 356 1537 eo
372 1498 415 1537 res
430 1479 560 1554 perducta
572 1488 623 1552 est,
640 1489 670 1536 ut
684 1480 728 1537 uel
741 1482 787 1554 qui
802 1482 942 1538 minimum
954 1490 1084 1554 errasset,

118 1566 193 1621 litem
210 1564 351 1638 perderet;
368 1567 461 1640 itaque
476 1582 527 1640 per
541 1564 629 1638 legem
641 1565 787 1622 Aebutiam
798 1574 827 1622 et
842 1565 908 1622 duas
923 1566 1004 1623 lulias
1020 1565 1083 1622 sub·

119 1648 187 1705 latae
202 1658 268 1705 sunt
282 1650 351 1706 istae
367 1650 436 1725 legis
452 1650 573 1706 actiones
586 1648 766 1724 effectumque
778 1658 829 1713 est,
845 1659 876 1708 ut
891 1667 941 1725 per
952 1660 1083 1725 concepta

49 1746 105 1799 {aas}
119 1733 211 1807 uerba,
232 1734 317 1790 idest
332 1751 381 1809 per
396 1734 528 1791 iormulas
543 1734 723 1809 litigaremus.
767 1730 813 1791 ³1.
836 1734 951 1792 Tantum
967 1752 999 1791 en
1015 1735 1081 1793 dua·

118 1815 168 1873 bus
190 1821 278 1881 causis
301 1820 464 1892 permissum
487 1811 549 1875 est³
569 1818 632 1893 lege
655 1833 755 1893 agere,
781 1819 871 1876 damni
893 1820 985 1877 inlecti
1008 1822 1082 1875 etsi

117 1903 312 1959 centumuirale
335 1903 462 1960 iudicium
485 1902 608 1960 lutrarum
631 1912 635 1966 Ι
660 1911 718 1973 est3
740 1918 860 1976 saneque
881 1921 942 1961 cum
965 1904 998 1959 ad
1019 1920 1082 1960 ceu·

118 1989 251 2043 tumuiros
273 1988 343 2066 itur,
366 1996 429 2045 aute
452 1988 514 2062 lege
536 1989 628 2061 agitur
642 1996 811 2044 sacramento
834 1991 909 2062 apud
928 1999 1082 2062 praetorem

116 2070 248 2128 urbanum
265 2071 308 2128 uel
331 2074 507 2147 peregrinum
528 2072 591 2147 ’pro
611 2064 678 2141 re;⁴
698 2070 788 2128 damni
803 2089 869 2128 uero
890 2073 983 2129 inlecti
1001 2090 1081 2130 nemo

115 2156 178 2212 uult
198 2156 260 2230 lege
282 2174 378 2231 agere,
402 2166 445 2213 set
464 2158 556 2231 potius
580 2156 767 2230 stipulatione,
789 2172 857 2229 quae
872 2158 900 2212 iu
914 2156 1003 2213 edicto
1019 2173 1083 2231 pro·

113 2239 207 2315 posita
230 2249 285 2316 est,
315 2241 418 2317 obligat
443 2242 628 2299 aduersarium
654 2240 759 2311 buum,
787 2235 891 2314 idque⁵
913 2249 942 2297 et
963 2257 1081 2298 commo·

112 2324 176 2381 dius
199 2327 240 2381 ius
263 2335 291 2382 et
312 2326 419 2400 plenius
442 2335 494 2384 est.
538 2342 587 2400 per
614 2326 739 2401 pignoris
756 2317 790 2403 Ι6
1093 2336 1149 2441 ξ99.

1106 2413 1144 2442 ‚fla

109 2491 328 2502 ———--.-.-.

190 2542 211 2612 ¹)
233 2546 392 2597 Gbscbeuum
417 2548 477 2611 fere
504 2554 608 2597 secutus
633 2547 766 2610 supplevi:
794 2546 909 2609 fortasse
936 2546 1083 2596 addendum

111 2625 187 2668 erat:
216 2614 335 2683 ‘ideoque
358 2619 407 2669 boc
426 2614 569 2682 placebat’.
598 2617 672 2682 (non)
695 2619 735 2667 uel
754 2615 869 2683 (contra)
892 2616 1001 2681 placebat
1023 2617 1082 2667 edd.

112 2685 135 2753 ²)
152 2698 256 2751 possent
265 2693 407 2754 pleraeque
422 2689 480 2739 edd.
495 2696 520 2739 et
533 2704 589 2738 mea
603 2702 622 2741 1.
652 2688 728 2738 Nune
745 2690 772 2737 iu
787 2689 841 2751 fine
854 2703 945 2737 uersus
960 2682 992 2755 q's
1006 2690 1082 2738 omis·

109 2776 168 2810 sum
188 2776 243 2811 esse
261 2764 349 2811 statut.
425 2757 445 2825 8)
467 2760 491 2812 O.
511 2762 618 2810 inserit:
637 2760 662 2809 iu
681 2759 742 2822 legis
755 2759 875 2808 actionem
888 2760 981 2822 iacere,
1000 2762 1082 2809 mani-

106 2832 207 2894 festam
223 2834 352 2898 glossema
371 2830 407 2895 (id
426 2854 460 2875 =
479 2832 503 2881 id
525 2830 586 2898 est),
615 2831 685 2896 quod
707 2832 765 2895 quis
782 2832 1018 2895 superscripserat,
1038 2833 1083 2896 qui

109 2902 193 2953 uerba
207 2904 259 2966 lege
274 2918 344 2966 agere
359 2904 391 2952 de
401 2904 459 2953 lure
469 2904 567 2953 iudicio
577 2902 759 2966 persequendo
769 2902 872 2952 omuino
886 2903 1082 2968 iutellipr'posse

107 2974 258 3025 verebatur.
310 2970 332 3041 4)
347 2988 376 3038 pr
391 2974 418 3026 0.
439 2972 599 3041 [praetorem]
618 2974 657 3024 ed.
675 2972 750 3022 Stud.
806 2970 888 3037 Μὶν
906 2969 963 3033 W,
982 2975 1010 3021 iu
1031 2989 1081 3036 quo

106 3052 197 3095 tamen
207 3061 260 3109 pro
274 3046 345 3110 idque
360 3052 399 3095 est
412 3046 470 3110 itat'p
536 3042 557 3112 ⁰)
572 3045 604 3094 Iu
618 3046 669 3095 baa
679 3060 752 3109 pap,
767 3058 833 3107 quae
847 3046 949 3095 omnino
963 3045 1017 3109 Iepr'
1029 3059 1081 3094 non

99 3119 204 3179 potuit,
222 3116 303 3167 Gaius
318 3118 419 3167 dixisse
433 3118 545 3176 uidetur,
555 3133 606 3181 per
615 3116 741 3181 piprroris
752 3129 852 3179 quoque
861 3117 994 3179 captorem
1004 3113 1081 3179 (quae

104 3204 144 3236 an
162 3190 228 3254 lepis
243 3190 312 3239 actio
327 3195 401 3247 esset,
416 3187 585 3238 dubitabatur
600 3190 622 3251 ξ.
637 3186 674 3253 29)
690 3188 718 3235 in
736 3186 778 3235 bis
792 3187 893 3250 causis,
910 3201 976 3250 quae
990 3186 1026 3235 ad
1039 3188 1081 3235 ius

102 3274 216 3310 sacrum
233 3262 398 3323 pertinerent
417 3259 453 3325 (ἕ.
472 3257 523 3325 us),
541 3260 668 3309 actionem
686 3256 812 3307 sublatam
831 3258 933 3321 quidem
945 3258 1080 3321 plerisque

101 3345 161 3381 nore
182 3332 270 3380 videri
288 3330 353 3397 (sive
372 3332 441 3396 quod
459 3332 486 3380 iu
506 3333 561 3397 lepe
575 3321 693 3380 Aebutia
702 3334 727 3378 et
739 3327 841 3378 duabus
854 3327 932 3378 Iuliis
945 3335 1080 3392 exceptum

98 3419 321 3431 ——-..-..

182 3453 207 3524 §.
226 3458 267 3508 29.
289 3456 327 3520 Cf.
348 3455 437 3506 Varro
452 3456 484 3504 de
498 3454 531 3505 L.
542 3455 574 3503 L.
585 3467 606 3517 o,
620 3466 643 3517 4,
658 3466 678 3505 t.
698 3455 779 3516 ἔξω.
789 3465 823 3505 oa.
844 3450 916 3503 Ouid.
933 3452 1002 3503 Fast.
1012 3465 1033 3514 t,
1043 3463 1078 3503 aa.

99 3526 229 3582 Macrob.
245 3526 299 3579 Sat.
314 3540 335 3590 1,
350 3538 384 3579 1s.
436 3523 461 3596 ξ.
477 3528 519 3577 30.
542 3526 580 3590 Of.
596 3539 616 3589 r,
631 3538 679 3577 ase.
693 3537 715 3588 t,
725 3538 759 3575 11.
782 3524 845 3576 (leti.
860 3536 894 3587 rs,
909 3537 942 3575 1o.
994 3520 1019 3593 ξ.
1035 3524 1078 3573 31.

101 3600 147 3663 Cf.
165 3600 191 3661 ξ.
206 3609 240 3651 uo.
263 3598 327 3648 Gell.
343 3610 377 3661 16,
392 3610 426 3649 ιο.
448 3598 500 3648 Cic.
512 3613 564 3661 pro
581 3598 654 3649 Caee.
669 3608 703 3648 aa.
718 3597 742 3658 ἕ.
756 3607 791 3647 aa.

822 3679 875 3732 23⁸
