2542 3909
426 235 484 272 niu
501 235 593 272 mana.
612 217 648 272 ΙΙ.
667 224 816 274 esa-eor.
1029 217 1094 283 279

146 374 229 423 totam
244 364 420 423 hereditatem
435 367 579 424 restituere
594 375 707 440 rogatus
722 367 773 437 sit,
795 366 871 424 locus
891 373 933 424 ert
948 366 1097 440 Pegasiano

145 448 405 509 senatusconsulto.
438 446 505 508 tat.
528 449 624 522 Setis,
639 451 685 523 qui
700 449 783 506 semel
800 451 894 508 adierit
908 451 1096 525 hereditatem,

144 537 166 592 si
181 533 264 590 modo
278 549 327 590 sue
341 531 483 591 uoluntate
498 534 602 604 adierit,
618 535 678 591 siue
692 535 834 614 retinuerit
846 543 967 608 quartem
979 543 1096 610 partem,

145 621 203 675 siue
217 617 337 674 noluerit
349 619 477 689 retinere,
494 620 552 691 ipse
564 619 691 675 uniuersa
703 633 784 674 onere
794 617 954 676 hereditaria
964 621 1096 676 sustinet:

145 712 188 759 set
205 710 299 776 quarta
319 701 428 774 quidem
449 709 553 758 retenta
573 703 650 775 quasi
670 703 757 775 partis
777 710 806 758 et
826 718 876 775 pro
892 711 970 776 perte
984 703 1096 777 stipula·

147 790 234 843 tiones
248 787 385 859 interponi
399 783 498 842 debent
514 794 649 858 tamquam
670 785 743 842 inter
763 787 919 858 partiarium
935 785 1096 860 legatarium

145 879 173 927 et
192 869 332 943 heredem;
355 869 379 924 sl
400 885 466 926 uero
488 877 572 926 totam
586 868 762 926 hereditatem
777 871 945 943 restituerit,
960 870 992 926 ad
1008 886 1097 927 crena·

145 954 218 1029 plum
229 962 321 1010 emtae
332 961 361 1008 et
372 952 500 1010 uenditae
509 953 666 1010 hereditatis
677 952 869 1026 stipulationes
880 953 1098 1027 interponendae

145 1047 217 1095 sunt.
258 1035 329 1095 258.
351 1036 399 1092 Set
418 1038 442 1094 si
460 1047 570 1094 recuset
590 1037 709 1110 scriptus
728 1037 808 1093 heres
833 1035 907 1092 adire
923 1037 1097 1094 hereditatem

146 1122 179 1178 ob
194 1121 231 1187 id,
248 1121 322 1194 quod
336 1120 423 1192 dicet,
445 1137 502 1176 earn
517 1120 568 1177 sibi
582 1129 737 1193 suspectam
761 1135 821 1176 erse
843 1122 919 1193 quasi
933 1120 1096 1193 damnosam,

145 1215 256 1262 cauetur
275 1205 428 1278 Pepusieno
448 1210 560 1262 senatus
580 1203 721 1274 consulto,
743 1210 774 1260 ut
795 1201 964 1262 desiderante
978 1220 1033 1275 eo,
1054 1207 1097 1262 cui

145 1291 291 1346 restituere
314 1297 428 1364 rogetus
447 1298 503 1360 cst,
529 1289 606 1344 iussu
624 1281 631 1366 l
649 1288 781 1361 praetoris
807 1287 884 1345 edent
908 1297 936 1344 et
961 1290 1095 1360 restituat,
1108 1290 1167 1338 121.

145 1372 312 1446 proindeque
332 1375 357 1428 ei
378 1379 406 1428 et
420 1373 449 1428 in
463 1388 543 1443 eum,
558 1374 605 1447 qui
626 1373 775 1445 receperit,
795 1374 913 1428 actiones
933 1371 1047 1446 dentur,
1067 1387 1098 1430 ac

75 1473 135 1520 [roe]
147 1457 214 1513 iuris
229 1465 271 1512 est
287 1471 318 1512 er
333 1464 442 1514 senatus
457 1457 583 1514 consulto
600 1455 784 1513 Trebelliano:
805 1471 860 1530 quo
876 1471 940 1512 cestr
954 1456 1035 1513 nullis
1050 1459 1098 1513 eti·

144 1539 328 1615 pulationihus
344 1556 413 1614 opus
428 1549 486 1613 est,
507 1541 570 1614 quin
582 1540 664 1596 simul
679 1549 707 1596 et
721 1541 799 1612 huic,
815 1541 861 1614 qul
875 1541 1003 1604 restituit,
1019 1555 1098 1597 recu·

145 1627 210 1682 ritas
226 1624 316 1696 datur,
330 1633 358 1681 et
372 1625 493 1682 actiones
503 1624 681 1682 hereditariae
696 1625 721 1679 ei
734 1632 762 1680 et
772 1624 800 1680 in
812 1639 873 1680 eum
887 1623 1097 1694 transferuntur,

145 1712 192 1782 qui
205 1708 338 1782 receperit
354 1708 542 1765 hereditatem.
586 1703 655 1766 269.
676 1707 747 1763 Nihil
763 1714 851 1764 eutem
867 1709 990 1778 interest,
1006 1716 1097 1764 utrum

145 1793 241 1866 aliquis
252 1809 285 1848 er
296 1807 356 1848 asse
366 1793 446 1848 heres
460 1785 625 1850 'institutus¹
641 1800 687 1848 aut
702 1798 786 1847 tutem
800 1791 975 1848 hereditatem
991 1800 1038 1849 aut
1047 1807 1097 1865 pro

147 1885 224 1949 parte
235 1879 380 1933 restituere
391 1884 517 1950 rogetur,
532 1892 566 1932 an
577 1892 610 1932 et
621 1881 698 1950 porte
711 1875 790 1930 heres
801 1875 943 1930 institutus
956 1884 1002 1931 aut
1013 1882 1098 1932 totam

146 1977 204 2017 eom
219 1968 322 2035 partem
337 1967 384 2016 aut
398 1961 482 2033 partis
497 1967 602 2034 partem
616 1961 760 2014 restituere
775 1967 898 2032 rogetur.
929 1974 990 2015 uam
1005 1967 1032 2014 et
1046 1957 1099 2016 huc

146 2060 210 2100 casu
225 2045 257 2100 de
279 2052 373 2118 quarta
393 2052 470 2116 parte
491 2045 548 2100 eius
569 2044 656 2117 partis
676 2042 744 2098 ratio
768 2058 802 2098 ex
816 2041 968 2116 Pegasiano
989 2051 1098 2100 senatus

146 2128 273 2186 consulto
288 2128 380 2184 heberi
395 2127 475 2184 solet.

209 2207 282 2270 260.
304 2211 399 2270 Potest
413 2219 502 2268 autem
517 2210 634 2284 quisque
656 2211 735 2266 etiam
757 2225 801 2266 res
824 2207 946 2284 singulas
961 2225 1009 2283 per
1024 2207 1099 2266 fidei·

146 2297 318 2354 commissum
327 2295 492 2370 relinquere,
499 2295 575 2352 uelut
584 2293 707 2364 fundum,
721 2293 867 2364 homiuem,
877 2302 991 2363 uestem,
1003 2309 1099 2368 argen-

147 2389 216 2453 tum,
232 2381 388 2454 pecuniem3
404 2388 432 2435 et
446 2378 492 2436 uel
506 2381 595 2452 ipsum
611 2377 738 2434 heredem
753 2393 866 2452 rogere,
881 2385 912 2434 ut
928 2377 1006 2434 elicui
1020 2379 1099 2434 resti·

148 2472 219 2535 tuat,
241 2463 286 2520 uel
300 2463 468 2538 legatarium,
490 2464 613 2536 quamuis
635 2479 651 2518 a
673 2461 804 2536 legatario
826 2461 910 2535 legari
925 2477 980 2518 non
1002 2463 1098 2536 possit.

147 2543 213 2606 261.
234 2547 299 2604 ltem
314 2555 406 2624 potest
421 2563 475 2603 non
490 2546 578 2603 solum
601 2547 714 2620 propr1a
735 2547 875 2602 testatoris
896 2561 940 2602 res
960 2561 1009 2619 per
1024 2543 1098 2603 fidei

147 2632 321 2688 commissum
335 2631 463 2705 relinqui,
478 2630 526 2687 sed
541 2631 623 2687 etiem
634 2629 743 2686 heredis
758 2638 804 2685 aut
813 2628 939 2704 legatarii
952 2639 998 2686 eut
1009 2630 1099 2686 cuius·

147 2715 214 2772 libet
234 2714 360 2774 alterins:
382 2717 474 2787 itaque
494 2721 522 2770 et
535 2714 683 2788 legatarius
698 2730 752 2770 non
768 2713 857 2770 solum
871 2712 904 2769 de
919 2728 949 2769 ea
964 2729 994 2769 re
1008 2714 1100 2787 rogari

145 2808 247 2873 potest,
270 2808 301 2856 nt
322 2815 381 2856 earn
402 2798 482 2855 alicui
497 2800 632 2869 restituat,
649 2813 717 2872 quae
740 2799 765 2854 ei
779 2796 870 2871 legate
892 2797 939 2869 ait,
955 2797 1099 2856 sedetiam

145 2933 358 2942 ————

220 3016 241 3087 ¹)
254 3021 391 3070 instituetur
409 3019 436 3068 V
436 3016 465 3068 ⁸².

217 3209 243 3282 5,
257 3215 319 3265 tut.
335 3236 369 3256 =
383 3215 407 3276 §-
422 3225 442 3266 o.
457 3213 480 3262 Ι.
495 3213 538 3262 eit.
560 3212 598 3275 Cf.
613 3211 645 3260 L.
661 3223 694 3263 21.
709 3222 743 3263 eu.
763 3211 794 3260 Ι).
810 3211 846 3261 ad
859 3209 905 3260 SC.
926 3209 997 3258 Tred.
1013 3207 1056 3274 (ec.
1068 3207 1098 3274 1).

144 3282 206 3346 Uip.
220 3295 254 3343 25,
269 3293 302 3335 15.
323 3284 399 3333 Paul.
413 3295 435 3343 t,
445 3295 465 3336 t.
481 3284 534 3345 §.h
552 3298 634 3346 supra
649 3284 671 3344 5.
682 3292 728 3333 254.
775 3278 800 3350 5.
811 3284 871 3332 258.
893 3280 931 3344 Os.
950 3279 1005 3343 lllp.
1020 3289 1098 3336 25,1u.

147 3353 433 3417 Paut.e,e.§§.r-t.
496 3349 934 3421 §.269.=§.e.1.h.t.(c,ns).
997 3346 1098 3418 §.tuh

145 3445 181 3466 =
195 3439 239 3487 pr.
254 3423 277 3473 1.
292 3425 324 3475 de
338 3428 405 3490 einp.
419 3424 473 3474 reb.
484 3440 512 3488 p.
525 3425 607 3487 fdcec.
623 3422 654 3489 (2,
669 3421 714 3488 24).
737 3423 774 3472 uel
794 3417 943 3488 legatarium]
965 3421 998 3483 es.
1013 3423 1036 3483 ξ.
1052 3429 1099 3470 271.

149 3493 316 3558 Utp.ce,so.
389 3491 415 3563 ἦ,
430 3497 576 3556 nerag.
592 3506 612 3545 1.
636 3493 659 3542 Ι.
678 3494 733 3544 eod.
757 3491 812 3556 Uip.
830 3503 869 3550 25,
888 3503 908 3544 u.
939 3491 1013 3542 Paul.
1032 3504 1057 3549 4,
1078 3501 1099 3541 1.

143 3565 185 3627 ἔθ’
200 3575 219 3615 ⁷·
233 3577 255 3616 ⁸·
