2542 3909
178 203 239 267 720
415 213 512 248 rursu.
531 213 584 248 1vs.
604 213 665 246 nou.
683 211 768 246 vsr1c.
789 197 883 245 9-17,

236 339 264 400 9.
289 335 426 398 ¹Creditor
441 357 455 395 a
469 339 591 396 debitore
605 339 704 412 pignus
718 348 792 395 reete
808 339 883 410 emit,
898 338 956 393 siue
971 332 1000 393 in
1016 335 1129 393 exordio

174 432 329 484 contractus
345 426 381 479 ita
397 425 534 494 conuenit,
550 425 609 480 siue
623 432 728 496 postea.
758 422 813 478 Nec
827 423 925 478 incerti
939 420 1020 493 pretii
1035 420 1128 476 uendi·
1140 437 1202 485 [see]

174 514 212 567 tio
227 508 372 579 uidebitur,
388 509 411 563 si
427 509 593 576 conuenerit,
610 515 641 562 ut
655 507 766 579 pecunia
781 506 883 562 tenoris
897 521 954 560 non
968 504 1057 560 soluts
1072 521 1129 561 cre·

175 594 247 650 ditor
261 594 320 649 iure
335 593 418 664 empti
433 591 578 646 dominium
598 592 729 660 retineat,
751 605 812 648 cum
834 591 916 646 sortis
938 597 967 644 et
988 605 1130 646 usurarum

175 679 310 751 quantitas
327 676 360 731 ad
375 675 445 730 diem
461 673 605 730 soluendae
620 675 748 747 pecuniae
763 675 952 747 praestitutam
966 680 1039 730 certa
1054 674 1099 727 sit.
1123 665 1127 748 )

70 753 166 827 [r]6⁰.e.
236 756 282 817 10.
307 754 446 832 ²lniquam
467 759 629 814 sententiam
649 749 762 814 'euictus
783 750 842 813 rei³
864 756 1014 830 periculum
1035 755 1130 812 uendi·

173 843 242 902 toris
263 860 318 900 non
341 851 463 916 spectare
485 841 598 916 placuit,
626 857 716 914 neque
737 840 939 914 stipulationem
961 841 1130 896 auctoritatis

174 928 353 986 committere.

236 1009 275 1070 ll.
299 1005 460 1081 lconuentr,
483 1008 516 1064 ad
530 1008 599 1065 diem
615 1010 704 1081 pretio
720 1025 775 1064 non
789 1007 892 1080 soluto,
911 1007 1048 1063 uenditori
1064 1006 1130 1062 alte·

174 1112 233 1152 rum
256 1103 359 1152 tantum
381 1093 521 1166 praestari.
566 1091 639 1164 quod
661 1086 799 1147 'usurum5
820 1091 993 1148 centesimam
1013 1090 1131 1164 excedit,

174 1183 202 1236 in
217 1179 337 1235 fraudem
348 1178 412 1232 iuris
428 1177 535 1232 uidetur
546 1175 675 1233 additum.
705 1175 815 1232 Diuersa
826 1191 905 1231 causa
916 1182 959 1230 est
972 1175 1132 1230 commisso·

174 1264 230 1319 riae
251 1263 334 1336 legis,
359 1276 418 1317 oum
434 1262 461 1314 in
476 1277 506 1316 ea
522 1261 611 1332 specie
625 1275 680 1314 non
696 1258 793 1316 laeuus
815 1259 946 1315 inlicitum
963 1264 1131 1329 exerceatur,

175 1347 222 1403 sed
237 1346 280 1402 lex
299 1336 478 1400 ’contrectent
495 1359 550 1398 non
566 1342 741 1415 inprobabilis
756 1342 869 1399 dicatur.

237 1425 280 1488 12.
304 1422 387 1484 7Αιιῑο
401 1429 516 1500 pretium
532 1427 652 1482 solutum
666 1426 776 1482 dominii
792 1428 949 1500 quaestione
964 1434 1048 1495 mota,
1068 1440 1130 1499 pre·

175 1515 243 1571 tium
259 1521 366 1584 emptor
380 1512 524 1566 restituere
539 1526 593 1565 non
614 1519 745 1583 cogetur,
766 1504 847 1566 'nisi⁸
869 1510 974 1566 mariun
989 1507 1130 1565 fideiusso-

175 1614 219 1652 res
235 1595 377 1651 enictionis
394 1593 551 1664 offerantur,
573 1596 680 1649 tametsi
694 1595 824 1666 ignorans
839 1593 979 1666 possidere
993 1591 1130 1666 coeperit;

175 1696 236 1736 num
251 1679 379 1750 usucapio
394 1677 494 1734 frustra
510 1676 681 1750 complebitur
695 1677 838 1749 anticipata
853 1677 909 1733 lite.
954 1692 1005 1734 nee
1020 1685 1131 1750 oportet

176 1763 318 1820 euictiouis
334 1762 506 1817 securitatem
521 1763 663 1835 praestari,
677 1776 736 1817 cnm
751 1763 779 1817 in
794 1763 854 1834 ipso
870 1768 1023 1818 conmeatus
1038 1761 1130 1816 limine

176 1847 290 1903 dominii
303 1844 450 1918 periculum
466 1838 626 1900 immineat.9

250 2003 269 2070 1)
286 2005 324 2067 Cf.
339 2004 370 2052 L.
387 2015 412 2055 11
423 2020 465 2066 pr.
486 2004 518 2052 D.
534 2005 565 2053 de
580 2004 655 2052 distr.
666 2005 741 2067 pipn.
756 2001 848 2068 (20‚tt).
871 2003 903 2051 L.
919 2016 952 2054 16.
967 2006 990 2065 ἓ.
1005 2016 1025 2055 e.
1050 2004 1130 2053 mae

172 2078 245 2140 pipn.
257 2074 303 2140 (20,
314 2073 343 2139 1).
360 2074 498 2138 Dernburp
509 2073 671 2136 Psandrecltt
681 2073 718 2121 II.
729 2089 757 2136 p.
766 2085 813 2124 181.
861 2070 882 2138 ¹)
894 2073 932 2136 Cf.
943 2075 966 2134 ἓ.
974 2086 994 2125 8.
1009 2074 1041 2124 L.
1051 2085 1077 2124 51
1083 2089 1129 2136 pr.

177 2147 208 2194 D.
224 2147 255 2194 de
269 2146 342 2194 euiet.
359 2143 403 2208 (et,
418 2142 450 2208 2).
465 2144 496 2192 L.
512 2156 531 2193 8.
553 2143 578 2193 0.
594 2144 649 2193 eod.
665 2143 701 2208 (s,
715 2144 760 2208 45).
834 2139 855 2208 3)
869 2143 923 2192 Hie
941 2160 1038 2208 quoque
1055 2146 1129 2208 peni-

177 2219 244 2265 tinus
254 2215 350 2278 pendet
364 2231 380 2263 a
395 2215 533 2277 periculum.
606 2211 627 2280 4)
642 2214 798 2264 Adsensere
812 2215 929 2276 refertur
942 2215 991 2264 boo
1005 2214 1070 2277 Pap.
1087 2230 1131 2264 re·

176 2301 296 2349 sponsum
311 2287 338 2334 in
352 2284 384 2333 L.
400 2297 432 2335 ts.
448 2286 471 2345 ἓ.
487 2296 519 2336 aa.
543 2283 576 2332 D.
591 2284 623 2332 de
638 2292 687 2334 aet.
702 2287 779 2347 empti
793 2282 838 2349 (19,
854 2282 885 2348 1).
959 2283 981 2350 ⁵)
997 2285 1056 2349 Dip.
1073 2301 1129 2334 usu·

177 2370 257 2406 rarum
276 2355 334 2404 Vat.
349 2355 441 2404 Hollw.
458 2354 570 2403 Momms.
589 2355 647 2403 edd.
720 2351 742 2419 θ)
757 2355 818 2419 asp.
838 2362 974 2404 contractus
997 2355 1056 2404 Vct.
1071 2355 1129 2405 edd.

176 2427 270 2476 Hollw.
282 2425 395 2474 Momms.
420 2424 458 2473 De
473 2427 528 2488 lepe
543 2425 718 2474 coturnissaria
732 2425 767 2487 cf.
777 2425 808 2474 L.
819 2437 840 2476 1.
855 2427 879 2486 ς.
890 2438 910 2474 1.
930 2426 962 2473 D.
973 2426 1005 2475 de
1014 2427 1031 2474 l.
1042 2441 1129 2477 comm.

178 2496 222 2562 (18,
237 2494 267 2560 a).
330 2492 349 2560 7)
365 2494 461 2544 Exstat
471 2497 549 2557 prior
560 2511 626 2557 pars
641 2495 672 2543 L.
689 2507 722 2545 18.
736 2497 759 2556 ὅ.
776 2508 795 2545 1.
815 2495 847 2543 D.
862 2497 894 2544 de
904 2497 988 2558 peric.
1003 2503 1029 2545 et
1042 2512 1129 2546 comm.

177 2567 222 2632 (18,
237 2564 267 2630 t).
290 2564 328 2626 Cf.
343 2565 375 2612 L.
390 2576 423 2614 et.
446 2564 470 2613 Ο.
486 2565 518 2614 de
531 2567 605 2614 eniel.
621 2564 652 2630 (8,
665 2565 711 2630 to).
785 2563 805 2629 ⁸)
820 2565 865 2614 Eae
879 2566 939 2631 asp.
954 2567 1050 2615 tametsi
1070 2566 1129 2617 Vae.

177 2637 244 2694 edd„
259 2635 327 2698 qued
340 2650 390 2684 non
404 2634 501 2694 dubito,
511 2638 571 2699 quin
583 2635 710 2685 librarius
718 2651 753 2684 ea
762 2638 886 2701 inceptae,
901 2652 958 2685 eum
967 2644 1060 2700 postea
1070 2645 1130 2686 ante

178 2709 288 2769 ignorans
308 2713 374 2755 esset
394 2707 577 2755 restituendam
596 2705 676 2770 (quod
690 2704 822 2770 fecimus),
843 2706 887 2771 ubi
905 2709 963 2756 item
981 2709 1130 2758 coniunctio

177 2777 314 2827 exciderat
324 2775 392 2840 (narn
402 2791 454 2825 cum
466 2775 502 2825 ibi
512 2776 646 2835 librarius,
657 2775 701 2825 ubi
708 2791 817 2840 sequens
826 2791 881 2826 nam
889 2777 1057 2827 desiderabat
1070 2785 1129 2828 tum·

177 2848 231 2909 etsi,
246 2863 280 2896 ea
294 2846 405 2897 arbitrio
419 2853 444 2896 et
453 2863 504 2910 per
517 2862 544 2896 se
559 2849 643 2910 inepte
656 2845 839 2914 superposuit),
849 2848 899 2897 leuc
908 2850 973 2898 male
983 2850 1128 2906 intruserit,

177 2918 222 2968 ubi
235 2925 296 2968 nota
310 2918 381 2968 uocis
399 2918 458 2979 nisi,
477 2920 592 2981 sequenti
605 2933 629 2966 m
643 2919 784 2976 simillima,
803 2918 953 2975 excideram
972 2920 1047 2968 aliud
1063 2921 1130 2968 enim

178 2989 325 3052 Papiniano
336 2989 481 3051 placuisse,
497 3004 571 3052 qaam
585 2989 616 3037 L.
632 3001 666 3040 ts.
681 2991 724 3038 cit.
739 3005 795 3038 eum
808 2989 908 3038 dixisse
922 2989 1017 3052 refert.
1032 2991 1071 3038 uel
1084 2988 1129 3038 Iu·

176 3061 316 3108 stina'auurn
330 3059 393 3108 baec
408 3061 556 3116 mutavisse,
575 3075 631 3108 eum
650 3061 711 3108 aliis
729 3075 763 3108 eo:
781 3061 868 3109 causis
885 3066 938 3108 tum
955 3059 986 3109 ab
999 3059 1032 3108 I1.
1047 3069 1081 3110 ts
1102 3059 1128 3109 0.

177 3131 220 3178 eit.
236 3131 282 3178 uiae
296 3129 420 3179 credibile
430 3136 474 3179 est.
499 3129 630 3180 Maximus
641 3130 808 3191 fideiussores
818 3131 932 3195 intellipe
941 3131 1136 3193 euidentissime

178 3202 323 3262 locupletes.
338 3199 370 3247 L.
385 3209 405 3250 t.
421 3201 443 3259 5.
459 3211 479 3249 1.
503 3198 535 3247 D.
555 3201 599 3262 qai
617 3200 708 3248 satisd.
728 3198 759 3264 (a,
773 3199 804 3263 s).
824 3200 924 3249 maxime
942 3198 1005 3266 (pro
1023 3199 1129 3266 maximi)

79 3290 83 3298 ¹
178 3270 291 3318 Momms.
306 3269 346 3320 ed.
420 3265 441 3332 ⁹)
457 3268 531 3317 Haeo
544 3269 634 3330 uerba,
653 3285 719 3333 quae
736 3285 771 3319 eor
789 3270 848 3319 Vat.
868 3273 976 3321 lectione
994 3271 1129 3322 admodum

174 3341 282 3402 fripent,
293 3354 361 3388 nunc
370 3340 409 3388 sie
419 3341 547 3404 intellipe:
555 3340 648 3402 quodsi
657 3341 750 3401 inipso
761 3347 910 3390 contractus
920 3343 1013 3399 limine,
1022 3343 1039 3389 i.
1047 3357 1069 3391 e.
1077 3356 1129 3390 non

177 3416 236 3456 unte
247 3411 359 3471 pretium
369 3411 486 3467 solatum,
499 3409 605 3458 sedium
615 3417 750 3473 antequam
759 3425 802 3459 res
811 3411 910 3460 tradita
924 3418 962 3461 est
971 3410 1007 3478 (et
1020 3412 1057 3460 ita
1072 3412 1129 3474 qut'·

177 3479 241 3536 dem,
256 3485 282 3526 ut
297 3480 323 3526 in
339 3481 382 3528 lite
396 3479 428 3528 de
438 3481 601 3541 possessione
615 3486 712 3541 emptor
722 3481 812 3542 potior
824 3483 859 3529 sit
872 3481 904 3530 L.
919 3493 953 3531 11.
967 3483 990 3544 5.
1000 3492 1035 3532 11.
1053 3481 1086 3533 Ι).
1096 3481 1130 3530 de

184 3546 397 3613 ret.empt.1e‚1)‚
412 3551 492 3598 alieni
505 3549 613 3598 dominii
622 3551 768 3612 periculum
782 3552 919 3614 immineat,
929 3558 980 3601 lum
993 3565 1041 3601 neo
1050 3553 1130 3601 eatis·
