2542 3909
150 236 192 293 60
495 243 522 276 nr.
541 240 652 277 rrunws
670 240 771 276 cranao.

150 371 200 426 hac
214 370 325 425 scientia
340 366 412 424 illam
433 365 549 427 eluditis.
580 366 682 441 placuit
696 365 726 422 P.
742 365 888 423 S'eaeuolae
908 372 936 421 et
951 366 993 423 Ti.
1009 364 1116 423 Corun-

150 455 237 524 oanio,
255 450 429 526 pontificibus
451 452 581 523 maximis,
602 453 722 525 itemque
736 452 846 521 ceteris,
866 467 924 522 eos,
940 452 987 524 qui
1002 458 1113 507 tantun·

150 537 209 592 dem
227 544 363 609 caperent,
379 542 510 609 quantum
526 550 618 591 omnes
633 534 765 605 heredes,
786 535 869 591 sacris
884 534 996 606 alligari.
1026 532 1114 591 babeo

149 623 192 675 ius
212 618 390 693 pontificium.
424 616 472 676 53.
493 619 557 691 quid
577 619 631 675 bue
654 620 767 677 accessit
787 635 820 675 ex
840 621 900 674 iure
920 619 1011 675 ciuili?
1030 620 1115 692 parti·

152 705 234 762 tionis
257 709 339 778 caput
360 704 490 777 scriptum
506 713 594 775 caute,
616 709 648 758 ut
663 710 772 759 eentum
785 704 887 759 nummi
902 701 1115 759 deducerentur:

150 789 259 844 inuenta
279 790 422 858 est-ratio,
443 805 492 846 cur
513 789 627 861 pecunia
648 803 787 844 sacrorum
802 786 926 842 molestia
939 786 1114 843 liberaretur.

151 870 216 946 quid
232 864 268 927 si¹
284 872 346 942 boc,
370 874 416 945 qui
430 879 621 929 testamentum
637 870 760 943 faciebat,
780 886 878 926 cauere
892 870 1046 926 noluisset?
1067 870 1116 926 ad·

151 964 244 1012 monet
264 957 330 1012 iuris
346 956 488 1013 consultus
503 956 547 1014 hic
562 955 670 1030 quidem
685 957 744 1028 ipse
758 954 876 1024 llueius,
891 953 1016 1027 pontifex
1029 954 1115 1027 idem,

151 1047 181 1097 ut
195 1042 284 1097 minus
299 1035 400 1114 capiat²
416 1057 495 1114 quam
511 1039 634 1097 omnibus
649 1039 795 1096 heredibus
809 1038 995 1112 relinquatur,
1016 1038 1116 1111 quibus
1190 1044 1195 1053 “
1258 1027 1259 1034 '

150 1142 199 1199 par
214 1124 338 1180 dicebant
354 1127 400 1197 qui
416 1127 532 1199 cepisset
539 1117 563 1196 ,³
578 1124 727 1197 adstringi:
748 1139 844 1179 rursus
858 1123 942 1179 sacris
957 1115 1115 1179 liberatur.⁴

151 1211 204 1265 hoc
217 1224 284 1264 uero
299 1207 369 1264 nihil
384 1209 416 1265 ad
431 1206 600 1281 pontificium
614 1210 672 1280 ius,
692 1202 749 1264 set⁵
764 1224 780 1263 e
794 1206 884 1263 medlo
898 1214 941 1262 est
955 1208 1015 1263 iure
1029 1206 1117 1277 ciuili,

151 1300 181 1348 ut
203 1308 253 1365 per
274 1306 318 1346 aes
341 1299 369 1347 et
391 1290 484 1347 libram
507 1292 634 1349 heredem
659 1293 813 1348 testamenti
834 1291 954 1363 soleant,
975 1298 1005 1347 et
1019 1290 1117 1347 eodem

151 1375 212 1432 loco
228 1391 272 1431 res
287 1376 334 1443 sit,
350 1378 428 1449 quasi
443 1392 474 1431 ea
489 1377 601 1449 pecunia
618 1376 708 1449 legata
724 1391 780 1432 non
791 1383 874 1446 esset,
890 1376 914 1430 si
929 1375 964 1447 is,
980 1376 1023 1431 cui
1038 1374 1119 1448 lega·

153 1467 210 1515 tum
226 1467 278 1532 est,
301 1460 446 1533 stipulatus
462 1468 504 1515 est
518 1460 544 1514 id
559 1461 657 1532 ipsum,
678 1460 752 1532 quod
766 1458 888 1533 legatum
902 1467 955 1530 est,
976 1466 1052 1515 ntea
1068 1475 1118 1532 pe·

152 1545 229 1599 cunia
249 1560 281 1599 en
301 1543 476 1616 stipulatione
497 1542 644 1614 debeatur,
664 1544 755 1616 sitque
775 1558 806 1598 ea
826 1559 881 1599 non
898 1542 1009 1613 (mertia
1023 1558 1118 1599 eausa

152 1620 267 1700 eaptal⁶
284 1642 324 1684 a*
340 1628 448 1683 doctum
463 1627 599 1683 hominem
615 1642 692 1697 saue,
715 1622 764 1683 64.
784 1628 861 1683 cuius
876 1627 928 1682 luit
943 1628 1039 1683 Accius
1054 1642 1119 1700 per·

153 1709 300 1784 familiaris,
316 1710 363 1766 sed
378 1726 508 1781 mensem,
524 1710 618 1782 credo,
633 1718 784 1767 extremum
799 1712 877 1783 anni,
891 1719 923 1766 ut
938 1719 1047 1767 ueteres
1061 1710 1112 1767 l'e·

152 1794 299 1865 bruarium,
318 1796 359 1850 sie
370 1795 414 1851 hie
426 1794 596 1851 Decembrem
608 1794 784 1867 sequebatur.
798 1796 888 1851 hostia
901 1803 990 1852 autem
1002 1796 1119 1851 maxima

152 1886 306 1952 parentare,
320 1879 428 1951 pietatis
443 1894 503 1934 esse
518 1878 674 1935 adiunctum
688 1877 809 1953 putabat.

215 1968 292 2027 llllll.
314 1966 360 2027 55.
381 1970 435 2026 lam
459 1978 532 2027 tanta
554 1970 652 2043 religio
673 1980 717 2026 est
737 1970 958 2045 sepulchrorum,
987 1978 1018 2026 ut
1040 1978 1119 2027 entra

152 2070 226 2111 sacra
249 2061 278 2110 et
299 2061 408 2129 gentem
429 2054 524 2111 inferri
546 2054 586 2110 las
601 2063 704 2128 negent
718 2072 787 2125 esse,
810 2054 893 2129 idque
914 2055 985 2129 apud
1000 2056 1120 2112 maiores

151 2146 262 2194 nostros
278 2140 308 2198 h.
321 2138 477 2212 'lorquatus
491 2140 518 2194 in
534 2146 616 2212 gente
627 2137 740 2212 Popillia
750 2138 888 2195 iudicauit.
913 2155 964 2196 nea
978 2152 1045 2197 uero
1060 2146 1117 2195 tam

151 2222 298 2295 denicales,
318 2238 386 2296 quae
407 2241 422 2279 a
444 2238 510 2280 nece
525 2222 674 2297 appellatae
688 2231 763 2295 sunt,
785 2225 847 2296 quia
868 2223 1023 2280 residentur
1043 2240 1118 2280 mor-

154 2309 218 2379 tuis,
234 2323 313 2381 quam
329 2316 481 2364 ceterorum
496 2306 653 2363 caelestium
668 2308 753 2380 quieti
773 2304 831 2362 dies
846 2308 930 2364 leriae
945 2309 1120 2364 nominaren-

151 2399 206 2461 tur,
226 2392 278 2445 nisi
298 2392 412 2446 maiores
433 2407 492 2460 eos,
515 2390 561 2463 qui
581 2406 613 2445 en
628 2389 679 2445 hac
693 2392 749 2445 uita
763 2392 939 2464 migrassent,
959 2390 1119 2448 iudeorum

152 2489 264 2528 numero
287 2488 346 2527 esse
368 2472 529 2529 uoluissent.
567 2470 620 2545 (set
645 2466 698 2548 εἰ)7
721 2490 766 2530 eas
786 2476 814 2530 in
836 2493 884 2533 eos
905 2476 962 2533 dies
982 2470 1121 2533 conterri⁸

151 2558 203 2627 ius,
220 2564 251 2612 ut
265 2571 316 2613 nec
329 2557 415 2629 ipsius
433 2550 566 2630 (domuel
581 2571 672 2629 neque
686 2557 811 2631 publicae
826 2559 908 2616 leriae
923 2562 986 2631 sint,
1002 2567 1119 2633 totaque

152 2641 232 2695 huius
256 2640 323 2696 iuris
345 2640 497 2712 conpositio
520 2638 682 2712 pontificalis
703 2658 829 2716 magnam
850 2643 1011 2717 religionem
1033 2643 1120 2700 caeri-

154 2726 325 2796 moniamque
341 2722 475 2792 declarat;
496 2738 584 2798 neque
599 2740 710 2783 necesse
725 2735 768 2782 est
782 2727 894 2784 edisseri
909 2744 923 2783 a
937 2726 1031 2800 nobis,
1047 2744 1120 2802 quae

153 2806 214 2863 finis
234 2808 357 2863 funestae
379 2805 509 2876 familiae,
531 2809 604 2883 quod
625 2827 714 2883 genus
734 2809 856 2866 sacrificii
875 2812 935 2867 Lari
954 2811 1119 2868 ueruecibus

152 2890 209 2963 liat,
231 2888 364 2963 quemad
386 2890 494 2946 modum
518 2908 549 2948 os
571 2903 705 2950 resectum
726 2902 798 2950 terra
814 2903 970 2969 optegatnr,
990 2910 1121 2969 quaeque

153 2977 180 3031 in
195 2990 276 3047 porea
295 2981 431 3030 eontracta
449 2976 508 3031 iura
524 2978 590 3049 sint,
608 2995 663 3052 quo
678 2987 803 3051 tempore
817 2979 927 3052 incipiat
942 2979 1119 3053 sepulchrum

155 3087 357 3098 —--——-

227 3134 248 3203 ¹)
263 3137 319 3201 qnid
333 3138 354 3185 si
368 3138 393 3185 A
407 3140 469 3203 quisi
482 3140 508 3189 B
519 3142 587 3206 quasi
601 3142 641 3191 ed.
652 3141 683 3190 V.
699 3144 791 3193 emmae
804 3144 832 3192 ia
839 3145 892 3207 fiae
902 3144 1121 3208 interrogationis

153 3212 235 3275 signo.
256 3208 341 3272 quodsi
359 3210 417 3259 edd.
432 3227 467 3260 ex
481 3211 513 3264 R.
527 3212 654 3276 Stephani
667 3214 700 3275 qi.
736 3209 757 3278 ¹)
772 3212 895 3263 Fortasse
913 3214 1014 3264 eccidit
1028 3213 1067 3262 eni
1079 3221 1122 3263 est

154 3277 285 3345 legat(um).
320 3274 340 3344 ⁸)
357 3280 502 3345 relinquatur
516 3298 564 3348 sup
578 3282 688 3331 dicebant
702 3285 814 3348 quicquid
828 3283 894 3349 (quic
907 3284 942 3350 B)
957 3284 1078 3348 coepisset
1091 3284 1120 3333 A

153 3349 179 3399 Β
190 3350 342 3413 relinquatur,
362 3366 433 3416 super
448 3354 558 3402 dicebant
572 3353 684 3417 quicquid
697 3354 800 3418 cepisset
816 3356 873 3403 edd.
907 3353 930 3422 ⁴)
948 3355 1078 3404 liberantur
1091 3354 1120 3403 A

153 3420 247 3469 Bedd.
274 3417 295 3486 ⁶)
310 3429 333 3470 et
347 3422 453 3473 ABed.
474 3423 504 3472 V.
531 3420 775 3489 beneolentiam
789 3425 1052 3489 explendamaddidi.
1073 3424 1122 3473 Ad

153 3506 192 3549 ea,
207 3506 272 3554 quae
282 3499 342 3555 post
356 3496 474 3543 lacunam
487 3501 639 3558 sequuntur,
657 3495 692 3558 cs.
708 3495 844 3545 Plutarch.
859 3512 901 3560 qa.
918 3496 989 3546 Boia.
1004 3507 1031 3546 at
1044 3502 1069 3545 et
1083 3507 1120 3547 te.

155 3558 176 3627 ²)
190 3560 299 3611 Addidi.
329 3560 351 3628 ⁶)
366 3564 472 3611 conferre
486 3562 512 3612 B
524 3565 563 3614 ed.
583 3565 614 3614 V.
630 3566 742 3616 conalere
757 3566 789 3614 A.
819 3562 841 3631 ο)
855 3567 964 3617 Addidi.
