2542 3909
441 143 498 178 eun
517 143 619 180 manta.
639 125 658 177 Ι.
678 129 821 184 151-157.
1052 129 1113 192 211

134 301 296 343 omnesres
308 283 352 340 uel
364 285 480 340 inunam
498 285 570 342 lorte
582 291 628 340 ant
646 282 722 340 duas.
757 281 815 344 151.
827 283 953 342 Ceterum
970 294 1017 342 aut
1034 286 1113 360 plena

135 373 219 445 optio
237 370 320 426 datur
333 377 379 424 aut
398 377 521 442 angusta.
550 366 709 427 taanenu
725 370 763 425 ita
778 369 836 426 dari
849 370 930 435 solet,
949 379 980 427 ut
991 373 1114 445 proxime

134 472 225 529 supra
243 455 370 510 diximus.
410 462 525 528 angusta
543 455 580 510 ita
600 453 656 508 dari
674 452 760 510 solet:
786 471 894 512 naama
911 471 1011 514 vxom
1027 473 1113 514 111111

135 539 291 598 'aaronis
305 553 467 596 ormounu
482 531 668 597 ovasrnxnu¹
690 553 792 596 snum
807 555 862 612 oo,
882 550 928 596 aut
942 557 1114 600 ovurman

134 640 190 682 aas
215 641 269 682 no.
300 619 363 682 153.
380 621 453 690 Quae
469 625 595 697 optiones
606 622 753 697 plurimum
765 625 838 680 inter
847 641 878 680 se
892 624 1036 702 differant3
1052 641 1113 682 nam

31 729 34 768 r
135 727 213 784 quae
233 708 341 783 plenam
363 709 503 781 optionem
524 706 619 777 habet,
643 715 736 781 potest
756 708 840 764 semel
860 717 888 766 et
908 709 949 765 bis
971 719 1000 766 et
1020 718 1064 768 ter
1085 718 1113 767 et

135 794 250 868 saepius
266 801 387 849 tutorem
403 801 512 866 optare:
536 809 605 866 quae
621 809 688 848 uero
704 799 849 864 angustam
865 792 947 850 habet
962 797 1112 868 optionem,

135 881 160 934 si
177 879 319 934 dumtaxat
334 876 417 934 semel
433 877 495 934 data
510 885 551 932 est
574 878 661 951 optio,
682 877 797 950 amplius
819 893 899 950 quam
915 878 1000 934 semel
1016 889 1112 952 optare

31 995 33 1030 1
134 980 195 1020 non
210 970 321 1037 potest;
338 963 360 1016 si
373 960 540 1032 lautumiis,
556 961 671 1035 amplius
684 978 763 1033 quam
776 960 816 1016 lais
834 962 943 1034 optandi
956 961 1111 1020 facultatem

134 1065 193 1104 non
211 1047 300 1104 habet.
332 1043 396 1106 154.
414 1046 550 1102 Vocantur
560 1056 652 1102 autem
667 1046 705 1116 hi,
721 1047 768 1118 qui
779 1047 936 1102 nominatim
949 1054 1111 1104 testamento

136 1141 247 1188 tutores
263 1131 377 1200 dantur,
393 1130 493 1203 delini,
517 1133 562 1205 qui
577 1147 609 1186 ea
626 1131 738 1203 opdoue
753 1139 913 1202 sumuntur,
930 1133 1025 1205 optiui.
1051 1178 1056 1187 .

202 1213 265 1278 155.
288 1215 389 1283 Quibus
405 1223 569 1272 testamento
586 1214 696 1288 quidem
712 1222 788 1270 tutor
802 1215 881 1271 datus
896 1232 952 1272 non
968 1219 1014 1288 sit,
1028 1216 1061 1272 iis
1075 1232 1110 1272 en

71 1293 512 1378 [rastlegeX11’(tabularam)²
541 1301 633 1374 agnati
655 1308 721 1355 sunt
749 1308 873 1371 tutores,
902 1303 949 1373 qui
977 1309 1111 1358 uocantur

136 1387 263 1461 legitimi.
301 1381 366 1444 156.
382 1383 452 1440 Sunt
473 1392 561 1446 autem
585 1387 677 1460 agnati
699 1400 750 1458 per
772 1385 858 1440 uirilis
873 1401 955 1441 sexus
978 1402 1110 1460 personas

136 1472 304 1545 cognatione
319 1471 421 1540 iuncti,
445 1471 523 1542 quasi
538 1485 553 1526 a
568 1479 646 1543 patre
661 1471 780 1543 cognati,
804 1468 891 1527 ueluti
913 1469 998 1527 irater
1014 1470 1110 1527 eodem

135 1564 324 1630 patronatus,
347 1553 437 1610 fratris
454 1551 525 1610 filius
541 1570 663 1628 neposne
679 1569 712 1610 ex
728 1571 772 1626 eo,
795 1556 860 1610 item
883 1563 998 1628 patruus
1013 1562 1042 1610 et
1063 1571 1110 1628 pa·

136 1643 192 1697 trui
210 1633 214 1717 1
233 1638 303 1696 filius
320 1647 348 1696 et
363 1655 449 1712 nepos
464 1655 498 1694 ex
513 1655 555 1694 eo.
586 1649 613 1694 at
628 1639 665 1701 hi,
689 1641 735 1712 qui
750 1656 800 1712 per
814 1639 935 1697 feminini
950 1657 1031 1696 sexus
1047 1657 1108 1713 per·
1126 1651 1168 1701 43.

135 1741 219 1782 sonas
243 1726 406 1798 cognatione
429 1724 652 1796 coniunguntur,
676 1739 732 1780 non
755 1731 827 1778 sunt
841 1727 949 1798 agnati,
972 1725 1021 1780 sed
1043 1724 1107 1781 alias
1121 1718 1138 1756 l·
1154 1726 1171 1756 ⁸·

136 1808 256 1866 naturali
271 1811 330 1866 iure
343 1809 460 1882 cognati.
494 1809 584 1881 itaque
597 1809 668 1864 inter
679 1808 845 1864 auunculum
861 1817 888 1864 et
903 1811 1007 1866 sororis
1024 1808 1108 1865 filium

31 1965 32 1972 ἵ
136 1912 191 1952 non
208 1895 315 1966 agnatio
332 1902 385 1966 est,
405 1893 453 1948 sed
474 1894 611 1962 cognatio.
643 1894 708 1948 item
728 1895 833 1963 amitae,
854 1901 1015 1950 materterae
1036 1891 1108 1948 filius

136 1996 192 2036 non
209 1987 252 2035 est
267 1979 331 2036 mihi
347 1985 474 2052 agnatus,
498 1985 540 2032 set
556 1984 700 2051 cognatus,
724 1985 752 2032 et
766 1978 883 2033 inuicem
905 1970 1032 2035 'sentinari
1054 1994 1107 2052 ego

136 2065 175 2120 illi
190 2063 287 2124 eodem
302 2065 362 2119 iure
378 2064 542 2135 coniungor,
565 2063 626 2133 quia
642 2061 689 2133 qui
704 2069 864 2132 nascuntur,
880 2064 965 2135 patris
981 2079 1037 2118 non
1052 2078 1107 2116 ma-

137 2150 186 2206 tn's
207 2147 333 2204 familiam
356 2155 519 2222 sequuntur.
557 2139 619 2204 15⁷.
636 2144 690 2200 Sed
706 2144 771 2201 olim
787 2144 903 2218 quidem,
928 2154 1059 2217 quantum
1074 2146 1107 2200 ad

137 2234 226 2308 legem
242 2249 290 2290 x11
311 2231 461 2288 tabularum
478 2231 584 2301 attinet,
609 2230 690 2285 etiam
707 2229 822 2285 laminae
840 2237 956 2303 agnatos
972 2227 1108 2285 habebant

139 2319 259 2374 tutores
288 2319 339 2374 sed
351 2323 446 2390 postea
461 2315 505 2372 lex
517 2315 625 2372 Claudia
637 2315 692 2371 lata
704 2322 757 2386 est,
774 2330 843 2388 quae
859 2314 933 2387 quod
945 2313 978 2370 ad
994 2313 1106 2370 seminas

139 2404 245 2467 attinet,
270 2401 368 2458 tutelas
391 2393 484 2480 (illas)
507 2399 634 2456 sustulit:
661 2401 753 2474 itaque
776 2400 912 2455 masculus
936 2399 1044 2473 quidem
1067 2400 1106 2454 in·

135 2540 215 2600 plena
230 2538 284 2585 aiae
294 2543 414 2602 angaria,
429 2536 498 2600 qaod
511 2535 651 2584 discrimen
664 2533 745 2585 Gaias
754 2535 797 2586 hic
809 2535 922 2585 nondam
931 2533 1041 2600 spectat)
1052 2541 1105 2583 sia-

140 2616 220 2666 taere,
241 2615 325 2656 aarum
340 2614 448 2656 talarem
465 2609 612 2672 generalem
627 2623 661 2655 aa
681 2609 708 2655 ia
723 2609 841 2672 singalas
858 2607 982 2670 quasdam
995 2621 1039 2655 rea
1053 2608 1106 2655 siae

139 2682 228 2742 plures
243 2685 334 2741 optare
348 2679 416 2728 velit.
450 2677 480 2728 Ut
496 2693 553 2736 noa,
568 2677 607 2726 ed.
623 2677 673 2726 Kr.
689 2690 708 2728 2.
783 2674 802 2741 ¹)
818 2678 938 2727 dumtaxat
956 2678 1043 2726 tutoris
1062 2692 1106 2740 op·

141 2752 228 2799 tionem
246 2749 272 2798 C.
287 2757 311 2798 ei
325 2749 373 2814 By.
388 2750 427 2798 ed.
443 2760 463 2800 5.
492 2749 638 2798 divellenda
657 2765 680 2797 a.
700 2750 811 2798 duntaxat
829 2765 846 2798 a
864 2765 911 2799 sao
931 2749 1008 2799 aerbo
1027 2750 1065 2798 ita
1079 2756 1107 2798 at

137 2822 222 2884 poetis
241 2827 338 2870 tantam
352 2823 426 2876 licem
445 2835 492 2870 aee
507 2820 581 2869 aliud
594 2819 768 2869 docetliaad.
779 2821 815 2869 ad
827 2819 964 2870 Taraellia.
979 2820 1008 2869 ll.
1019 2836 1048 2884 p.
1058 2831 1105 2876 aaa.

142 2889 162 2955 ²)
177 2891 299 2942 Moneate
314 2891 432 2940 Pdselam.
447 2892 570 2956 supplevi.
593 2890 630 2953 Cf.
652 2904 672 2953 1,
689 2903 736 2942 1111.
807 2887 936 2956 ³)scilicet
954 2892 976 2940 si
997 2892 1022 2940 0.
1042 2891 1106 2955 (pra

142 2965 161 3012 si
172 2965 262 3027 potiar
277 2963 311 3012 sic
332 2963 357 3011 V
360 2957 388 3021 aa,
403 2971 430 3012 at
444 2962 607 3025 manifestias
621 2970 756 3026 appareat,
772 2970 886 3012 notatam
896 2963 999 3012 verbam
1012 2962 1107 3011 seilicet

142 3034 250 3084 libraria
266 3034 362 3096 fraudi
373 3033 468 3100 faisse)
483 3034 550 3083 rande
565 3031 683 3086 pascam.
699 3036 747 3097 cjx
766 3041 789 3083 et
808 3035 919 3083 inuicem.
949 3033 1043 3082 scilieet
1061 3033 1105 3080 etsi

142 3120 182 3168 ego
198 3104 232 3154 illi
246 3104 370 3170 (agnatus
387 3121 451 3163 sam,
469 3121 521 3154 aaa
540 3112 623 3154 tamea
640 3106 697 3167 filio
717 3103 799 3168 illiue)
819 3106 903 3154 eodem
922 3105 1036 3152 intaeta.
1052 3106 1104 3152 col·

141 3178 190 3226 lato
209 3175 319 3240 Tlteoplt.
334 3177 352 3225 l.
368 3189 401 3228 15.
422 3178 445 3237 ξ.
460 3189 480 3226 1.

208 3297 233 3369 §.
248 3303 305 3352 154.
319 3301 356 3363 Cf.
370 3300 468 3364 Illam,
478 3311 512 3350 11..
563 3295 741 3368 §.155.=pr.
753 3298 776 3348 I.
787 3300 819 3348 de
829 3301 877 3366 leg.
888 3316 948 3366 aga.
958 3305 1004 3348 tat.
1017 3296 1104 3364 (1,15);

143 3372 178 3435 Cf.
193 3371 248 3436 Ula.
259 3384 293 3434 11,
303 3383 323 3424 a.
375 3368 400 3440 5.
417 3375 476 3422 156.
488 3394 521 3413 =
531 3373 554 3433 fi.
566 3383 585 3420 1.
604 3370 667 3420 Lib.
683 3371 715 3418 L.
725 3383 744 3421 1.
759 3371 792 3419 B.
804 3371 836 3419 de
846 3373 949 3436 tegam.
961 3366 1047 3435 (111).
1065 3370 1103 3433 Cf.

145 3442 197 3506 Uip.
209 3455 273 3505 11,1.
289 3443 385 3492 isidor.
399 3441 443 3492 Or.
454 3455 474 3503 o,
486 3455 505 3494 a.
522 3443 561 3504 ἐξ.
573 3455 593 3492 1.
605 3453 624 3490 1.
690 3437 715 3509 §.
733 3443 791 3492 157.
809 3440 847 3504 Cf.
863 3443 886 3502 ξ.
900 3455 946 3504 111.
972 3440 1027 3504 Uip.
1038 3452 1072 3503 11,
1082 3452 1103 3491 a,

141 3514 170 3562 L.
182 3527 201 3564 2.
220 3513 265 3562 aa.
278 3515 303 3563 G.
314 3514 346 3562 de
356 3521 401 3562 lai.
412 3520 437 3562 et
447 3530 502 3563 aar.
514 3530 552 3562 er.
563 3512 594 3576 (3,
605 3512 695 3573 ill-L.
707 3525 727 3562 a.
745 3512 771 3560 0.
782 3512 814 3560 de
824 3513 872 3576 leg.
884 3520 930 3562 tut.
941 3512 972 3577 (o,
983 3511 1028 3577 ³0).

898 3596 953 3649 14*
