2542 3909
300 241 410 278 saltim
428 242 574 279 rammam
592 241 755 278 FRAGMENTA
773 240 911 277 Pasieria.
1028 223 1091 287 441

123 374 972 524 {resistitur‚stituereturtrattati
990 392 1093 499 rurs

123 512 289 578 repetimus,
308 529 370 566 vice
388 513 492 566 codicis
509 515 625 568 mtenm
643 529 702 567 esse
721 513 817 568 debet.

196 578 256 643 Quo
275 595 309 633 ex
328 595 412 649 opere
430 581 501 635 haec
518 581 681 648 fragmenta
697 581 778 634 nobis
796 580 908 634 servata
919 580 983 646 sint,
1002 581 1094 636 editor

123 662 162 700 ne
184 646 348 702 coniectura
370 647 483 717 quidem
506 648 655 718 significat.
697 648 787 713 Quam
809 649 906 701 tamen
927 647 984 702 iam
1008 649 1093 703 solius

123 713 219 768 Paulli
237 717 267 768 et
285 715 400 786 Ulpiani
423 715 537 770 nomina
558 716 689 770 similiter
708 717 739 768 ut
759 717 789 769 in
807 715 1033 769 Berolinensibus
1058 734 1092 771 ex

123 781 277 850 Papiniani
303 784 442 862 responsis
465 784 663 853 superstitibus
686 783 856 838 membranis
878 783 964 837 minio
987 784 1093 861 passim

124 851 202 903 notis
229 854 407 920 praescripta
434 851 503 905 satis
531 854 594 906 tuto
622 851 795 904 indicabant.
846 849 902 904 Sed
931 854 1094 906 coniectura

124 916 185 970 iam
202 933 273 985 opus
290 935 347 972 nou
365 921 417 972 est.
451 919 523 973 Rem
541 919 663 973 coniecit
680 934 818 986 omneque
842 917 959 971 dubium
981 919 1094 973 sustulit

126 1001 145 1038 a
167 986 359 1054 compluribus
381 987 471 1040 doctis
494 988 575 1048 viris,
597 987 627 1039 in
651 984 804 1040 Germania
826 1002 843 1039 a
865 985 1033 1040 Zachariaeo
1056 987 1091 1040 de

125 1053 179 1106 Lin
201 1055 308 1122 enthal,
318 1054 387 1108 alibi
397 1052 613 1120 abAlibrandio,
623 1051 763 1107 Esmeinio
774 1054 802 1108 et
812 1053 942 1121 Scialoja,
952 1055 1092 1107 referente

125 1119 157 1172 id
180 1069 234 1174 fico
256 1121 319 1200 ipso
341 1122 360 1178 l.
386 1138 419 1187 o„
442 1122 519 1176 facta
542 1121 642 1176 eodem
664 1121 737 1198 fere,
761 1123 793 1174 ut
815 1121 940 1198 videtur,
964 1123 1092 1198 tempore

126 1188 304 1255 observatio,
322 1205 356 1243 ea
374 1205 447 1257 quae
465 1191 495 1243 in
512 1206 578 1258 pag.
596 1188 620 1240 D
640 1188 735 1242 media
752 1188 896 1243 Darestrus
914 1187 997 1256 legit,
1015 1190 1044 1242 iu
1062 1189 1091 1248 L.

126 1255 209 1310 351),
229 1257 264 1310 de
276 1256 402 1314 statulib.
416 1263 468 1324 (40,
483 1263 517 1321 7),
536 1273 608 1324 quae
625 1256 655 1308 in
674 1256 768 1310 media
786 1273 850 1324 pag.
870 1257 904 1320 H,
922 1258 952 1309 in
968 1254 998 1314 L.
1013 1263 1045 1312 50
1057 1257 1091 1312 D.
1167 1313 1171 1318 ,

127 1323 164 1375 de
177 1338 300 1378 manum.
312 1327 424 1380 testam.
434 1327 491 1392 140,
504 1325 531 1389 4)
550 1323 634 1377 modo
647 1323 757 1391 plenius
771 1327 800 1378 et
812 1325 989 1379 emendatius
1006 1324 1092 1379 verbo

124 1392 210 1443 tenus
232 1392 384 1457 contineri,
407 1394 528 1460 utroque
552 1407 619 1449 vero
642 1391 704 1444 loco
724 1391 872 1460 Papiniani
893 1407 1092 1461 responsorum

124 1456 202 1534 libro
221 1457 258 1510 IX
274 1460 421 1537 inscripto,
439 1459 468 1512 in
486 1474 542 1527 quo
561 1461 671 1537 corratat
689 1458 724 1538 de
743 1459 1012 1539 manumissionibus
1027 1477 1092 1514 eum

126 1526 1092 1672 {restituisti{tertiaturstetissetis

125 1659 293 1730 plerumque
311 1679 368 1716 non
387 1678 504 1738 merere,
523 1662 568 1716 cui
587 1663 784 1717 conrecturalrs
802 1664 944 1718 restitutio
957 1666 1093 1732 tanquam

127 1737 204 1782 certo
222 1729 407 1784 fundamento
419 1729 547 1783 insistere
558 1729 656 1798 possit.
682 1729 819 1796 Alterum,
839 1731 915 1799 quod
929 1731 969 1784 rei
985 1733 1093 1802 peritus

126 1797 212 1851 facile
238 1797 300 1866 ipse
328 1797 536 1864 deprehendet,
568 1796 667 1866 plenos
694 1814 790 1852 versus
816 1799 847 1851 in
872 1799 962 1852 nostri
989 1799 1093 1853 codicis

127 1864 264 1920 columnis
281 1863 398 1932 perinde
417 1880 450 1917 ac
467 1865 497 1916 in
515 1864 691 1918 Berolinensi
707 1865 775 1918 folio
800 1865 958 1934 duplicato,
982 1867 1093 1920 litteras

127 1933 241 1986 circiter
250 1931 351 2000 viginti
361 1931 486 2000 quinque
495 1933 617 1999 panlove
629 1932 726 2000 plures
739 1933 785 2008 vel
797 1934 943 2001 pauciores
953 1933 1092 1993 habuisse,

126 2005 168 2064 ut,
187 2017 250 2054 cum
269 2001 382 2053 caetera
394 2015 506 2118 quoque
519 2000 685 2068 scripturae,
704 2000 766 2062 loci,
786 2001 948 2068 argumenti
965 2001 1092 2069 adeoque

127 2067 261 2121 similium
279 2069 402 2120 fatorum
420 2066 449 2119 in
471 2067 525 2120 icia
537 2074 587 2120 aut
598 2068 697 2134 aperte
711 2066 827 2120 mirifice
841 2069 1025 2132 consentiant,
1044 2071 1093 2122 aut

129 2137 207 2189 certe
225 2137 255 2187 in
273 2150 329 2200 quo
348 2134 539 2202 discrepantia
555 2135 605 2198 sit,
629 2150 685 2188 non
698 2135 862 2204 appareat1,
881 2136 1001 2202 utraque
1019 2135 1092 2203 frag·

129 2203 228 2256 menta
245 2219 280 2256 ex
298 2203 399 2255 eodem
412 2200 507 2255 codice
520 2217 666 2270 superesse
679 2201 803 2254 maxima
815 2218 879 2255 cum
891 2202 1092 2270 probabilitate

128 2271 250 2324 statuas:
270 2269 367 2323 codice
385 2285 453 2322 vero
465 2272 615 2338 praeterea
626 2269 803 2323 venerandae
817 2271 877 2323 anti
898 2270 1008 2335 uitatis;
1026 2287 1092 2324 nam

127 2339 195 2406 post
212 2336 332 2391 abolitas
351 2353 368 2390 a
386 2337 570 2391 Constantino
588 2353 613 2394 a.
631 2343 680 2391 321
701 2337 730 2390 L.
746 2343 756 2389 1
770 2336 821 2394 Th.
836 2337 864 2394 C,
878 2287 913 2390 ie
925 2354 998 2406 resp.
1010 2338 1093 2407 prud,

128 2407 166 2474 (l,
179 2407 206 2472 4)
224 2404 341 2472 Ulpiani
358 2420 390 2457 ac
402 2404 495 2458 Paulli
507 2406 597 2471 notas,
615 2405 679 2473 quis
696 2403 780 2458 facile
792 2404 944 2477 Papiniani
961 2422 1003 2459 res
1026 2422 1093 2460 onsa

127 2473 264 2526 cum'his
291 2472 477 2525 describenda
500 2472 643 2542 dedisset?
680 2473 832 2526 Praeterea
854 2473 932 2542 prius
953 2423 1025 2526 iuni
1047 2490 1092 2528 me

126 2541 226 2605 movit,
241 2541 340 2593 utnon
354 2540 437 2594 modo
450 2557 536 2608 quam
546 2539 693 2594 Dercetius
702 2557 782 2594 suam
795 2541 864 2594 dicit
875 2542 1092 2607 restitutionem,

128 2624 292 2675 quanquam
309 2607 451 2662 interdum
469 2608 646 2676 ingeniosam
664 2612 693 2662 et
711 2624 820 2672 veram,
844 2610 1011 2678 praesertim
1028 2627 1093 2663 cum

127 2677 188 2730 fere
206 2691 345 2753 nusquam
363 2691 398 2728 ea
414 2675 529 2744 plenam
548 2677 717 2730 sententiam
734 2677 880 2744 praebeat,
899 2678 949 2731 sed
962 2679 1093 2747 etipsam

128 2743 188 2797 eius
207 2744 358 2796 lect-ionem
376 2744 405 2795 in
426 2743 570 2811 plerisque
596 2743 744 2813 ‘paginis’,'
767 2761 830 2797 cum
852 2743 1010 2798 lacerorum
1034 2763 1093 2800 ver-

127 2811 228 2864 borum
238 2810 286 2864 vel
295 2809 453 2864 litterarum
466 2811 526 2865 sine
536 2827 619 2864 sensu
631 2811 733 2865 relatio
744 2812 833 2881 magis
842 2812 968 2866 taedium
979 2829 1093 2868 movere

129 2894 216 2946 quam
244 2878 400 2931 utilitatem
430 2878 555 2946 aliquam
584 2877 686 2932 lectori
716 2877 816 2933 afferre
844 2881 949 2949 possit,
980 2883 1093 2935 omnino

129 2946 291 2999 omitterem
308 2947 476 3014 tantumque
495 2947 601 3000 selecta
618 2963 654 3000 ex
672 2962 715 3013 ea,
734 2962 807 3013 quae
820 2948 884 3000 usui
896 2963 956 3000 esse
969 2951 1091 3016 possent,

126 3029 223 3135 rtet
244 3013 412 3134 {litim
429 3013 537 3136 stit
555 3013 1092 3136 tritttttttts&tutta

128 3149 293 3202 dubitanter
314 3097 468 3202 iugragnune
491 3123 565 3203 effici
606 3165 666 3204 osse
685 3098 859 3214 videbatur,q
868 3097 939 3202 eqss
964 3151 993 3202 et
1038 3149 1092 3215 ,in

125 3216 349 3354 restittit
363 3168 906 3354 titttrititittttttttttt
923 3216 1092 3270 ³³⁸d³¹³¹¹¹¹¹³

202 3459 221 3527 ¹)
236 3462 289 3512 Noli
309 3464 388 3513 tamen
407 3471 504 3527 putare,
523 3465 563 3528 qni
583 3478 652 3512 error
671 3463 780 3512 Dar-estio
801 3463 877 3512 fraudi
898 3463 973 3512 luisse
991 3462 1092 3525 videtur,

127 3548 180 3583 eam
190 3548 262 3598 quam
273 3534 434 3585 berolinensis
449 3536 500 3585 lolii
515 3536 629 3584 hahemus
645 3535 771 3595 imaginem
783 3533 954 3595 liruperiunam
964 3533 1092 3584 scribendo

126 3605 276 3668 aliquatenus
291 3606 453 3656 assimulatam
468 3622 522 3656 esse
537 3605 758 3670 photographicsm.
