2542 3909
424 205 491 243 sunu
508 206 603 243 esrum
623 206 695 242 sens.
714 187 747 243 V.
768 192 809 241 10.
1030 189 1094 253 541

135 339 250 412 praede
263 338 322 395 litis
337 342 364 393 et
379 336 572 393 uindieierum
586 339 660 391 sotis
673 329 855 410 accipitur)‚¹
878 351 911 392 ex
926 333 969 392 dle
991 338 1095 409 accepti

139 421 230 480 iudicii
251 420 327 494 dupli
342 419 446 476 lructus
462 427 661 493 computantur.
705 428 733 477 et
747 428 802 476 tam
823 419 918 476 dantes
933 436 1012 492 quarn
1028 422 1095 477 acci·

139 507 259 580 pientes,
276 502 390 561 heredes
407 519 516 578 quoque
531 519 642 575 eorum,
658 497 895 579 ’procuratorum²
910 506 1096 577 cognitorum·

139 605 192 664 que
209 604 356 663 personae,
377 586 496 661 itemque
510 581 704 661 ’sponsorum³
725 587 818 644 eadem
833 587 1009 661 stipulatione
1025 606 1097 646 com·

140 672 372 747 prehendunturu
385 686 480 727 eorum
503 687 624 745 queque,
647 687 764 745 quorum
779 672 889 729 nomine
904 666 1097 745 promittitur.4

139 753 170 815 3.
187 751 314 824 lQuoties
330 754 476 831 iudicatum
488 753 559 811 solul
571 754 748 827 stipulatione
760 754 916 825 satisdatur,
928 756 1027 811 omissa
1039 757 1096 811 eius
1120 762 1124 770 ’

142 841 213 899 actio
228 842 268 897 rei
282 839 414 896 iudicatae
431 840 647 913 persecutionem
669 854 724 895 non
745 837 873 894 excludit.
908 836 937 894 4.
961 831 1098 895 ⁶limanci·

140 926 197 1000 pati
217 923 295 981 liberi
309 922 449 998 praeteriti
468 923 490 979 si
511 922 597 979 uelint
616 938 646 978 se
667 923 780 979 miscere
796 930 924 995 paternae
940 921 1094 991 hereditati,

141 1016 169 1066 et
190 1024 250 1065 cum
272 1007 331 1078 his,
351 1008 397 1079 qul
417 1008 445 1063 in
466 1014 602 1080 potestate
623 1006 819 1077 remanserint,
841 1007 991 1063 eommunis
1012 1008 1098 1079 patris

140 1090 263 1150 diuidere
278 1090 467 1160 hereditatem,
483 1098 626 1162 antequam
636 1089 770 1145 bonorum
783 1090 982 1163 possessionem
993 1098 1097 1163 petant,

141 1175 175 1233 de
185 1174 351 1233 conferendo
363 1189 460 1233 cauere
472 1190 532 1231 cum
543 1173 718 1230 satisdatione
730 1171 875 1232 debebunt.
910 1174 1008 1248 quodsi
1019 1175 1097 1229 satis-

141 1260 205 1316 dare
220 1274 275 1316 non
291 1265 421 1332 possunt,
441 1259 532 1315 statim
552 1272 585 1313 ex
606 1255 659 1313 lide
674 1256 808 1314 bonorum
823 1257 1025 1329 confusionem,
1049 1274 1098 1315 ex·

142 1351 223 1418 cepto
239 1342 345 1416 peculio
361 1343 502 1412 castrensi,
518 1341 607 1399 lacere
622 1340 738 1415 cogendi
753 1335 842 1397 ειιιιῑ.7

275 1496 339 1537 cru.
357 1494 388 1537 x.
415 1494 457 1537 en
473 1492 703 1537 aeneasannos
717 1473 965 1538 nvoronrrnun.⁸

205 1576 230 1638 1.
254 1578 293 1635 Ob
308 1586 410 1635 metum
426 1577 605 1653 impendentis
620 1578 710 1635 damni
730 1580 837 1637 uicinus
859 1580 949 1639 uicino
971 1572 1098 1657 '(repro·

141 1668 263 1734 mittere,
280 1669 463 1734 procurator
478 1655 604 1741 uicini)⁹
626 1663 756 1719 satisdare
771 1662 866 1735 debet,
887 1661 996 1721 ’additis
1018 1682 1100 1739 spon·

69 1758 133 1807 [4⁴61
144 1740 292 1818 soribus,¹⁰
307 1762 389 1819 snper
404 1762 436 1803 eo
452 1747 525 1819 quod
541 1746 630 1803 damni
651 1748 788 1805 acciderit.
824 1743 853 1805 2.
877 1742 945 1804 ¹¹lle
965 1752 1100 1806 communi

142 1834 245 1908 pariete
261 1830 382 1887 utilitatis
405 1846 485 1887 eausa
506 1830 559 1887 lroc
580 1832 673 1905 coepit
688 1829 841 1904 obseruari,
858 1839 888 1887 ut
902 1830 1025 1889 aedificet
1040 1835 1100 1907 qui·

142 2001 175 2052 L.
191 2000 262 2050 Rom.
278 1997 359 2064 Burp.
374 2009 407 2051 es.
425 2025 457 2034 -
472 1998 504 2047 L.
519 2010 553 2050 co.
569 2009 615 2049 ree.
640 1999 672 2047 l).
687 2000 719 2048 de
738 1999 768 2047 V.
783 1997 810 2048 S.
826 1997 871 2065 (so.
887 1998 931 2065 rc).
953 2000 985 2048 L.
1001 2011 1021 2050 n.
1040 2003 1064 2062 §-
1079 2014 1099 2052 2.

143 2072 175 2121 Ι).
191 2071 223 2121 de
233 2075 319 2133 praet.
334 2071 392 2133 stip.
408 2067 453 2133 (ne,
467 2068 499 2133 e).
518 2068 567 2117 Tit.
582 2068 614 2117 D.
630 2070 683 2118 iud.
697 2071 763 2119 solui
777 2068 821 2135 (to,
836 2069 867 2135 t).
921 2067 940 2133 ¹)
956 2070 1029 2119 Haec
1041 2072 1100 2133 sere

142 2148 189 2192 out
202 2140 332 2190 excidisse
347 2139 377 2189 od
391 2140 510 2188 similiter
520 2138 640 2188 desinens
649 2147 695 2189 aut
704 2141 790 2189 reciso
800 2154 863 2198 esse,
877 2142 953 2188 etium
963 2142 1101 2190 ostendunt

142 2229 165 2262 u.
181 2217 230 2262 tam
243 2210 327 2258 dantes
341 2224 411 2273 quarn
426 2210 571 2272 accipientes
585 2211 738 2273 simpliciter
748 2211 843 2273 posito.
870 2209 908 2273 Cf.
923 2210 965 2259 li.
983 2211 1040 2260 Vnt.
1052 2223 1098 2263 aaa.

144 2279 165 2348 ²)
180 2288 348 2346 procuratores
363 2280 409 2345 (em
422 2279 542 2345 ambigua
556 2287 617 2330 notu
631 2279 792 2346 procurator.)
807 2280 870 2330 Cdd.
885 2281 943 2330 edd.
991 2276 1012 2345 8)
1027 2296 1101 2345 spon-

143 2366 212 2403 sores
224 2350 285 2401 Cdd.
296 2351 354 2401 edd.
373 2351 412 2400 De
425 2366 455 2400 re
470 2351 505 2414 cf.
515 2351 547 2399 L.
558 2363 578 2403 5.
598 2351 631 2400 D.
647 2352 726 2401 indic.
741 2353 807 2402 solui
820 2351 865 2417 (to,
876 2349 906 2417 t).
954 2348 976 2415 ⁴)
989 2350 1032 2401 Sc.
1045 2368 1101 2401 cunr

143 2425 202 2489 quis
211 2424 295 2472 alieno
305 2423 405 2471 nornine
415 2423 574 2471 convenitur.
613 2419 634 2488 ⁶)
648 2422 686 2485 Cf.
696 2420 728 2472 L.
739 2434 759 2473 8.
770 2423 792 2484 ξ.
804 2434 823 2474 u.
837 2422 870 2471 D.
879 2422 910 2471 de
921 2430 1004 2473 nouat.
1013 2421 1058 2488 (lo,
1068 2422 1099 2489 a).

146 2490 166 2559 ⁶)
179 2493 217 2556 Of.
232 2490 287 2555 Utp.
298 2502 332 2551 na,
342 2503 362 2542 t.
378 2492 409 2540 L.
421 2503 434 2543 e
442 2507 483 2556 pr.
499 2495 521 2554 5.
533 2504 553 2544 a.
570 2492 602 2541 L.
616 2504 636 2544 e.
654 2493 686 2542 Ι).
697 2494 729 2543 de
739 2496 824 2544 collat.
836 2491 880 2558 (aa,
891 2490 921 2559 e).
933 2493 965 2541 L.
975 2505 1007 2544 1e.
1024 2494 1056 2542 Ι).
1069 2495 1101 2543 de

143 2564 219 2615 cond.
235 2578 315 2613 eausa
329 2563 391 2612 doto
407 2560 452 2627 (12,
466 2560 498 2628 t).
513 2590 548 2600 -
564 2562 627 2613 Fein
643 2561 793 2614 ‘Collation'
805 2580 834 2629 p.
845 2576 879 2616 91.
931 2561 952 2628 ²)
970 2563 1008 2627 Cf.
1024 2564 1056 2615 L.
1066 2576 1100 2617 52.

143 2636 167 2697 θ.
182 2646 203 2685 s.
223 2633 255 2682 D.
266 2647 318 2697 pro
333 2648 385 2683 soe.
401 2632 445 2695 (aa,
460 2633 490 2698 a).
511 2633 542 2682 L.
559 2647 579 2685 1.
599 2636 639 2695 §i-
657 2646 689 2685 1o.
706 2648 738 2685 11.
754 2646 787 2687 rs.
812 2635 846 2684 D.
861 2636 893 2685 de
908 2637 993 2685 euitat.
1010 2635 1054 2701 (aa,
1069 2635 1100 2702 o).

219 2703 266 2753 tte.
285 2702 319 2753 X.
358 2700 379 2769 8)
393 2702 535 2753 Excidt'sse
549 2706 666 2754 uidetur:
686 2702 722 2755 ‘et
736 2706 768 2755 de
782 2706 870 2755 ani
888 2707 979 2768 infecti
993 2709 1101 2770 stipula·

142 2772 234 2834 tiene',
254 2790 310 2824 eum
328 2774 454 2824 inedicto
473 2790 572 2839 quoque
590 2776 685 2839 duplae
702 2777 892 2839 simulationem
910 2776 971 2842 (quo
986 2780 1102 2841 pertinet

143 2845 306 2895 contrahenda
320 2845 461 2910 aucteritas)
472 2847 558 2895 cautio
568 2846 600 2895 de
609 2847 702 2896 damno
713 2847 810 2910 infecto
820 2856 978 2911 sequeretur.
1003 2848 1042 2897 De
1052 2849 1102 2899 lanc

144 2931 205 2966 nero
219 2918 275 2965 solo
289 2917 430 2965 sententias
445 2916 568 2979 quasdam
587 2916 718 2981 Visipotlai
737 2920 777 2966 uel
795 2916 902 2967 librarii
923 2927 1100 2967 serueuerunt.

149 2986 208 3036 th.
225 2984 374 3036 Heirnbaclt.
390 2987 418 3035 in
433 2986 537 3050 Repert.
553 2987 626 3050 Lips.
642 2999 702 3039 1843.
722 2987 775 3037 III.
786 3003 814 3051 p.
829 2999 876 3039 142.
945 2985 967 3051 ⁹)
982 2988 1056 3038 Haec
1071 2989 1101 3039 ob

142 3049 358 3123 dpoeoce’leoror
372 3058 503 3107 caecidisse
519 3058 646 3108 uidentur.
678 3057 716 3121 Of.
726 3056 758 3106 L.
774 3070 786 3108 t
797 3074 841 3121 pr.
856 3058 888 3107 Ι).
899 3058 931 3107 de
945 3058 1037 3109 domm
1053 3060 1100 3122 inf.

142 3128 189 3193 (ue,
198 3126 230 3194 a).
280 3123 312 3191 ¹⁰)
326 3129 344 3176 i.
355 3143 377 3177 e.
391 3143 443 3178 nen
455 3128 707 3191 fidepromissoribus
721 3130 761 3177 uel
772 3127 978 3192 fideiussoribus,
993 3145 1102 3193 quornm

143 3198 239 3248 durior
254 3199 374 3249 condicio
388 3198 527 3263 quibusque
542 3214 606 3263 epus
624 3215 675 3250 non
689 3206 738 3256 est,
753 3201 872 3262 quonium
886 3200 949 3249 laec
968 3201 1101 3265 stipulatio

142 3284 179 3319 ecc
193 3269 277 3319 edicto
288 3271 424 3332 praeteris
443 3269 537 3319 urbani
551 3271 697 3328 descendit,
713 3272 870 3334 perepra'nos
885 3270 1021 3319 nesciente.
1050 3270 1103 3320 Sed

144 3340 197 3399 nisi
211 3340 285 3389 eliud
298 3340 330 3389 de
343 3341 436 3390 damno
455 3341 551 3404 infecto
570 3342 680 3391 edictum
695 3342 829 3403 praetoris
845 3341 982 3405 pereprini
998 3342 1101 3404 fuisset,

143 3409 208 3460 daec
221 3409 299 3460 uerba
314 3409 346 3460 ab
361 3410 461 3461 urbano
475 3412 566 3461 addita
585 3427 635 3462 non
653 3412 749 3475 forent.
827 3409 858 3478 ¹¹)
875 3410 912 3474 Of.
929 3410 960 3460 L.
976 3422 997 3461 e.
1022 3412 1054 3460 D.
1070 3412 1101 3460 de

143 3495 209 3531 seru.
222 3496 265 3544 pr.
282 3481 337 3531 urb.
354 3481 385 3547 (a,
400 3479 432 3546 a).
448 3480 479 3530 L.
496 3495 528 3532 11.
549 3482 581 3531 D.
596 3484 620 3531 si
633 3497 700 3531 seru.
716 3480 747 3548 (8,
762 3480 794 3547 5).
814 3482 846 3531 L.
863 3492 895 3533 12.
912 3493 946 3533 ue.
966 3482 997 3529 D.
1015 3497 1100 3532 comm.
1143 3478 1148 3485 ’

142 3552 196 3601 dtu.
212 3550 257 3617 (ro,
272 3551 302 3618 a).
323 3552 355 3601 L.
370 3562 465 3605 ss-an
481 3565 514 3604 tr.
536 3553 566 3601 D.
582 3552 613 3603 de
628 3554 720 3603 damno
735 3554 783 3616 tuf.
800 3551 845 3618 (oe,
859 3552 890 3617 a).
