2542 3909
523 225 546 260 0.
566 222 711 258 ementita
729 220 819 256 TESTA.

432 402 467 469 Ο.
487 399 738 467 TREBATIVS
761 398 901 465 TESTA

549 506 667 574 (eiusdem
682 504 786 572 aetatis).

484 610 853 689 Dereligionibus.

250 734 276 794 1.
301 734 426 790 ‘Sacrum
440 732 506 803 est’,
527 740 558 788 ut
573 731 713 787 Trebatius
735 730 805 787 libro
820 730 908 803 primo
924 728 958 784 de
973 728 1151 802 religionibus
1251 788 1252 809 ἶ

186 820 286 895 refert,
308 816 449 891 ‘quioquid
471 824 529 886 est,
558 815 631 889 quod
655 814 768 871 deorum
790 812 924 871 babetur'.
946 842 986 853 --
1011 812 1151 869 Trebatius

185 903 328 978 proianum
351 901 378 957 id
400 901 510 975 proprie
532 899 585 956 dici
607 900 654 969 ait,
677 898 751 971 quod
773 914 804 953 er
824 896 954 969 religioso
970 896 1015 952 uel
1031 912 1108 953 sacro
1124 899 1151 955 in
1251 892 1252 933 3

185 989 325 1044 bominum
347 1002 426 1041 nsum
448 984 699 1057 proprietatemque
722 997 885 1039 conuersum
900 989 952 1037 est.
969 1008 1010 1019 »-
1034 980 1151 1040 Macrob.
1251 998 1252 1019 ³

186 1071 284 1211 sat}
300 1069 443 1209 imbuitis
465 1152 493 1207 in
515 1149 586 1206 libro
602 1152 689 1223 primo
705 1149 868 1223 religionum
883 1149 930 1218 ait,
952 1147 1080 1203 nundinis
1096 1164 1151 1204 ma·

187 1241 329 1312 gistratum
352 1251 435 1309 posse
456 1236 645 1292 manumittere
660 1233 811 1306 iudiciaque
826 1232 960 1289 addicere.
980 1260 1014 1269 -
1033 1230 1151 1289 llaorob
1251 1298 1252 1317 χ

186 1323 243 1378 Sat.
262 1321 291 1391 1,
308 1320 356 1377 16.
373 1318 402 1389 S.
419 1317 468 1376 28.

250 1402 279 1462 3.
304 1403 370 1459 Cum
393 1404 463 1457 enim
486 1400 628 1457 Trebatius
649 1399 718 1455 libro
741 1400 829 1474 primo
851 1398 885 1453 de
907 1398 1088 1473 religionibus
1103 1398 1152 1455 do·

187 1497 255 1559 ceat,
277 1488 428 1543 hostiarum
449 1501 550 1559 genera
565 1499 625 1538 esse
640 1477 723 1554 duo,¹
739 1500 833 1553 unum,
849 1484 876 1537 in
893 1499 947 1557 quo
963 1482 1093 1538 uoluntas
1109 1483 1153 1539 dei
1251 1516 1252 1557 p

187 1589 236 1646 per
251 1579 312 1626 exta
327 1570 498 1642 disquiritur,
521 1566 647 1637 alterum,
662 1568 689 1621 in
705 1583 759 1639 quo
775 1566 835 1622 sola
850 1568 935 1621 anima
951 1566 1003 1622 deo
1019 1574 1152 1633 sacratur,
1251 1558 1252 1575 ¹

187 1655 259 1710 undo
275 1654 356 1709 etiam
372 1653 529 1724 haruspices
544 1650 673 1705 animales
688 1651 736 1705 has
752 1651 855 1706 hostias
871 1658 981 1721 uocant,
1004 1657 1153 1723 utrumque

187 1740 337 1794 hostiarum
352 1752 440 1809 genus
454 1737 483 1790 in
497 1736 614 1791 carmine
629 1750 680 1790 suo
692 1732 828 1807 Vergilius
844 1732 972 1789 ostendit.
989 1763 1023 1773 -
1036 1732 1151 1790 Macrob.
1160 1746 1204 1795 [no]

188 1822 243 1877 Sat.
259 1821 290 1892 3,
305 1819 335 1877 5.
351 1820 381 1891 S.
399 1820 426 1875 1.

250 1902 280 1961 4.
303 1904 369 1959 Nam
391 1904 419 1958 in
440 1902 512 1958 libro
528 1902 562 1957 de
576 1900 757 1975 religionibus
773 1900 908 1957 seeundo:
931 1899 1070 1956 ‘sacellum
1086 1900 1169 1973 est',

187 1991 286 2061 inquit,
310 1987 400 2043 ‘locus
422 2002 523 2061 paruus
546 1984 597 2042 deo
620 1991 742 2041 sacratus
765 2001 827 2040 cum
849 1983 916 2039 ara'.
959 1984 1059 2040 Deinde
1081 1984 1154 2042 addit

188 2072 271 2128 uerba
287 2072 371 2127 haec:
395 2069 541 2127 ‘Sacellum
556 2086 590 2125 ex
605 2067 711 2124 duobus
726 2067 817 2124 uerbis
833 2067 949 2124 arbitror
961 2070 1155 2141 compositum,

188 2158 257 2213 sacri
272 2165 299 2211 et
315 2154 408 2226 cellae,
425 2156 501 2228 quasi
516 2170 591 2209 sacra
606 2150 697 2209 cella'.
712 2181 754 2193 —
770 2151 838 2209 Gell.
856 2152 874 2207 7
890 2148 942 2225 (6),
959 2151 1009 2207 12.
1026 2151 1054 2221 S.
1071 2150 1100 2207 5.

250 2237 280 2298 5.
308 2280 357 2297 ...
372 2239 522 2295 secundum
537 2238 701 2306 Trebatium,
725 2237 771 2309 qui
786 2235 820 2291 de
834 2235 1012 2309 religionibus
1029 2234 1097 2292 libro
1113 2252 1156 2293 se·

188 2326 274 2398 ptimo
290 2324 340 2379 ait:
364 2318 441 2377 ‘Luci
464 2315 515 2400 (si)
537 2324 584 2394 qni
606 2328 672 2376 sunt
692 2322 718 2375 in
735 2320 817 2392 agris,
841 2321 887 2393 qui
900 2318 1046 2393 ’quondam
1062 2314 1156 2377 bello²

190 2407 261 2479 capti
283 2414 363 2475 sunt,
398 2406 449 2460 hos
471 2404 549 2460 lucos
572 2404 664 2459 eadem
686 2404 839 2474 ceremonia
861 2419 992 2476 moreque
1013 2396 1157 2478 'coinqui3

188 2489 334 2562 haberique
350 2495 471 2560 oportet,
488 2495 518 2542 ut
533 2494 639 2542 ceteros
655 2486 743 2557 lucos,
759 2489 805 2560 qui
820 2490 847 2542 iu
862 2488 975 2561 antiquo
987 2503 1053 2560 agro
1065 2487 1154 2545 srmt'.

192 2602 231 2612 -
244 2571 319 2627 Serv.
335 2570 368 2626 ad
384 2571 449 2625 deu.
467 2570 517 2640 11,
532 2568 605 2626 316.

252 2652 282 2711 6.
305 2654 364 2709 Hoc
379 2654 441 2709 loco
455 2670 511 2709 non
525 2654 641 2709 alienum
658 2653 765 2709 uidetur
780 2654 813 2710 de
827 2654 983 2711 conditione
997 2670 1094 2713 eorum
1106 2656 1155 2711 bo·

190 2740 292 2796 minum
307 2737 421 2808 referre,
445 2753 516 2810 quos
530 2738 607 2811 leges
622 2754 715 2793 sacros
731 2754 790 2793 esse
806 2740 886 2794 certis
902 2738 952 2795 diis
966 2737 1075 2794 iubent:
1092 2740 1155 2811 qnia

189 2839 246 2879 non
266 2824 376 2895 ignoro,
399 2819 558 2893 quibusdam
579 2823 675 2877 mirum
693 2821 788 2893 uideri,
811 2821 959 2895 quodcum
975 2831 1156 2879 ceterasacra

191 2906 290 2962 uiolari
305 2904 381 2960 neias
397 2907 445 2975 sit,
460 2905 597 2961 hominem
613 2922 719 2961 sacrum
734 2907 776 2961 ius
791 2905 876 2961 fuerit
891 2906 986 2962 occidi.
1021 2905 1103 2962 Cuius
1118 2908 1157 2961 rei

191 3006 273 3047 causa
294 2989 361 3044 haec
383 2997 434 3046 est.
462 2988 574 3045 Veteres
589 2990 693 3046 nullum
709 2990 805 3045 animal
821 3006 928 3045 sacrum
942 2991 970 3045 iu
985 2988 1085 3046 linibus
1100 2992 1157 3047 suis

106 3119 111 3128 ,
191 3090 251 3129 esse
266 3072 450 3147 patiebantur,
465 3072 514 3129 sed
526 3072 669 3147 abigebant
682 3071 790 3129 adfines
802 3073 925 3143 deorum,
941 3075 1039 3147 quibus
1051 3090 1157 3130 sacrum

191 3166 279 3214 esset:
302 3159 404 3213 animas
420 3173 487 3213 uero
502 3165 668 3213 sacratorum
683 3157 832 3227 bominum,
848 3173 918 3229 quos
934 3158 1027 3213 Graeci
1042 3149 1157 3227 ζωάνας

190 3249 301 3311 uocant,
324 3241 364 3297 dis
387 3239 491 3296 debitas
514 3240 698 3297 aestimabant.
732 3239 961 3307 Quemadmodum
983 3243 1070 3314 igitur
1085 3241 1157 3316 quod

192 3356 387 3365 ,-----

264 3403 285 3471 ¹)
301 3405 340 3468 Cf.
351 3404 512 3468 Morqnordt
521 3404 592 3454 Rom.
603 3405 656 3453 Ait.
667 3404 703 3453 iv.
715 3420 744 3467 p.
759 3416 806 3457 366.
826 3404 973 3455 Hartmann
990 3404 1061 3455 Ordo
1076 3407 1154 3455 tudio.

186 3486 259 3541 pto.
301 3472 455 3541 ¹)Scrdpm'5
469 3476 570 3526 concilio
585 3474 649 3539 (pro
668 3475 755 3539 quood.
770 3476 840 3539 bello,
860 3474 965 3543 opinor)
983 3476 1041 3525 edd.
1070 3476 1156 3526 Antea

185 3553 248 3613 post
261 3546 320 3595 lu·ci
332 3549 451 3611 supplevi
464 3547 494 3597 si.
532 3544 554 3612 ³)
568 3545 676 3609 conquiri
690 3546 747 3594 edd.

68 3812 200 3867 A
