2542 3909
436 217 495 256 am
511 219 603 258 aaut.
621 201 656 256 11.
677 206 825 258 aea-eea.
1039 203 1105 272 2⁷3

154 357 214 420 εει,
239 365 275 406 ue
300 355 344 406 cut
368 349 430 423 plus
453 349 606 424 legatorum
627 349 736 406 nomine
756 351 889 408 mortisue
906 367 989 410 cauea
1011 368 1106 426 capere

154 432 263 504 liceret,
286 449 365 506 quam
387 433 500 492 treredea
521 440 663 506 caperent:
684 450 715 490 er
738 447 792 507 qua
813 433 873 508 lege
896 435 973 508 plane
998 436 1105 509 quidem

154 516 253 589 aliquid
274 519 369 590 utique
397 516 510 574 heredes
537 516 636 574 habere
662 515 837 588 uidebantur;
865 527 908 574 εει
937 527 1024 578 tamen
1050 519 1107 577 lere

155 601 249 657 uitium
271 601 359 658 simile
380 599 556 660 nascebatur:
579 616 640 656 uam
663 601 690 658 in
713 600 812 658 multas
834 601 1029 676 legatariorum
1044 619 1105 678 per·
1145 609 1148 615 '

154 699 233 740 sonas
254 683 401 743 distributo
421 680 583 758 patrimonio
602 683 719 758 ’poterat
739 679 901 759 (ιεειαιον)1
921 687 988 744 adeo
1013 686 1107 746 heredi

154 769 290 824 minimum
313 768 481 842 relinquere,
505 777 614 828 utnon
635 767 775 842 expediret
796 768 906 842 heredi,
936 770 1015 828 huius
1038 771 1106 828 lucri

154 841 248 927 graltia
270 853 355 910 totius
377 852 533 912 hereditatis
548 869 630 909 onera
650 854 794 912 sustinere.
829 848 896 910 227.
918 853 983 910 Lata
999 863 1042 913 est
1056 857 1179 919 ita-113,

153 950 206 1009 que
225 934 414 1009 terrulenta,
434 952 486 1011 qua
507 946 617 996 cautum
638 944 697 1008 eat,
720 953 753 992 ne
769 937 830 1012 plue
846 937 879 994 ’ei
894 933 1004 1011 legare²
1027 939 1106 996 liceat

154 1036 233 1093 quam
248 1019 422 1077 dodrantem:
437 1023 528 1096 itaque
542 1037 654 1078 necesse
668 1028 721 1092 est,
736 1028 766 1076 ut
777 1021 856 1078 lueres
869 1027 990 1095 quartam
1003 1030 1105 1095 partem

153 1103 308 1162 hereditatis
324 1103 434 1162 habeat:
455 1115 483 1164 et
503 1106 557 1164 laoc
575 1120 647 1160 nunc
661 1105 720 1160 iure
735 1105 845 1163 utimur.
889 1102 959 1164 228.
981 1103 1010 1161 ln
1026 1104 1106 1162 liber·

155 1187 255 1244 talliam
270 1204 382 1262 quoque
402 1189 496 1248 dandis
511 1188 620 1248 nimiam
641 1187 775 1244 licentiam
796 1189 956 1262 conpescuit
973 1187 1016 1246 lex
1031 1185 1105 1246 nana

152 1269 271 1342 Caminia,
285 1274 356 1329 sicut
369 1273 498 1346 imprimo
513 1270 707 1331 commentario
722 1272 888 1330 rettulimus.

216 1355 251 1404 lle
264 1357 378 1408 inutiliter
390 1357 480 1410 relicus
494 1360 585 1425 legatia.
622 1350 690 1413 229.
707 1356 776 1412 Ante
789 1356 895 1414 heredis
907 1357 1104 1414 institutionem

153 1438 288 1497 inutiliter
302 1440 418 1515 legatur,
440 1436 543 1493 scilicet
564 1439 626 1511 quia
642 1447 802 1496 tentamenta
817 1442 872 1496 uim
887 1457 919 1498 ex
934 1442 1105 1499 institutione

153 1522 259 1580 heredis
273 1526 424 1599 accipiunt,
444 1530 472 1578 et
493 1518 528 1576 ob
548 1520 575 1576 id
596 1522 673 1580 uelut
694 1531 775 1597 caput
795 1531 822 1581 et
843 1523 1048 1582 tundamentum
1066 1526 1106 1580 iu·

152 1607 290 1680 tellegitur
315 1611 401 1666 totius
427 1606 580 1666 testamenti
606 1607 714 1664 heredis
742 1609 889 1665 institutio.
946 1605 1018 1669 230.
1046 1607 1107 1666 Pari

151 1694 256 1750 ratione
280 1708 331 1750 nec
356 1692 465 1750 libertas
488 1696 551 1746 ante
572 1690 680 1748 heredis
702 1691 902 1750 institutionem
925 1691 983 1748 dari
1004 1700 1105 1767 potest.

80 1771 217 1835 [1961231.
244 1775 337 1834 Nostri
360 1781 552 1850 praeceptores
578 1789 628 1832 nec
655 1781 773 1834 tutorem
799 1792 832 1832 eo
857 1777 920 1836 loco
945 1775 1004 1832 dari
1025 1791 1107 1850 posse

151 1860 318 1917 existimant:
343 1868 386 1917 εει
406 1860 495 1918 Labeo
516 1865 543 1915 et
563 1857 696 1921 Proculus
717 1868 837 1917 tutorem
856 1876 938 1934 posse
959 1860 1017 1917 dari
1039 1858 1106 1933 (pa-

151 1939 239 2020 tant),
266 1943 341 2018 quod
368 1943 435 2002 nihil
461 1958 496 2000 ea
523 1941 675 2000 hereditate
703 1950 833 2018 erogatur
859 1944 958 2002 tutoris
986 1942 1104 2000 datione.

149 2027 218 2090 282.
240 2031 307 2088 Ροει
328 2040 443 2088 mortem
465 2048 576 2105 quoque
597 2030 705 2087 heredis
726 2029 859 2088 inutiliter
880 2028 997 2103 legatur,
1018 2028 1046 2086 lrl
1064 2038 1108 2088 eat

150 2115 203 2172 hoc
216 2116 311 2172 modo:
335 2131 398 2175 cvra
411 2132 512 2173 nenne
526 2130 609 2173 meve
623 2129 769 2173 nonanes
784 2129 868 2180 narr,
887 2128 930 2171 oo
946 2127 1040 2186 cneo,
1062 2123 1109 2171 aut

149 2215 244 2259 nero.
273 2201 312 2256 ita
325 2208 416 2256 autem
430 2208 504 2256 recte
519 2199 641 2273 legatur:
662 2213 724 2258 cula
738 2213 840 2257 anans
855 2188 982 2277 (nara)³
996 2211 1108 2256 uonia-

149 2299 225 2354 nvn,
247 2284 380 2356 quianon
401 2290 597 2356 postmortem
615 2280 722 2340 heredis
738 2281 918 2354 relinquitur,
940 2280 988 2338 aed
1012 2281 1107 2337 ultimo

148 2369 221 2424 uitae
240 2369 299 2423 eins
319 2375 450 2440 tempore.
488 2382 595 2422 rursum
616 2368 654 2422 ita
674 2382 729 2422 non
755 2374 849 2440 potest
869 2365 970 2440 legari:
997 2381 1108 2422 raanan

150 2466 237 2516 cvera
260 2465 359 2508 nnana
383 2465 465 2509 neve
490 2465 667 2517 nonnarum
690 2449 762 2523 quod
786 2465 840 2506 non
862 2451 983 2523 pretiosa
1003 2447 1110 2505 ratione

224 2613 244 2683 ¹)
257 2617 302 2666 Ex
314 2617 363 2684 Bp.
378 2615 494 2683 (δόσει.)
512 2621 545 2682 cp'.
565 2618 659 2668 addidi
676 2616 733 2683 (aed
750 2625 811 2668 nota
830 2625 839 2667 ι
857 2618 968 2680 focillate
985 2617 1011 2666 h.
1026 2619 1042 2666 l.
1062 2633 1109 2667 erc-

150 2690 239 2739 cidere
248 2696 355 2752 poterat
368 2706 456 2754 qaam,
474 2705 524 2753 qno
541 2688 633 2738 Gaison.
648 2703 703 2738 eam
716 2687 857 2752 supplebat,
875 2696 935 2738 ante
948 2704 971 2738 o.
986 2686 1035 2753 nt);
1055 2695 1110 2752 pot-

150 2760 273 2810 created.
288 2759 337 2824 Bp.
352 2767 445 2825 poterat
459 2774 482 2810 a.
497 2760 521 2812 n
535 2773 567 2808 m.
583 2759 685 2822 relinqui
698 2761 736 2808 rei
749 2773 804 2810 mea
818 2761 852 2822 εἰ.
867 2754 978 2809 ‘Gaa'aa’
995 2775 1024 2822 p.
1038 2769 1073 2812 tn.

150 2825 173 2894 ²)
187 2831 210 2880 ei
225 2829 252 2880 0.
266 2837 292 2880 et
304 2830 345 2880 ed.
359 2845 414 2880 mea
429 2844 463 2892 1.‚
481 2829 526 2880 aar·
539 2831 703 2885 convertam
721 2829 791 2893 qaod
803 2845 872 2879 nunc
886 2827 954 2894 (cum
968 2823 1108 2880 ‘tentator'

147 2899 301 2966 praecedat)
313 2900 386 2963 ferri
395 2905 489 2962 pateat.
521 2899 631 2965 ideoque
645 2902 694 2954 noc
707 2902 758 2951 iam
772 2899 816 2952 aaa
829 2915 864 2952 ea
882 2900 909 2950 V
909 2897 931 2934 't
943 2905 1058 2954 coactitii
1076 2901 1109 2962 ei,

152 2985 203 3020 non
217 2986 243 3020 er
255 2972 382 3034 scriptam
392 2969 486 3033 suinae,
500 2974 629 3023 revocant.
685 2967 707 3038 θ)
722 2969 855 3036 Supplevit
867 2969 917 3036 Bp.
931 2972 971 3022 ed.
985 2981 1006 3024 t.

150 3143 174 3176 a.
190 3145 214 3178 a.
229 3138 276 3181 585.
299 3128 337 3191 Of.
351 3130 376 3191 §.
387 3140 434 3182 aaa.
485 3125 510 3199 §-
525 3132 586 3181 227.
605 3131 643 3182 lex
657 3126 777 3198 Falcidia]
791 3145 816 3180 a.
827 3145 852 3180 aa.
863 3141 910 3181 tte.
932 3128 971 3193 Cf.
981 3127 1045 3180 laet.
1055 3131 1072 3178 l.
1083 3145 1106 3181 c.

154 3198 209 3263 etp.
230 3212 264 3259 24,
283 3210 318 3251 tn.
342 3200 413 3263 Epir.
432 3213 453 3263 a,
472 3213 493 3253 e.
518 3201 594 3251 Paul.
609 3213 630 3260 a,
645 3213 665 3253 e.
685 3202 709 3264 ξ.
724 3214 745 3252 1.
764 3200 796 3250 L.
812 3213 878 3264 ιρι.
899 3199 930 3248 D.
949 3200 985 3250 ad
1001 3202 1018 3250 t.
1035 3199 1105 3250 Fato.

148 3268 195 3335 (aa,
209 3269 241 3336 a).
312 3307 317 3320 .
333 3273 393 3323 228.
414 3270 453 3335 Os.
463 3283 485 3330 1,
498 3283 525 3324 aa
538 3286 590 3336 aeq.
645 3267 671 3340 ς.
686 3273 747 3324 229.
768 3271 806 3336 Of.
826 3270 882 3334 erp.
896 3281 932 3330 aa,
946 3281 980 3324 to.
994 3273 1018 3333 a.
1029 3283 1063 3322 aa.
1084 3270 1105 3320 l.

147 3341 182 3390 ae
196 3343 273 3406 tepet.
300 3352 321 3401 a,
335 3339 380 3406 ιο).
432 3337 953 3410 §230.=§.ca.1.cn.c>‘.vtp.1,eo.
1008 3335 1033 3409 ξ
1044 3343 1105 3392 231.

150 3410 190 3473 Of.
205 3413 229 3473 §-
244 3423 264 3463 ε.
284 3410 308 3462 Ι.
323 3413 368 3476 pai
381 3411 444 3461 dari
457 3420 502 3462 tat,
518 3411 549 3478 (1,
563 3412 608 3478 aa).
674 3408 699 3481 ς.
714 3414 774 3464 232.
796 3412 834 3476 Of.
854 3413 909 3477 Uip.
924 3422 959 3470 aa,
974 3423 1007 3463 ro.
1028 3412 1104 3461 Paul.

146 3491 205 3538 ac.
224 3483 264 3544 §t-
278 3493 299 3534 a.
314 3493 335 3534 e.
359 3493 381 3542 a,
396 3494 416 3533 1.
430 3484 453 3545 a.
468 3494 502 3534 ιι.
526 3485 551 3545 a.
565 3494 599 3536 aa.
619 3481 689 3534 Lae
703 3485 781 3550 tepet.
800 3481 837 3549 (a,
855 3482 900 3549 eo).
919 3483 993 3547 infra
1011 3493 1038 3542 a,
1057 3493 1105 3536 mo.

147 3551 181 3600 L.
197 3563 230 3604 ιι.
246 3553 273 3602 0.
288 3553 320 3602 de
334 3553 452 3603 contrat.
466 3555 526 3618 atip.
541 3551 574 3618 (ι,
588 3552 633 3620 ιι).

209 3653 308 3689 tumen
322 3657 401 3688 earm
416 3657 466 3689 ιιι.
485 3658 522 3689 ιι).
535 3659 559 3689 a.
891 3647 922 3696 18
