2542 3909
157 212 222 276 280
443 224 503 261 anu
521 224 622 259 rusum.
639 204 676 257 ΙΙ.
694 208 838 259 rot-268.

158 370 191 426 de
206 367 272 442 alla,
294 367 352 422 siue
372 366 456 440 ipsius
478 365 604 440 legatarii
625 365 685 421 siue
703 364 788 420 aliena
804 364 849 420 sit.
885 355 956 419 hoc¹
973 361 1063 419 solum
1080 361 1129 420 olr-

159 449 323 510 seruaudum
338 458 390 520 est,
406 467 440 506 ne
452 450 515 524 plus
528 451 669 524 quisquam
684 457 798 523 rogetur
805 447 864 504 aliis
875 448 1031 518 restituere,
1048 464 1128 522 quam

83 551 139 600 122.
160 537 218 610 ipse
234 551 267 590 er
284 543 449 595 testamento
465 536 582 609 ceperit3
603 550 663 589 nam
681 527 686 609 Ι
703 533 778 606 quod
792 533 907 606 amplius
922 540 975 604 est,
994 533 1129 590 lumiliter

157 620 329 692 relinquitur.
375 614 446 676 262.
467 617 534 674 Cum
551 627 640 675 autem
656 617 801 674 alienares
822 633 871 691 per
889 616 1127 675 fideicommissum

156 703 330 778 relinquitur,
348 719 459 760 necesse
474 711 516 759 est
528 705 563 778 ei,
579 704 624 777 qui
641 709 756 777 rogatus
765 709 819 774 est,
835 707 882 757 aut
892 702 982 775 ipsam
993 702 1128 759 redimere

157 796 184 846 et
199 797 353 863 praestare,
378 797 424 845 aut
446 789 667 845 aestimationem
689 790 751 844 eius
765 786 891 857 soluere,
910 789 985 843 sicut
999 789 1069 844 iaris
1084 795 1128 844 est

157 877 185 930 et
199 876 289 947 siper
303 873 500 930 damnationem
517 873 603 929 aliena
619 889 664 928 res
684 871 773 945 legata
796 872 845 928 slt:
867 878 933 927 suut
953 877 1058 942 tanreu,
1081 874 1127 945 qui

157 966 270 1034 putant,
299 960 322 1014 si
349 975 406 1014 rem
434 974 483 1031 per
511 955 751 1015 fideicommissum
776 954 898 1012 relictam
921 955 1045 1011 dominus
1071 972 1126 1012 nou

159 1044 274 1110 uendat,
299 1044 420 1117 extingui
436 1041 689 1114 fideicommissum,
713 1041 762 1096 sed
784 1040 862 1097 aliam
878 1056 939 1096 esse
957 1055 1063 1096 oausam
1078 1057 1128 1115 per

158 1128 357 1184 damnationem
373 1127 466 1201 legati.

221 1209 292 1270 26³.
321 1211 443 1269 Libertas
465 1223 586 1286 'quoque
614 1226 697 1266 seruo
723 1225 772 1284 per
805 1208 1044 1266 fideicommissum
1071 1210 1127 1266 dari

157 1305 265 1371 potest,
296 1305 326 1352 ut
349 1295 393 1352 uel
422 1295 501 1352 heres
524 1303 641 1369 rogetur
665 1296 872 1366 manumittere,
901 1293 945 1351 uel
967 1294 1126 1370 legatarius.
1264 1354 1265 1373 ,

157 1375 300 1439 ten’uec
310 1383 441 1452 interest,
453 1387 547 1436 atram
562 1381 656 1437 desua
667 1374 804 1452 propria²
817 1395 899 1435 seruo
911 1386 1126 1454 testatorroget,
1142 1385 1196 1438 [²⁰³]

158 1482 192 1522 an
207 1466 240 1521 de
256 1481 299 1536 eo,
316 1467 362 1538 qui
377 1466 461 1537 ipsius
477 1463 585 1520 heredis
599 1472 645 1520 aut
658 1463 784 1539 legatarii
794 1463 838 1520 uei
851 1465 930 1520 etiam
947 1466 1067 1521 extranei
1082 1467 1127 1525 sit.

157 1545 224 1607 265.
237 1549 331 1622 itaque
341 1557 367 1604 et
380 1548 482 1604 alienus
494 1565 592 1604 seruus
605 1548 700 1605 redimi
712 1556 740 1604 et
756 1549 908 1606 manumitti
920 1548 1014 1605 debet:
1031 1549 1128 1623 quodsi

158 1633 284 1690 domiuus
298 1648 359 1688 eum
375 1648 429 1688 uon
446 1632 555 1703 ueudat,
571 1650 635 1690 saue
646 1635 814 1707 extinguitur
830 1631 1036 1690 fideicommissa
1047 1632 1127 1689 liber·

158 1727 207 1788 tas,
226 1717 356 1792 quiahoc
373 1733 445 1774 casu
465 1711 564 1790 pretii³
585 1719 753 1792 computatio
774 1717 848 1773 nulla
868 1719 1026 1775 interuenit.
1055 1712 1126 1780 266.

159 1801 210 1870 Qui
226 1810 317 1858 autem
339 1818 371 1857 er
394 1799 602 1858 fideicommissa
623 1803 835 1872 manumittitur,
857 1819 913 1859 uon
936 1805 1075 1860 testatoris
1097 1803 1127 1860 fit

157 1885 281 1959 libertus,
298 1888 402 1943 etiamsi
417 1888 555 1943 testatoris
571 1903 668 1944 seruus
687 1886 791 1960 suerit,
813 1889 864 1943 sed
879 1889 947 1960 eius,
971 1889 1018 1962 qul
1032 1904 1127 1944 manu·

113 2018 117 2022 .
157 1973 248 2032 mittit.
291 1967 358 2033 267.
383 1973 485 2046 Atqui
509 1972 613 2030 directo
644 1980 807 2029 testamento
831 1971 901 2028 liber
923 1989 983 2029 esse
1005 1971 1127 2046 iubetur,

158 2056 235 2112 uelut
250 2057 303 2114 hoo
317 2056 412 2114 modo:
433 2072 565 2116 suranus
586 2072 705 2116 suavus
722 2052 834 2134 (unas)
851 2073 945 2114 nunus
964 2073 1061 2130 uero,
1082 2057 1127 2114 uei

157 2142 225 2198 hoe:
243 2157 382 2201 arrouvnt
398 2157 521 2200 suovvu
536 2159 623 2201 nuru
638 2160 778 2202 umnnvu
792 2157 867 2200 ussu
884 2158 989 2215 1vnu0,
1005 2144 1029 2200 is
1040 2143 1127 2218 ipsius

158 2229 298 2283 testatoris
321 2225 351 2282 lit
373 2227 497 2283 libertus.
541 2243 592 2284 ueo
610 2228 678 2283 alius
700 2228 772 2284 ullus
793 2226 899 2283 directo
915 2243 947 2282 err
962 2234 1126 2283 testamento

157 2310 309 2368 libertatem
324 2311 423 2366 habere
439 2318 541 2385 potest,
558 2329 639 2387 quam
655 2314 701 2386 qui
715 2321 833 2386 utroque
849 2319 972 2385 tempore
988 2314 1127 2368 testatoris

158 2411 190 2451 er
206 2397 265 2451 iura
281 2395 432 2464 Quiritium
444 2395 550 2467 faerit,
566 2403 594 2454 et
609 2415 665 2471 qao
678 2397 790 2469 faceret
805 2403 1012 2468 testamentum,
1028 2403 1056 2453 et
1072 2414 1127 2470 quo

158 2471 342 2557 moreretur!

80 2576 138 2627 123.
223 2556 305 2620 ⁴208.
319 2563 432 2620 Multum
444 2573 534 2622 autem
546 2565 680 2622 differant
690 2578 736 2633 aa,
749 2579 818 2637 quae
828 2580 878 2637 per
887 2561 1127 2622 fideicommissum

231 2694 251 2764 ¹)
266 2697 311 2748 Ea
323 2692 387 2750 snit.
399 2700 443 2750 sed
452 2701 497 2750 hoo
509 2701 535 2750 Ο.
551 2699 608 2749 edd.
619 2713 708 2747 aeruna
718 2697 761 2747 sed
773 2698 988 2761 capraecedeate
997 2698 1030 2747 sit
1040 2706 1127 2747 natam

157 2771 267 2821 videtur.
290 2769 393 2822 Errare
407 2771 455 2837 Bg.
470 2772 510 2821 ed.
521 2780 541 2822 o.
561 2784 599 2818 me
613 2770 693 2832 prius
707 2768 751 2818 sed
766 2766 836 2832 (anta
851 2767 935 2835 etiam)
949 2770 1066 2819 omittere
1080 2771 1126 2817 ait.

159 2837 240 2906 ¹)Eaa
254 2840 317 2891 Inst.
336 2842 427 2892 Gdsalt.
447 2841 582 2904 supplevit.
654 2835 674 2904 ³)
689 2839 735 2889 En
753 2839 779 2889 V
779 2836 800 2872 Β*
813 2848 838 2889 et
850 2838 920 2889 sanz·
938 2842 987 2903 ψ·
1006 2841 1128 2888 similiter

158 2913 291 2978 quaedam,
306 2929 371 2978 qaae
384 2919 527 2977 aequantur
541 2911 564 2972 ξ.
580 2922 633 2970 rot,
648 2926 683 2961 ex
698 2910 762 2961 Inot.
840 2908 863 2978 ⁴)
879 2911 1045 2961 Praecedaat
1059 2912 1128 2961 duae

158 2986 242 3033 lineae
254 2984 313 3046 fere
327 2999 438 3045 vacuae,
451 2981 575 3032 rubricae
590 2983 744 3033 destinatae.

230 3088 254 3159 §-
264 3093 324 3141 262.
335 3113 369 3131 ==
379 3091 401 3150 ς.
413 3099 432 3136 1.
457 3087 478 3138 I.
494 3089 536 3138 ait.
556 3087 611 3152 Uip.
622 3101 657 3150 aa,
667 3100 688 3142 5.
710 3090 919 3154 Paa1.4‚r.§.a.
938 3090 970 3140 L.
982 3102 1016 3141 ιι.
1031 3091 1053 3153 5.
1064 3102 1084 3142 a,
1096 3090 1127 3145 L.

158 3173 192 3213 80.
207 3164 230 3224 ἓ.
242 3165 286 3211 alt.
298 3162 329 3209 D.
341 3161 373 3209 de
383 3161 431 3224 leg.
442 3169 462 3208 ³.
500 3155 633 3227 §§.263-
641 3163 700 3212 267.
714 3162 752 3226 Os.
764 3163 796 3213 de
806 3164 899 3213 ordine
909 3178 991 3226 aapra
1000 3164 1041 3225 ἕξ.
1052 3173 1127 3214 rto-

158 3245 209 3294 1903
224 3234 256 3282 de
269 3248 299 3281 re
314 3253 347 3273 =
361 3233 384 3293 ὅ.
400 3240 419 3279 2.
439 3228 461 3277 I.
476 3231 532 3281 eod.
548 3229 584 3297 (2,
599 3231 645 3299 rt).
670 3232 780 3297 Theopit.
795 3247 820 3297 1,
835 3246 869 3297 tt,
885 3248 904 3285 1.
968 3229 994 3302 ξ.
1009 3235 1069 3285 263.
1087 3233 1126 3296 Os.

157 3303 376 3367 Epit.e‚t.§.a.
402 3298 554 3364 Ulmanus.
575 3315 630 3364 aa.
652 3304 978 3367 Poat.4,1n.5.t.t,1s.
1029 3300 1125 3372 §.ted

160 3374 198 3437 Cf.
218 3386 242 3435 n,
262 3383 308 3424 ror.
328 3383 375 3423 aar.
400 3369 470 3433 Epir.
489 3375 505 3422 t.
526 3389 548 3424 a.
572 3374 625 3438 Uip.
640 3387 666 3437 2,
685 3386 720 3426 ro.
784 3372 810 3444 ξ.
826 3378 886 3428 not.
907 3375 976 3440 Epir.
995 3377 1011 3425 t.
1028 3392 1050 3426 o.
1070 3374 1126 3439 Utp.

158 3456 182 3506 n,
202 3455 235 3494 11.
255 3442 286 3491 L.
306 3453 327 3494 o.
349 3441 373 3492 0.
392 3441 416 3492 Ιι.
436 3448 452 3490 t.
475 3443 511 3508 (a,
529 3443 560 3510 e).
581 3448 604 3508 §-
620 3446 743 3498 nteit
816 3442 974 3515 §.tuden
994 3446 1126 3512 [stoma.

157 3514 297 3578 Epitto
371 3508 396 3580 §-
413 3513 473 3562 267.
490 3515 528 3578 Of.
548 3515 603 3580 Utp.
619 3528 640 3580 r,
655 3529 675 3568 a.
690 3529 711 3568 e.
732 3530 756 3579 1,
771 3528 804 3569 aa.
878 3514 980 3587 §.nott
1002 3517 1040 3582 Cf.
1056 3516 1126 3580 Epir.

156 3597 213 3649 m.
233 3585 292 3644 §.a
313 3583 487 3646 infra§.284.
