2542 3909
421 199 487 238 mun
504 202 600 240 neem
617 203 689 239 enar.
708 183 741 237 V.
762 190 803 239 lu.
951 194 954 201 '
1027 185 1090 249 543

135 328 241 403 pudore
256 330 325 385 aeris
341 328 421 385 alieni
436 330 481 387 uel
497 330 660 388 ualetudinis
675 332 788 391 alicuius
803 334 968 407 impatientia
984 334 1036 390 hoe
1047 333 1093 389 ad·

135 414 227 484 misit,
247 429 303 470 nou
323 414 563 487 inquietabuntur,
586 416 635 472 neri
657 417 806 474 ordinariae
822 419 989 475 successioni
1011 417 1094 473 relin-

136 505 264 571 qualum

290 574 335 659 [L.
351 579 402 639 to.
418 581 449 653 8.-
463 581 492 640 3.
515 582 552 639 D.
566 585 602 641 cte
615 588 681 642 iure
694 587 761 657 litet
774 578 839 662 (49,
857 578 935 661 14).]

199 662 231 722 Β.
255 657 304 721 ¹Ei
319 666 399 721 etiam
415 666 493 722 uelut
505 666 619 741 indiguo
642 668 781 725 auferetur
797 668 949 739 heratius,
965 671 1012 742 qui
1026 666 1095 725 ’rite

134 742 217 805 nem²
241 749 283 805 uel
307 758 465 822 cognatum,
487 753 532 807 cui
552 753 611 824 ipse
633 751 666 807 ab
688 753 817 809 intestato
833 764 1011 809 eucceseurue
1025 762 1094 824 erat,

134 842 329 891 testamentum
343 834 431 891 iacere
445 833 595 907 prohibuit,
609 843 658 892 aut
672 849 706 891 na
720 836 779 890 iure
797 834 968 912 eubehteret,
984 846 1094 909 operum

290 994 334 1078 [L.
351 1000 403 1059 21.
424 1002 461 1059 D.
477 1004 514 1059 eie
527 1004 584 1072 hie,
599 1014 676 1075 quoe
690 1008 722 1059 ut
735 1003 794 1059 ihd.
812 998 878 1077 (at,
893 994 952 1079 9).}

200 1081 229 1143 8.
251 1076 298 1141 ³Si
313 1093 395 1158 pater
407 1085 453 1141 uei
467 1085 592 1141 domiuus
607 1086 635 1141 iri
651 1093 929 1159 testamentumque
945 1085 1017 1143 filiae
1032 1088 1094 1144 eius

135 1168 181 1225 uol
195 1185 294 1224 uenus
307 1168 423 1226 heretice
443 1170 563 1226 tuntituti
576 1178 641 1225 euut
656 1181 703 1226 aut
718 1170 837 1244 legatum
854 1178 1028 1244 aeceperunt,
1044 1171 1092 1227 iai·

134 1268 199 1309 sum
218 1252 383 1326 redarguant
402 1265 454 1310 uec
474 1253 628 1322 obtineant,
650 1252 715 1311 heco
738 1253 814 1310 iocur
838 1264 889 1311 est.
934 1253 963 1315 4.
986 1249 1095 1311 iterati

135 1338 207 1406 eius,
222 1338 269 1408 qui
284 1347 391 1393 accusat
407 1345 613 1408 testamentum,
629 1338 652 1393 si
668 1354 723 1394 non
740 1336 870 1409 obtineat,
885 1340 1008 1395 succurri
1022 1339 1094 1395 nolet

135 1421 163 1475 iu
179 1418 217 1485 id,
235 1420 308 1492 quod
322 1422 361 1477 ita
374 1422 476 1490 amieit3
492 1423 604 1477 manime
618 1423 642 1478 ri
657 1421 759 1477 tuteris
773 1431 819 1477 aut
834 1423 967 1479 curatoris
978 1422 1095 1479 consilio

135 1503 208 1560 actio
223 1504 346 1559 instituta
361 1506 406 1561 sit.

365 1580 410 1664 [L.
427 1588 476 1646 36.
499 1589 535 1645 1).
552 1590 587 1645 de
602 1592 704 1648 minor.
720 1580 764 1667 (4,
781 1583 857 1667 4).?]

199 1667 227 1728 ii.
252 1664 301 1728 ⁶ln
316 1688 347 1727 ea
363 1675 511 1746 prouincia,
528 1690 559 1730 er
575 1690 627 1748 que
644 1676 704 1747 quis
721 1675 855 1746 originem
869 1673 954 1745 ducit,
974 1672 1094 1731 cilicium

136 1753 227 1811 fiscale
243 1755 430 1813 administrare
445 1756 615 1831 prohibetur,
631 1774 665 1813 ne
681 1764 727 1813 aut
743 1759 879 1830 gratiosus
891 1764 937 1813 aut
949 1758 1093 1815 calumnio-

136 1855 183 1895 sus
206 1840 278 1912 apud
294 1853 360 1896 suos
383 1857 443 1897 esse
466 1840 598 1897 uideatur.
644 1831 673 1897 6.
698 1832 828 1907 flQuoties
850 1842 909 1896 sine
932 1834 1095 1897 auctoritate

135 1915 246 1979 iudicati
269 1915 399 1980 officiales
421 1919 532 1980 alicuius
555 1922 626 1979 hona
649 1931 784 1997 occupant
806 1914 850 1979 uel
872 1922 1027 1980 describunt
1048 1919 1094 1980 uei

135 1999 187 2062 sub
203 1998 414 2064 obseruatione⁷
430 2024 490 2065 esse
504 2002 621 2080 iaciunt,
638 2004 710 2063 adito
726 2010 903 2080 procuratore
918 2008 1015 2063 iniuria
1030 2006 1095 2063 sub·

60 2104 125 2155 [448]
137 2099 283 2160 mouetur,
305 2100 333 2147 et
355 2092 393 2146 rei
414 2091 495 2148 huius
518 2098 643 2149 auctores
661 2084 694 2147 acl
709 2090 875 2165 praetectum
892 2092 1028 2164 praetorio
1044 2108 1095 2166 pu·

136 2174 227 2230 uiemii
249 2176 404 2235 mittuntur.
447 2169 473 2235 7.
493 2164 596 2232 ⁸Litem
619 2176 646 2231 in
668 2176 812 2248 perniciem
833 2174 1001 2249 priuatorum
1027 2170 1094 2231 h‘sco

136 2257 231 2314 donari
246 2274 301 2314 nou
318 2261 439 2332 oportet,
454 2276 505 2316 uec
519 2258 551 2315 ah
567 2254 661 2316 eodem
678 2252 802 2315 dormiam
818 2255 926 2331 suscipi.
971 2244 999 2315 Β.
1022 2249 1093 2315 9liu·

136 2345 289 2415 peratorem
311 2334 368 2398 titia
388 2359 468 2399 caum
489 2340 615 2400 heredem
639 2342 744 2399 institui
767 2342 932 2399 inuidiosum
960 2351 1014 2399 est:
1043 2348 1095 2399 nec
1126 2355 1128 2362 ·

137 2428 209 2482 enim
224 2425 401 2483 calumniandi
417 2427 573 2485 facultatem
589 2444 620 2483 er
638 2421 777 2502 principaii
793 2429 931 2483 maiestate
943 2428 1001 2501 capi
1013 2433 1094 2500 opor·

139 2511 187 2567 tet.
224 2496 253 2566 9.
272 2502 341 2567 ¹⁰E1
357 2510 429 2567 nuda
443 2511 639 2586 pollicitatione
653 2508 727 2567 uuila
743 2509 811 2567 actio
828 2510 962 2580 nescitum
978 2504 1096 2585 ideoque

137 2596 195 2650 eius
210 2592 296 2667 hona,
318 2596 413 2669 quise
433 2595 558 2651 heredem
580 2598 769 2669 imperatorem
790 2596 922 2651 iacturum
939 2612 999 2651 esse
1013 2598 1096 2652 iacta·

137 2686 225 2750 uerat,
240 2696 255 2735 a
272 2676 337 2735 fisco
353 2682 477 2753 occupari
493 2696 547 2735 uon
563 2689 688 2752 possunt.

139 2829 178 2894 Os.
187 2830 271 2880 huit.
286 2830 422 2881 Dedebae.
433 2845 486 2881 eor.
496 2831 541 2895 qui
550 2833 609 2879 anie
618 2835 681 2879 rent.
692 2826 787 2894 (cestr).
829 2826 848 2896 1)
860 2830 900 2894 Cfi
909 2830 942 2881 L.
953 2844 964 2881 1
971 2846 1015 2895 pr.
1031 2832 1062 2881 D.
1071 2834 1096 2881 ei

138 2902 197 2965 quie
210 2903 272 2965 aliq.
287 2906 342 2951 teat·
357 2900 404 2967 (99,
417 2898 450 2966 ο).
468 2900 501 2949 L.
516 2912 536 2951 u.
558 2900 584 2949 U.
599 2900 655 2949 cod.
671 2897 703 2965 (6,
717 2900 763 2965 aa),
828 2897 849 2965 ²)
863 2902 881 2949 ι’.
896 2916 917 2950 e.
934 2917 1041 2951 umorem
1056 2904 1097 2951 oei

137 2972 258 3021 moritum
268 2971 324 3035 (Fr.
341 2972 399 3022 Vei.
408 2982 458 3023 2181
467 2983 514 3023 tta.
524 2981 571 3023 eut.
586 2970 618 3022 L.
627 2982 662 3022 tter
676 2972 699 3031 ξ.
708 2984 728 3021 ι.
744 2970 776 3022 Β.
787 2972 819 3021 de
830 2986 899 3020 ueur.
911 2972 956 3035 lut,
965 2969 994 3036 1).
1013 2971 1097 3021 uiuet

139 3041 223 3090 Pand.
239 3041 347 3095 XXIII,
358 3059 387 3106 p.
398 3054 445 3094 aaa.
461 3042 558 3092 Ktenze
568 3043 595 3091 io
604 3041 727 3091 Zeite'chr.
736 3042 759 3105 fr
767 3042 853 3107 perch.
863 3041 934 3090 RW.
948 3041 994 3090 Vh
1001 3040 1096 3107 preto),

138 3114 208 3161 inter
221 3126 284 3176 quoe
297 3114 346 3163 hoc
358 3114 485 3177 facillime
496 3114 557 3176 fieri
566 3119 660 3176 potest.
713 3109 734 3179 ἢ
751 3112 789 3175 Cf.
800 3112 832 3160 L.
842 3116 865 3163 ae
878 3114 901 3173 h.
917 3124 937 3163 a.
957 3112 989 3160 D.
1005 3113 1038 3161 de
1054 3112 1097 3161 hie

137 3197 204 3248 quoe
213 3190 241 3232 ot
251 3184 303 3233 ind.
314 3182 360 3248 (aa,
369 3182 401 3249 e).
439 3181 460 3248 ⁴)
472 3183 510 3248 Of.
522 3182 553 3232 L.
564 3194 585 3235 5.
599 3186 623 3245 §-
632 3195 653 3235 9.
669 3183 700 3232 L.
716 3194 742 3233 aa
748 3185 794 3245 fin.
809 3182 841 3234 D.
853 3183 908 3231 eod.
919 3182 951 3231 L.
963 3192 983 3232 n.
1002 3182 1027 3231 0.
1038 3184 1094 3233 eod.

137 3252 170 3316 (e,
180 3251 224 3318 ao).
271 3251 295 3318 ⁶)
304 3254 343 3317 01⁴.
356 3254 442 3305 Goe‘ac.
454 3255 590 3317 parottad
600 3254 660 3304 Occi.
672 3266 693 3313 r,
702 3267 737 3305 41.
784 3250 805 3319 ⁶)
818 3252 856 3316 Of,
868 3252 912 3301 m:
923 3252 955 3303 de
965 3254 982 3302 i.
990 3254 1051 3316 fisci
1060 3266 1094 3304 it.

139 3322 159 3391 ⁷)
177 3324 215 3387 Cf.
231 3323 262 3373 L.
278 3326 348 3387 ofin.
367 3325 399 3373 D.
414 3325 446 3375 de
460 3341 516 3389 aeq.
531 3327 571 3375 cel
585 3327 665 3375 omitt.
676 3331 747 3389 poce.
763 3322 807 3391 (er,
821 3323 852 3390 a).
918 3320 940 3390 8)
958 3323 995 3387 Cf.
1013 3324 1045 3373 Le
1060 3335 1096 3375 tu.

136 3396 160 3457 §-
174 3406 195 3445 ε.
215 3395 247 3443 D.
262 3396 295 3445 de
308 3397 325 3444 ί.
338 3397 399 3459 staca·
412 3394 458 3461 (to,
471 3396 516 3461 itt
530 3396 563 3448 L.
578 3408 598 3447 u.
625 3392 1023 3460 0.·nefiec.oelreep.(r,1ei.

137 3463 159 3534 ν)
174 3466 224 3516 Eat
237 3469 313 3516 etiam
326 3467 359 3518 L.
374 3476 408 3519 91.
432 3467 464 3516 D.
478 3467 511 3516 de
524 3467 612 3519 hored.
627 3468 686 3516 inei.
707 3466 755 3533 (ne,
770 3467 802 3531 t).
829 3465 867 3529 Of.
883 3468 906 3527 ξ.
922 3468 966 3515 eit.
988 3464 1010 3517 I.
1026 3464 1095 3529 quiin

136 3534 483 3603 mod.teetam.inf.(2,1t).
551 3535 584 3603 ¹⁰)
600 3538 701 3587 Partim
719 3544 792 3587 extat
811 3538 887 3586 etiam
906 3538 933 3585 in
948 3536 980 3585 L.
997 3538 1041 3585 uit.
1061 3536 1094 3586 D.
