2542 3909
176 224 238 289 646
443 245 501 280 uos.
521 245 553 279 ar
571 245 631 280 acii.
651 245 740 280 usarii
757 244 863 280 eccur.

175 366 295 420 Romani
304 366 440 418 institutis
452 366 643 420 adversariam
656 366 860 433 damnantium,
874 367 923 418 aut
935 381 1002 432 prae
1014 381 1128 418 suarum
1143 369 1209 417 [548]

175 434 271 511 legum
290 432 491 509 praeclaritate
515 433 738 502 despicientium.
774 432 837 489 vid,
861 433 982 485 maxime
1004 433 1049 485 tit.
1066 431 1129 491 Vll,

176 502 249 567 init,
274 501 318 552 tit.
337 499 384 553 VI.
409 517 431 556 c.
450 507 473 552 7.
497 517 561 553 cum
583 501 641 553 not.
659 502 743 553 nostr.
762 501 791 554 et
808 499 851 552 tit.
870 498 944 552 XIV.
963 516 986 553 c.
1004 506 1028 554 8.
1052 503 1075 562 §.
1093 505 1129 566 6,,

175 582 248 686 {puae
267 567 351 620 etiam
370 567 465 620 clerici
482 567 661 636 supercilium
679 583 711 619 ac
729 567 832 634 stylum
851 566 969 643 prodere
988 565 1128 620 videntur.

204 650 250 686 am
266 633 320 686 hoc
338 650 402 686 eum
414 635 542 698 voluisse,
561 634 636 702 quod
649 633 802 687 Dirksenus
814 635 943 701 opinatus
955 637 999 688 ast
1010 627 1129 696 (Coruin,

175 702 244 755 iiber
262 700 288 754 d.
309 700 427 754 Collatio
445 703 474 753 in
493 700 583 755 Abhh.
602 700 629 758 d,
642 700 715 754 Berl.
729 701 816 757 Acad.
831 706 903 754 1816.
919 700 981 758 Jan.
995 707 1035 754 19.
1047 718 1074 769 p.
1085 707 1127 755 ai.

176 767 294 824 Hintarl.
315 767 390 825 Schr.
411 768 454 821 ed.
474 766 557 822 Sanio
576 767 611 820 ΙΙ.
650 772 739 831 .100),
757 769 790 821 ut
806 767 913 820 iudices
924 766 1005 823 Rom.
1016 767 1130 835 imperii

175 837 204 888 in
222 835 379 888 iudicandis
398 834 618 888 Christianorum
629 785 825 887 bomanomm
847 834 937 888 causis
958 837 1018 888 tam
1035 834 1130 903 legem

175 903 326 978 Mosaicaip
344 918 427 969 quam
440 902 483 954 ius
501 901 583 955 civile
596 901 677 954 Rom.
689 902 880 968 sequerentur,
893 917 949 955 non
961 902 1044 955 modo
1056 901 1129 954 nihil

68 970 71 977 “
175 969 270 1033 habet,
289 983 344 1034 quo
363 969 506 1038 arguatur,
526 969 573 1022 sed
593 968 679 1022 etiam
692 984 725 1021 ao
737 967 820 1021 redar
859 968 924 1034 itur,
944 969 1019 1036 quod
1031 969 1130 1022 auctor

175 1037 265 1090 libelli
282 1036 360 1105 leges
372 1036 481 1090 divinas
493 1035 549 1088 illis
560 1051 660 1104 parurn
672 1037 752 1088 notas
763 1035 823 1087 mul
864 1035 1030 1089 succinctius
1042 1051 1129 1100 quain

176 1104 315 1157 Romanas
331 1103 430 1156 refert:
448 1103 596 1171 praeterea
612 1103 665 1156 hoc
683 1104 715 1154 ut
726 1103 806 1154 nimis
818 1102 970 1155 absurdum
982 1102 1128 1156 consilium

176 1170 325 1227 (infinitam
343 1171 418 1223 anim
437 1170 626 1223 confusionem
644 1169 807 1237 peperisset,
826 1184 877 1221 nec
894 1170 962 1223 tunc
979 1172 1128 1248 quisquam

176 1237 348 1292 Christianus
369 1237 433 1306 lega
457 1237 579 1290 Mosaica
602 1252 643 1290 eir.
667 1254 708 1305 gr.
731 1237 760 1288 in
782 1237 872 1288 causis
898 1236 1076 1290 hereditariis
1098 1253 1128 1289 sa

174 1305 265 1358 teneri
287 1305 337 1357 aut
359 1304 494 1358 credebat
519 1305 569 1357 aut
593 1303 718 1368 volebat)
741 1302 846 1355 homini
871 1303 1004 1370 prudenti
1030 1303 1128 1372 affingi

136 1451 138 1455 ν
174 1370 1127 1506 rettulistigaldualdtitullsllbaltll‘a22·

175 1505 303 1558 omnibus
325 1504 384 1557 fere
406 1504 474 1557 iuris
496 1504 613 1558 forensis
635 1503 761 1571 partibus
783 1477 887 1570 petita’s
908 1505 999 1558 titulis
1040 1505 1125 1571 ivisit,

71 1605 74 1612 ·
175 1587 327 1638 eorumque
344 1571 374 1622 in
392 1587 561 1638 unoquoque
580 1571 727 1639 praemisit
743 1571 823 1624 velut
839 1587 935 1624 semen
954 1572 1042 1626 divini
1058 1572 1127 1624 iuris

173 1638 357 1714 praecaptum
376 1638 490 1704 aliquod
507 1637 740 1716 legisuMosaicae,
759 1654 815 1691 non
833 1653 868 1690 ex
885 1638 1003 1707 vulgata
1019 1638 1049 1692 id
1066 1655 1126 1692 ver-

172 1705 1127 1850 traiiciturelleltlllmtltll,tollutaeetl

173 1855 259 1907 quam
276 1839 365 1892 laetas
383 1840 493 1908 segetes
510 1838 576 1892 inde
594 1839 767 1906 pullulantes
785 1840 966 1893 auctoritates
984 1842 1050 1894 satis
1068 1855 1125 1893 am-

172 1907 234 2026 plas
253 1922 288 1959 ex
304 1905 383 1960 libris
401 1907 526 1986 quinque
543 1904 681 1983 liltorum,
700 1905 749 1983 qui
766 1907 827 1982 tum
841 1907 962 1985 maxime
974 1907 1003 1984 in
1015 1907 1125 1984 iudiciis

173 1973 442 2094 otelthaim
455 1972 1125 2119 trallisllul¹rdlglusl⁰tttbltlll

172 2107 259 2161 semel
277 2108 363 2186 etiam
382 2108 531 2185 Theodosii
548 2111 645 2184 Magm
663 2108 933 2184 constitutiones-na.
951 2115 1009 2161 390.
1023 2110 1079 2185 (tit.
1090 2108 1124 2163 V.

171 2174 1005 2320 laeliumsaluarcrematuri,
1021 2191 1124 2296 aa

171 2323 250 2362 siano
273 2307 375 2362 Codice
402 2308 545 2362 desnmsit.
586 2307 660 2362 Raro
687 2307 722 2360 de
750 2323 799 2360 suo
820 2307 1124 2364 animadversiunculas
1190 2333 1192 2336 ·

171 2376 298 2428 intexuit.
328 2375 364 2443 Et
380 2376 413 2427 ut
430 2377 503 2440 suut,
522 2390 594 2442 quae
613 2374 727 2428 doctum
744 2374 887 2428 hominem
898 2376 1027 2442 prodant,
1045 2377 1125 2430 velut

171 2443 220 2509 qui
238 2442 324 2496 etiam
341 2442 427 2494 libros
445 2442 521 2496 haud
538 2442 670 2508 vulgares
687 2441 799 2495 illorum
816 2440 945 2496 ICtorum
962 2443 1125 2497 adhibuerit

171 2509 201 2562 et
221 2509 251 2561 in
274 2508 519 2562 constitutionibus
540 2509 698 2580 principum
721 2510 757 2562 ad
778 2509 1013 2588 subscriptionum
1038 2509 1124 2565 fidem

171 2575 296 2628 animum
314 2574 469 2629 adverterit
487 2575 541 2642 (tit,
561 2575 608 2630 VI.
628 2593 652 2628 c.
665 2583 680 2629 ὁ
692 2575 759 2641 fin),
777 2578 844 2628 sunt
860 2577 953 2641 etiam,
971 2578 1124 2646 quaciaria

171 2658 236 2695 enin
253 2658 354 2710 parum
370 2643 494 2710 peritum
511 2641 596 2696 fuisse
615 2644 749 2712 arguant,
767 2643 847 2696 velut
863 2643 939 2710 quod
956 2644 1124 2713 rescriptum

169 2709 199 2761 in
217 2709 261 2762 ul.
279 2711 313 2763 X.
339 2726 362 2762 c.
380 2715 404 2764 8.
428 2710 550 2764 relatum
572 2710 608 2762 ad
631 2709 789 2778 depositum
811 2711 953 2778 pertinere
975 2713 1123 2765 censuerit.

171 2775 251 2840 Quod
269 2792 336 2854 vero
354 2777 495 2896 ‘proximi’
515 2777 736 2845 appellationem
747 2778 777 2830 in
790 2779 889 2830 octavo
902 2777 1031 2856 decalogi
1042 2795 1122 2845 prae-

169 2843 602 2989 bitliiibcffrgtulisscuidetur,
629 2911 796 2989 nonvdivini
817 2911 887 2964 iuris
908 2912 1049 2989 inscitiae,
1072 2912 1123 2965 scd

168 2993 233 3045 piae
252 2978 362 3032 cuidam
380 2977 473 3032 fraudi
490 2978 613 3032 tribucre
636 2978 745 3041 mahm;
769 2978 887 3032 eandem
911 2996 986 3032 enim
1003 2979 1121 3044 redolet,

169 3045 244 3112 quod
270 3045 482 3100 maledictiones
504 3044 566 3098 illas
589 3045 632 3098 tit.
656 3045 702 3100 VI.
725 3045 772 3099 fin.
796 3045 877 3099 finxit
898 3047 966 3115 (vid.
989 3047 1121 3113 ibimet.)

169 3113 199 3164 et
215 3112 309 3232 legepi
328 3113 362 3232 dp
381 3112 554 3166 divinatione
571 3113 714 3181 prohibita
730 3113 773 3170 tit.
791 3112 850 3166 XV.
864 3129 887 3168 c.
902 3120 925 3166 1.
943 3114 980 3168 ad
998 3114 1043 3168 sui
1059 3113 1123 3168 aevi

168 3195 260 3232 mores
299 3197 366 3233 exi.

235 3246 277 3300 Da
294 3248 434 3314 tempore,
452 3261 507 3314 quo
526 3246 595 3300 haec
613 3247 732 3301 Collatia
754 3247 859 3314 scripta
875 3247 974 3312 fuerit,
996 3248 1062 3302 nolo
1079 3263 1122 3302 ar-

167 3315 303 3378 gumenta
320 3329 485 3380 recoquere,
510 3313 610 3378 quibus
628 3330 691 3367 eam
714 3315 811 3381 paucis
834 3316 900 3368 anta
924 3316 1018 3382 quarti
1035 3315 1123 3368 seculi

168 3377 253 3432 finem
270 3379 351 3433 annis
370 3380 553 3448 compositam
571 3397 631 3434 essa
643 3381 778 3449 probasse
788 3381 857 3433 mihi
870 3381 967 3434 videor
978 3381 1122 3448 (Zeitschr.
1204 3395 1208 3399 ’

167 3444 185 3500 l.
205 3449 251 3509 c),
274 3447 441 3513 praesertim
464 3462 527 3498 cuin
549 3463 620 3514 quac
643 3449 744 3525 postea
767 3450 865 3524 contra
887 3447 1031 3516 disputata
1048 3449 1121 3510 sunt,

167 3513 1122 3649 llll?ellitlllllllrlttlttltltllallllttltl
1170 3619 1174 3626 .

386 2885 391 2896 .
410 2845 481 2910 init.)
501 2844 537 2898 ad
555 2844 702 2898 familiaris
719 2845 841 2898 maxima
858 2845 1014 2923 testimonii
1030 2846 1123 2914 prohi-
