2542 3909
451 274 487 310 DE
504 274 616 310 utrumve
634 274 712 309 LIBER
729 274 751 309 1.
1043 267 1084 326 33

119 405 228 477 scriptis
243 400 353 475 legibus
369 401 553 473 institutisque
564 400 727 473 populorum
744 404 819 475 etsi,
835 411 867 460 ut
881 400 967 457 eidem
979 399 1083 476 dicunt,

118 488 235 545 utibtate
258 486 348 541 omnia
369 483 503 540 metienda
517 490 590 555 sunt,
612 485 742 559 negleget
756 486 833 559 leges
848 502 948 558 easque
962 501 1084 559 perrum-

117 579 173 647 pet,
195 571 219 627 si
240 570 355 643 poterit,
374 569 410 638 is,
427 569 472 640 qui
487 565 538 623 sibi
559 582 616 622 eam
632 584 689 623 rem
706 570 872 625 fructuosam
887 568 993 643 putabit
1009 568 1083 637 inre3

117 657 155 712 ita
175 653 220 725 fit,
243 661 274 711 ut
296 652 369 708 nulla
390 652 426 708 sit
448 652 556 709 omniuo
579 651 691 722 iustitia,
713 654 737 708 si
758 653 822 709 ’raon
844 662 941 710 natura
962 661 1018 718 est,
1041 669 1084 709 ea·

118 733 194 813 que¹,
220 752 290 811 quae
311 743 426 809 propter
447 735 592 791 utilitatem
607 738 792 806 constituitur,
818 738 935 793 utilitate
960 736 1004 792 illa
1019 752 1085 793 cou-

118 822 240 879 uellitur.
276 816 324 878 43.
347 821 434 891 Atque
455 820 478 875 si
499 828 594 874 natura
615 818 805 876 confirmatura
819 823 860 876 ius
876 837 932 877 nou
947 820 1009 891 erit,
1033 819 1085 875 tol·

118 906 211 963 lentur
224 900 289 963 aar?
305 903 352 959 ubi
367 904 437 959 enirn
454 901 608 974 liberalitas,
625 902 669 959 ubi
684 905 785 977 patriae
801 906 908 974 caritas,
929 902 974 959 ubi
989 905 1083 976 pietas,

118 989 166 1046 ubi
180 998 228 1045 aut
242 989 311 1044 berre
327 986 447 1043 merendi
462 986 495 1042 de
510 986 595 1043 altero
612 994 657 1041 aut
672 986 829 1043 referendae
845 989 946 1061 gratiae
958 987 1084 1043 uolontas

119 1076 221 1149 poterit
236 1069 377 1129 existere?
392 1087 453 1126 nam
473 1070 539 1127 haec
552 1078 702 1127 nascuntur
716 1087 750 1126 ex
765 1087 812 1140 eo,
836 1072 897 1144 quia
912 1079 1006 1125 natura
1021 1088 1085 1144 pro·

119 1160 198 1233 pensi
213 1172 309 1213 sumus
324 1155 355 1211 ad
371 1153 525 1227 diligendos
540 1155 680 1225 homiues,
701 1154 775 1227 quod
796 1155 999 1211 fundamentum
1019 1154 1091 1211 iuris

119 1250 172 1299 est.
217 1256 306 1311 oeque
328 1238 417 1295 solum
439 1240 466 1293 in
490 1239 612 1294 homines
635 1237 775 1311 obsequia,
797 1239 946 1297 sedetiam
967 1239 996 1294 in
1018 1238 1085 1295 deos

120 1326 298 1382 caerimoniae
319 1322 520 1397 religionesque
544 1321 683 1393 tollentur,
706 1339 772 1395 quas
788 1319 865 1399 (non)
882 1330 966 1392 metu,
989 1330 1032 1379 set
1053 1339 1085 1380 ea

120 1409 324 1477 coniunctione,
346 1422 415 1479 quae
437 1413 480 1461 est
501 1406 602 1461 bomini
624 1424 686 1463 cum
708 1407 769 1477 deo,
791 1407 990 1464 conseruandae
1004 1415 1082 1480 puto.

120 1490 186 1548 titt.
212 1488 289 1558 Quod
304 1492 325 1545 si
342 1489 505 1564 populorum
519 1490 611 1561 iussis,
634 1492 656 1545 si
671 1491 823 1565 principum
838 1491 965 1562 decretis,
983 1492 1007 1546 si
1021 1507 1084 1546 sen·

118 1576 212 1633 tentiis
227 1574 344 1631 iudicum
367 1575 424 1629 iura
447 1574 690 1646 constituerentur,
711 1577 754 1631 ius
769 1583 842 1631 esset
856 1575 1020 1645 latrocinari,
1041 1576 1084 1629 ius

119 1659 283 1728 adulterare,
306 1659 348 1714 ius
369 1665 530 1714 testamenta
552 1657 620 1713 lalsa
642 1675 806 1732 supponere,
829 1660 852 1715 si
871 1660 936 1715 baec
951 1658 1084 1733 suilrapiis

120 1751 166 1800 aut
180 1744 256 1800 scitis
271 1739 451 1797 multitudinis
466 1739 655 1814 probarentur.
681 1739 730 1799 44.
753 1758 821 1816 quae
836 1744 859 1799 si
874 1750 947 1799 tanta
961 1750 1085 1817 potestas

121 1834 164 1884 est
184 1826 334 1883 stultorum
357 1824 499 1881 sententiis
522 1832 604 1899 atque
631 1827 728 1898 iussis,
757 1834 788 1883 ut
816 1820 924 1883 eorum³
950 1826 1084 1901 suffragiis

120 1927 211 1967 rerum
228 1918 322 1966 natura
338 1916 471 1982 uertatur,
488 1926 536 1965 cur
549 1926 605 1965 non
620 1912 754 1981 sanciunt,
769 1917 808 1980 nt,
831 1927 899 1983 quae
914 1910 981 1966 mala
996 1912 1085 1983 pemi-

122 1996 249 2066 cioseque
263 2001 338 2065 sunt,
361 1992 509 2049 habeantur
523 2010 573 2066 pro
596 1992 675 2050 bonis
697 2002 725 2050 et
746 1994 924 2051 salutaribus?
945 2001 992 2050 aut
1014 2010 1086 2066 quor

121 2079 166 2135 ius
182 2094 214 2133 ex
228 2079 324 2133 iniuria
339 2076 383 2133 lex
397 2076 484 2133 iacere
499 2078 596 2150 possit,
610 2077 712 2134 bonum
727 2078 819 2134 eadem
830 2079 919 2135 iacere
930 2094 986 2134 uon
997 2079 1085 2152 possit

121 2178 154 2219 ex
168 2159 259 2218 malo?
273 2162 348 2234 atqui
363 2177 414 2217 nos
429 2160 516 2235 legem
531 2160 627 2217 bonam
642 2180 655 2217 a
671 2162 739 2217 mala
755 2162 828 2216 nulla
842 2162 891 2217 alia
906 2163 957 2216 nisi
972 2170 1085 2217 naturae

120 2262 215 2303 norma
230 2244 352 2303 diuidere
366 2261 528 2319 possumus;
550 2261 601 2301 nec
621 2244 709 2300 solum
724 2246 767 2299 ius
782 2251 809 2299 et
824 2245 920 2299 iniuria
935 2252 1030 2299 natura
1045 2243 1085 2299 di·

120 2330 265 2402 iudieatur,
289 2328 338 2385 sed
360 2328 470 2385 omniuo
493 2330 581 2385 omnia
603 2330 716 2385 honesta
736 2336 764 2383 et
783 2329 882 2401 turpia.
913 2334 1016 2383 namet
1031 2323 1084 2401 (ot)

120 2415 272 2471 communis
293 2412 480 2485 intellegentia
501 2411 580 2468 nobis
604 2421 683 2469 notas
705 2429 749 2469 res
772 2410 853 2468 efficit
876 2428 931 2484 eas,
954 2405 1036 2484 quas⁴
1058 2413 1086 2468 lu

120 2498 216 2553 animis
232 2497 333 2553 nostris
347 2496 498 2567 incboauit,
514 2490 589 2567 (ι’ία)5
605 2498 719 2553 honesta
734 2498 761 2552 iu
776 2499 878 2553 uirtute
892 2507 1041 2571 ponuntur,
1057 2497 1086 2552 in

120 2580 198 2637 uitiis
220 2580 318 2654 turpia.
362 2576 411 2637 45.
434 2594 464 2635 ea
481 2588 574 2637 ‘autem
596 2582 623 2637 in
646 2582 773 2654 opinione
795 2582 959 2652 existimare,
981 2597 1036 2637 uon
1058 2582 1086 2637 in

120 2670 217 2721 natura
237 2666 328 2738 posita
349 2663 481 2720 dementis
503 2672 561 2733 est;
583 2682 646 2721 nam
666 2681 717 2721 nec
737 2665 841 2722 arboris
856 2681 907 2722 nec
920 2666 983 2738 equi
999 2666 1085 2721 uirtus

120 2765 189 2824 quae
204 2748 316 2820 dicitur,
331 2750 359 2803 iu
374 2764 428 2822 quo
444 2746 582 2805 abutimur
595 2751 713 2822 nomine,
725 2751 752 2805 in
768 2751 894 2823 opinione
906 2750 958 2804 sita
970 2757 1022 2821 est,
1036 2749 1086 2806 sed

119 2835 148 2890 in
169 2840 285 2890 natura:
307 2831 382 2905 quod
403 2832 426 2887 si
448 2833 486 2887 ita
507 2840 560 2903 est,
582 2833 697 2888 honesta
719 2850 828 2907 quoque
843 2841 871 2889 et
885 2835 973 2906 turpia
989 2840 1084 2889 natura

120 2915 290 2973 diiudicanda
304 2925 376 2972 sunt.
406 2930 466 2971 nam
481 2917 503 2971 si
519 2917 646 2990 opinione
661 2917 788 2979 uniuersa
803 2919 898 2990 virtus,
918 2916 1011 2973 eadem
1026 2920 1085 2973 eius

120 3002 202 3057 ctiam
223 3007 316 3075 partes
338 2998 534 3073 probarentur:
557 3002 618 3072 quis
641 3002 726 3074 igitur
746 3001 908 3073 prudentem
930 3009 974 3071 et,
996 3009 1027 3056 ut
1048 3003 1086 3058 ita

119 3083 217 3156 diam,
239 3092 330 3141 catum
351 3100 407 3140 uon
427 3100 459 3140 ex
479 3085 564 3157 ipsius
586 3082 688 3154 babitu,
710 3084 758 3139 sed
776 3101 810 3141 ex
827 3086 915 3157 aliqua
931 3101 961 3140 re
976 3094 1086 3142 externa

119 3166 243 3225 iudicetl
265 3176 308 3225 est
329 3169 400 3225 enim
422 3170 509 3225 uirtus
530 3168 650 3240 perlecta
670 3170 749 3239 ratio,
771 3169 845 3242 quod
859 3177 934 3225 certe
948 3171 975 3225 in
990 3177 1086 3225 natura

195 3311 216 3382 ¹)
225 3330 303 3381 neme
360 3322 448 3379 etpost
458 3330 486 3365 ea
496 3315 554 3376 AB,
564 3317 626 3366 vitio
636 3331 672 3367 sc.
681 3332 716 3366 ex
723 3319 925 3383 transpositione
934 3322 999 3366 orto.
1009 3330 1086 3377 neque

120 3400 256 3451 ...eaque
269 3386 309 3436 ed.
321 3385 352 3436 V.
378 3382 400 3452 ²)
414 3386 554 3437 decidisse
566 3387 624 3451 sere
636 3388 736 3438 uirtutes
747 3403 837 3453 omnes,
853 3402 913 3453 quae
927 3387 950 3433 in
965 3386 1087 3433 bominum

120 3456 236 3506 societate
249 3464 381 3507 cernuntur
400 3456 430 3506 V.
445 3460 478 3521 φ’.
490 3458 595 3507 Malim:
608 3459 721 3509 tollantur
733 3461 782 3523 (sio
796 3460 857 3523 AB)
872 3469 972 3505 necesse
987 3461 1024 3503 est
1037 3454 1087 3503 uir·

119 3534 183 3577 tutes
197 3542 281 3577 omues
294 3536 345 3579 etc.
376 3522 397 3586 ⁸)
412 3543 510 3591 quornm
527 3526 608 3591 (corr.
623 3529 716 3595 eorum)
731 3530 828 3582 ABed.
844 3526 877 3579 V·
906 3522 929 3592 ⁴)
938 3539 979 3574 eas
993 3538 1052 3590 quae
1062 3524 1088 3573 Α

120 3610 208 3662 easque
221 3598 300 3650 Bed.
320 3598 353 3650 V.
382 3594 404 3663 ⁸)
418 3598 527 3648 Addidi.
569 3622 572 3625 ·

174 3694 278 3727 mm
291 3694 377 3727 una.
390 3694 444 3725 nn.
457 3694 497 3725 ato.
522 3693 546 3723 v.
839 3690 856 3737 3
