2542 3909
164 208 227 273 346
459 224 521 259 cau
541 224 640 259 marm.
657 205 707 260 IV.
726 211 834 261 10-13.

521 330 532 352 Ο

227 361 275 423 10.
300 364 433 433 Quaedam
448 375 587 440 praeterea
603 375 668 421 sunt
684 367 815 437 actiones,
832 382 900 439 quae
913 366 945 422 ad
961 364 1029 439 legis
1046 367 1129 423 actio·

164 466 225 506 nem
241 452 440 523 exprimuntur,
456 450 587 523 quaedam
603 468 652 507 sua
666 452 692 505 ni
704 467 735 507 ac
745 459 881 524 potestate
898 458 1039 507 constant:
1055 451 1129 522 quod

166 543 197 591 ut
217 534 390 590 manifestum
411 533 473 608 fiat,
497 552 566 608 opus
589 543 647 606 est,
676 542 707 590 ut
730 536 805 608 prius
828 534 862 591 de
884 534 953 609 legis
976 534 1129 592 actionibus
1138 544 1196 598 [aas]

164 620 318 692 loquamur.

228 700 267 763 11.
284 704 420 775 Actiones,
438 706 543 777 quasin
556 715 728 760 usuueteres
743 703 907 774 babuerunt,
923 706 993 779 legis
1009 706 1129 761 actiones

165 788 387 862 appellabantur,
408 788 454 843 uel
474 788 535 844 ideo
556 790 628 861 quod
651 787 757 860 legibus
775 790 898 863 proditae
915 799 1007 860 erant,
1029 791 1129 863 quippe

165 882 231 929 tunc
249 872 334 929 edicta
355 872 505 946 praetoris,
527 874 625 947 quibus
646 874 792 947 conplures
814 876 934 930 actiones
959 874 1130 930 introductae

165 965 239 1030 sunt,
257 956 377 1013 nondum
394 959 422 1013 in
434 974 486 1013 usu
498 957 677 1028 habebantur,
694 958 737 1013 uel
750 958 811 1014 ideo
827 960 889 1032 quia
904 961 1021 1032 ipsarum
1038 959 1130 1032 legum

166 1041 254 1098 uerbis
276 1042 493 1098 accommodatae
509 1053 585 1099 erant
601 1052 629 1098 et
643 1043 704 1098 ideo
722 1042 901 1098 immutabiles
917 1043 1031 1116 proinde
1050 1052 1131 1116 atque

165 1128 240 1198 leges
262 1126 494 1183 obseruabontur:
516 1128 587 1183 unde
609 1143 672 1183 cum
694 1128 757 1200 quis
778 1128 811 1183 de
832 1127 932 1183 uitibus
955 1129 1069 1183 succisis
1093 1128 1130 1181 ita

165 1214 278 1286 egisset,
295 1219 325 1265 ut
340 1213 367 1266 in
383 1212 489 1267 actione
505 1212 576 1267 uites
593 1213 758 1282 inominaret,
774 1228 935 1285 responsum
958 1204 1046 1290 (est),
1069 1228 1131 1267 eurn

165 1312 222 1351 rem
238 1295 403 1369 perdidisse,
421 1298 481 1368 quia
498 1294 634 1352 debuisset
652 1296 761 1353 arbores
778 1299 929 1367 nominare,
949 1312 982 1352 eo
999 1296 1073 1369 quod
1088 1296 1131 1351 lex

165 1394 211 1437 x11
234 1378 398 1450 tabularum,
428 1395 460 1433 ex
482 1398 533 1452 qua
555 1380 587 1436 de
610 1380 711 1437 ultibus
733 1382 847 1437 succisis
868 1383 938 1438 actio
960 1388 1130 1454 conpeteret,

166 1464 332 1537 generaliter
351 1463 383 1519 de
400 1463 541 1519 arboribus
557 1467 669 1522 succisis
689 1466 859 1537 loqueretur.
890 1462 936 1522 12.
952 1464 1024 1539 lege
1041 1473 1132 1521 autem

92 1562 151 1611 191.
166 1547 298 1621 agebatur
314 1548 399 1603 modis
418 1542 421 1625 l
440 1550 569 1621 quinque,
587 1558 772 1622 sacramento,
793 1566 843 1623 per
857 1550 953 1607 iudicis
969 1550 1132 1624 postulatio·

100 1630 119 1667 i·
134 1636 151 1665 ³·
165 1648 237 1703 nem,
260 1648 309 1705 per
324 1632 532 1704 condictionem,
554 1650 604 1707 per
619 1650 713 1689 manus
732 1636 917 1707 iniectionem,
939 1651 989 1708 per
1008 1635 1131 1708 pignoris

167 1718 330 1790 captionem.
744 1747 746 1750 ·

228 1798 271 1858 13.
289 1800 454 1857 Sacramenti
470 1804 540 1858 actio
557 1800 692 1876 [generalis
708 1811 779 1859 erat:
797 1804 833 1858 de
848 1802 949 1876 quibua
964 1804 1034 1858 enirn
1050 1801 1131 1858 rebus

167 1894 197 1942 ut
217 1884 295 1941 aliter
315 1894 459 1959 ageretur,
481 1886 543 1960 lege
560 1894 667 1943 cautum
683 1904 737 1943 non
753 1896 826 1959 erat,
847 1886 880 1943 de
901 1888 945 1943 his
960 1895 1130 1943 sacramento

166 1968 314 2045 agebatur:
330 1986 415 2043 eaque
431 1973 502 2027 actio
519 1970 630 2044 perinde
646 1972 805 2045 periculoso
824 1982 882 2028 erat
902 1971 1047 2045 lalsiloqno
1060 1989 1131 2044 pro-

162 2064 232 2126 pter
252 2050 470 2113 iusiurandnm¹
493 2065 574 2127 atque
596 2056 649 2111 boc
673 2065 796 2129 tempore
818 2058 971 2129 periculosa
992 2065 1034 2112 est
1061 2056 1130 2111 actio

239 2214 259 2282 ¹)
273 2215 319 2266 Sz'c
333 2234 402 2267 nunc
417 2217 475 2275 edo,
489 2218 551 2281 qnia
565 2216 614 2266 ltoc
625 2218 748 2279 proxime
760 2217 796 2265 ad
807 2215 899 2266 Gdsclt.
914 2216 1007 2266 Sched.
1022 2218 1133 2279 speciem

165 2289 291 2337 accedere
305 2295 330 2337 cl
344 2304 424 2352 neque
444 2288 470 2336 V
473 2283 493 2319 Ξῖ
507 2302 588 2351 neque
602 2285 692 2349 Snppl.
707 2285 744 2336 St.
757 2302 784 2349 p.
803 2287 942 2335 XXXIII
952 2286 1062 2352 (tontum
1078 2287 1132 2335 lalsi

167 2354 337 2408 ‘sacramenti
356 2354 448 2407 cuusu'
469 2366 494 2407 et
518 2355 665 2407 lalsi‘dicia’
686 2359 763 2408 initio
781 2374 803 2406 o.
819 2369 845 2407 ιο
863 2355 1019 2423 octantibus)
1038 2359 1131 2407 adver·

165 2449 224 2496 sari
233 2436 346 2503 oidetbr,
359 2448 384 2494 si
392 2448 518 2509 scriptum
525 2447 610 2509 fnisse
616 2447 710 2509 ponis:
724 2426 817 2509 ialsilol}
831 2448 863 2509 [ᾖ
878 2442 896 2491 ᾗ
910 2462 1055 2510 quanquam
1065 2447 1132 2495 idem

163 2518 223 2580 sere
237 2531 328 2565 sensus
338 2523 363 2565 et
372 2518 449 2565 aliter
459 2531 600 2579 emprecsns
609 2532 664 2567 ecce
674 2519 769 2581 potnit,
783 2520 851 2566 velut
860 2518 930 2581 qnod
935 2532 985 2579 per
994 2532 1021 2566 ae
1031 2525 1130 2581 epecta-

167 2595 218 2636 tnm
232 2588 344 2635 maxime
354 2589 457 2649 placet:
472 2584 538 2636 ‘salsi
552 2584 774 2654 i(uria)i(nrondal
786 2584 947 2653 clonlne'ctis’
959 2590 1008 2646 oei,
1022 2596 1050 2637 ut
1059 2589 1098 2637 ed.
1110 2600 1130 2637 s.

165 2660 325 2720 scripseram
336 2654 401 2706 ‘ialsi
410 2657 633 2724 i(nris)i(nrandc')
645 2655 789 2724 nom(ine)’,
804 2658 848 2708 nbi
857 2660 959 2708 notavi:
975 2658 1056 2709 Gaius
1065 2660 1131 2708 enim

166 2744 247 2793 neque
267 2730 369 2779 omnino
388 2736 576 2779 sacromentum
594 2730 659 2793 qnid
671 2737 748 2788 esset,
764 2745 815 2779 non
829 2729 977 2792 empticare.
993 2746 1073 2794 neque
1088 2744 1131 2778 ne·

164 2801 263 2865 potitam
277 2801 304 2849 in
319 2799 370 2849 bac
384 2800 485 2851 notione
496 2802 643 2864 periculum
658 2816 760 2859 creans,
775 2802 819 2850 cni
833 2816 867 2851 em
881 2803 924 2849 aui
937 2802 1059 2865 temporis
1073 2802 1131 2849 inre

165 2872 328 2934 sponsionem
343 2879 484 2935 comparat,
500 2888 550 2922 non
565 2872 744 2921 demonstrare
753 2873 849 2935 potuit.
878 2872 917 2920 De
935 2887 965 2920 rc
980 2873 1014 2935 cf.
1032 2873 1084 2922 Cic.
1100 2872 1131 2922 de

166 2942 211 3005 off.
226 2953 247 3004 a,
262 2954 295 2993 29.
316 2944 339 3004 §-
355 2954 394 2994 106
408 2951 432 2993 et
446 2945 548 2993 omna'no
559 2943 632 2992 Dona
647 2944 694 2993 der
704 2945 808 2992 sacrate
818 2941 923 3001 Sobata,
938 2945 1048 2992 monime
1059 2959 1087 3007 p.
1097 2954 1131 2995 ae.

165 3020 191 3062 et
205 3030 227 3063 c.
242 3026 262 3064 e.
279 3021 303 3063 et
317 3012 376 3062 libr.
392 3030 471 3064 meum
484 3015 546 3074 „die
561 3016 640 3063 multa
655 3031 679 3063 a.
694 3014 719 3063 d.
734 3019 864 3063 sacrom.“
877 3030 903 3075 p.
919 3026 967 3065 aaa.

237 3152 262 3224 ᾗ.
280 3158 321 3206 10.
343 3156 381 3219 Cf.
397 3157 486 3218 §§.82.
502 3167 535 3207 ab.
601 3151 685 3223 511.
707 3155 744 3217 Cf.
759 3155 791 3204 L.
802 3168 823 3205 2.
838 3156 860 3216 ξ.
871 3167 892 3207 6.
908 3154 939 3204 D.
953 3156 985 3204 dc
999 3156 1065 3220 orig.
1080 3157 1132 3203 iur.

166 3226 198 3293 (1,
209 3226 240 3289 2).
266 3226 346 3277 Varr.
357 3227 388 3276 de
399 3226 430 3276 L.
442 3227 474 3275 L.
485 3238 506 3288 o,
516 3240 549 3278 at.
570 3226 599 3274 de
610 3226 699 3274 ultibus
714 3222 793 3293 succ]
804 3227 839 3289 cf.
852 3225 922 3275 Plin.
935 3225 966 3275 N.
977 3226 1012 3275 H.
1023 3239 1057 3288 14,
1068 3239 1079 3276 1
1087 3242 1132 3289 pr.

167 3298 199 3347 L.
215 3310 249 3349 aa.
265 3300 288 3359 ξ.
303 3310 324 3349 a.
348 3297 380 3345 D.
396 3298 427 3346 de
442 3299 552 3345 iuretur.
567 3294 619 3362 (ta,
635 3294 667 3358 a).
695 3294 743 3345 Iit.
759 3297 791 3346 D.
806 3296 862 3346 arb.
874 3297 942 3360 fort.
957 3313 1025 3347 caes.
1040 3296 1085 3364 (at,
1100 3295 1132 3361 i).

166 3364 193 3437 ᾖ.
211 3372 252 3419 12.
272 3364 387 3435 sacram]
404 3369 443 3429 ἐξ.
459 3379 554 3417 tta-ta.
574 3382 598 3429 p.
614 3366 663 3416 iud.
678 3362 754 3435 post]
770 3369 826 3416 eina
840 3369 969 3431 expositt‘o
979 3370 1070 3431 periit.
1090 3381 1134 3431 per

166 3435 284 3507 condiet]
305 3440 345 3501 ἓξ.
365 3449 460 3489 ts—ao.
490 3452 614 3500 perman.
634 3435 689 3505 ini]
714 3439 753 3499 §5-
773 3448 877 3489 21-25.
905 3453 949 3501 per
971 3440 1035 3501 pign.
1055 3435 1132 3505 capt]

168 3511 207 3570 ἐξ.
222 3520 319 3560 26-29.
393 3504 417 3576 ξ.
435 3510 477 3557 13.
499 3508 537 3570 Cf.
549 3508 622 3570 infra
636 3510 675 3571 ἓξ.
690 3521 736 3573 tit.
752 3521 797 3560 180.
819 3507 885 3558 Fert.
895 3526 918 3559 o.
928 3507 1133 3568 Sacramentum,

166 3577 336 3629 Sacramenta
353 3594 380 3641 p.
399 3590 446 3629 aaa.
476 3577 564 3629 Varro
578 3579 610 3628 de
625 3579 657 3628 L.
672 3579 703 3627 L.
719 3590 744 3642 a,
758 3591 792 3631 aa.
813 3582 835 3641 §-
852 3591 899 3630 1ao.
918 3592 939 3642 c,
954 3592 974 3630 a.
994 3581 1017 3641 ξ.
1033 3592 1066 3632 aa.
1088 3578 1133 3634 Fr.
