2542 3909
164 223 227 287 620
446 241 549 279 Doulru
566 240 673 278 vufflm
691 242 758 276 nter.
777 241 835 276 BEL.

83 388 87 398 ·
164 380 236 417 nunc
255 364 297 418 ed.
316 362 454 430 Kruegeri
471 361 489 416 l.
509 378 531 415 c.
550 379 578 439 p.
596 367 646 416 160
664 378 729 429 seq.‚
749 363 785 415 ad
802 377 887 430 quum
905 361 977 415 hunc
995 363 1126 416 nostram

163 431 287 498 tertiam,
306 431 431 483 codicem
449 431 484 482 ab
503 445 537 482 eo
555 432 713 498 mspeotum
736 433 811 483 Vinci.
828 428 1020 497 insignientes,
1038 430 1126 482 insti-

163 499 277 560 tuimus,
294 498 333 550 sie
350 500 447 550 tamen
465 498 498 550 ut
513 496 577 550 locu
592 495 693 550 hurum
710 495 929 560 Institutionum,
948 512 1021 564 quae
1038 513 1126 565 prae-

163 567 244 618 terea
254 565 412 633 supersunt,
427 579 555 631 quaeque
566 563 805 631 quemadmodum
814 579 844 616 se
854 564 1026 632 exceperint,
1035 564 1127 617 modo

165 631 293 698 diximus,
311 648 366 684 uno
385 632 513 698 excepto,
532 645 588 682 non
607 633 807 699 repeteremus.

340 1007 537 1080 VLPIANI
561 1005 937 1081 INSTITVTIONVM
1135 1034 1201 1082 [⁵2⁵]
1250 1002 1251 1005 ‘

489 1129 611 1190 cisun
629 1129 787 1190 ruinis

511 1281 770 1365 mummm.

224 1397 249 1457 l.
274 1393 458 1456 ¹Preearium
475 1407 524 1464 est,
543 1399 619 1470 quod
630 1400 768 1471 precibus
780 1403 890 1472 petenti
903 1400 1039 1463 utendum
1050 1417 1121 1457 con·

163 1487 274 1541 ceditur
295 1485 417 1554 tamdiu,
439 1483 574 1552 quamdiu
589 1485 629 1551 is,
653 1487 703 1554 qui
716 1486 1008 1554 concessit,.patitur.
1044 1487 1124 1557 quod

161 1584 253 1641 penus
267 1559 467 1623 liberalitatis²
487 1581 526 1622 aa
539 1569 603 1622 inre
617 1570 741 1639 penitam
756 1568 912 1623 deseendit.
956 1574 984 1623 et
998 1568 1085 1624 distat
1101 1587 1121 1624 a

162 1654 315 1708 donatione
330 1667 376 1719 eo,
395 1650 471 1722 quod
485 1653 535 1721 qui
547 1650 648 1719 donat,
672 1654 714 1706 sic
729 1652 794 1721 dat,
814 1666 851 1707 ne
866 1654 1003 1722 recipiat;
1024 1659 1057 1708 at
1070 1657 1124 1725 pua·

129 1805 131 1811 Α
159 1737 297 1806 precario
313 1735 453 1803 coneedit,
469 1737 511 1789 sic
526 1733 583 1802 dat,
601 1738 687 1806 quasi
700 1741 768 1789 tnnc
785 1741 968 1805 recepturus,
986 1751 1051 1792 cum
1066 1737 1123 1793 sili

161 1819 277 1875 libuerit
289 1821 459 1890 precarium
475 1819 597 1875 soluere.
633 1825 661 1873 et
676 1825 718 1874 est
732 1817 822 1873 simile
838 1820 1031 1877 commodato:
1050 1837 1120 1875 nam

163 1911 190 1958 et
205 1901 257 1975 qui
270 1902 426 1968 commodat
441 1917 510 1970 rem,
527 1904 569 1956 sie
585 1903 752 1971 commodat,
767 1908 799 1957 ut
811 1918 868 1958 non
881 1903 979 1973 faeiat
994 1919 1056 1959 rem
1067 1920 1118 1961 ac-

56 1991 95 2038 ini.
105 1990 122 2038 l.
133 2005 154 2038 a.
166 1989 309 2058 optentis,
326 1987 377 2042 sed
391 1992 421 2041 ul
437 1989 464 2040 ei
477 1978 524 2061 uiti
539 1999 568 2038 re
584 1985 751 2040 conrmodnts
767 1987 915 2058 permittat.

90 2061 129 2108 un.
225 2065 254 2125 2.
277 2068 406 2126 Loesium
430 2075 587 2142 quoquest
610 2067 773 2124 conductum
786 2069 836 2124 ius
857 2071 980 2143 gentium
1001 2069 1117 2128 induxit.

164 2170 225 2210 usur
248 2169 280 2209 ex
303 2169 357 2227 quo
381 2153 520 2225 coepimus
542 2153 730 2225 possessiones
751 2152 921 2225 proprisset
941 2170 985 2210 res
1008 2154 1117 2224 habere,

162 2244 191 2293 et
211 2236 318 2293 locandi
341 2229 511 2313 ²(nostrns)³
532 2237 574 2292 ius
596 2237 687 2292 naneti
710 2252 814 2306 snmus,
838 2243 865 2292 et
885 2237 1052 2294 conducendi
1073 2255 1119 2294 res

162 2320 277 2394 alienas3
302 2328 329 2375 et
349 2322 386 2390 is,
411 2321 456 2391 qui
480 2318 624 2390 conduxit,
647 2321 705 2374 iure
727 2320 850 2392 gentium
871 2328 980 2377 tenetur
994 2322 1026 2378 ud
1048 2338 1117 2378 mer·

162 2403 253 2461 cedem
270 2395 475 2478 exisoluendam
492 2406 617 2460 locatori
621 2427 631 2466 ‚·
651 2406 676 2458 is
691 2417 778 2474 nero,
793 2399 848 2476 'qui
859 2407 981 2477 locauit,
1004 2407 1117 2463 adrem

157 2487 384 2559 praestandam,
400 2493 431 2542 ut
446 2489 533 2560 alleri
546 2491 589 2542 uli
602 2489 650 2544 uel
662 2487 728 2559 frui
742 2501 777 2543 ea
790 2482 905 2544 liceat.4

499 2639 548 2683 rs.
563 2639 589 2679 11
605 2615 698 2700 (autes
710 2619 774 2695 111).

223 2728 248 2788 1.
266 2725 328 2792 ⁵...
344 2772 351 2788 .
367 2734 447 2789 uelut
458 2733 592 2790 simuua
605 2736 733 2806 pecunia
744 2735 872 2791 titileia
888 2738 933 2807 sit,
949 2751 1007 2792 non
1019 2737 1114 2793 eadem

56 2819 260 2889 retinuitque
282 2820 453 2873 numismata
471 2809 473 2894 i
491 2816 591 2886 reddis,
614 2833 682 2890 quae
704 2819 846 2891 accepisti,
869 2819 916 2875 sed
936 2819 1013 2874 utiam
1035 2835 1115 2896 pecu·

89 2897 129 2945 fin.
161 2902 231 2957 niem
247 2899 367 2957 eiusdem
384 2901 550 2973 quantitatis.
579 2900 688 2957 Mutuus
699 2910 789 2957 nutent
801 2902 857 2958 dari
872 2910 988 2975 possunt
1002 2919 1047 2960 res
1061 2920 1113 2960 uon

161 2984 227 3041 alise
243 3000 322 3058 quum
339 3000 407 3058 quse
422 2984 552 3058 pondere,
567 3001 693 3054 numero,
708 3001 834 3041 mensura
849 2988 1031 3043 continentur.

235 3151 254 3218 1)
273 3153 321 3203 Est
335 3153 366 3202 L.
382 3165 401 3203 1.
421 3152 454 3202 D.
469 3153 500 3203 de
511 3168 618 3216 precor.
633 3153 679 3217 (43,
693 3151 737 3217 26).
790 3149 812 3218 1)
829 3153 954 3216 Ulpianus
967 3154 1115 3213 addiderat,

162 3230 189 3272 ut
203 3226 305 3287 opinor,
321 3221 357 3273 ‘et
371 3220 474 3286 ipsum'.
498 3223 584 3272 Antea
594 3238 655 3272 nero
664 3224 697 3272 de
708 3225 846 3274 donatione
856 3224 1010 3274 disseruisse
1019 3227 1113 3276 omnia·

162 3309 209 3358 que
224 3296 326 3358 nepotis
341 3295 408 3342 iuris
420 3295 533 3358 penitam
547 3295 585 3342 ita
599 3294 736 3344 ordinasse
749 3293 864 3352 videtur,
883 3301 911 3343 ut
929 3293 961 3344 ab
979 3296 1032 3354 llis,
1050 3311 1114 3360 quae

162 3379 196 3412 ear
211 3363 366 3412 liberalitate
380 3365 497 3422 veniunt,
512 3378 623 3412 exorsus
638 3364 674 3412 ad
687 3379 731 3423 ea,
746 3380 810 3428 quae
825 3365 946 3414 utilitatis
960 3380 1042 3414 causa
1055 3381 1112 3417 eon·

162 3433 314 3495 trahuntur,
325 3439 454 3498 perperet.
520 3429 541 3498 ³)
555 3431 686 3495 Suppleui.
751 3431 772 3499 ⁴)
786 3433 943 3484 Sententiam
956 3437 1080 3498 supplevi.

163 3499 185 3632 Ξ)
199 3501 355 3634 Sapientiam
370 3504 532 3566 aliquatenus
546 3505 669 3566 supplevi.
695 3503 732 3566 Cf.
744 3504 821 3566 pnl.
836 3504 903 3568 quil.
913 3505 979 3554 nod.
988 3520 1018 3555 re
1033 3512 1113 3556 contr.

174 3581 253 3626 8,14.
