2542 3909
169 211 235 275 224
466 226 525 260 am
541 226 645 261 msam.
662 206 699 259 ΙΙ.
721 210 840 260 lie-15.

170 365 326 440 tinentur‚¹
347 378 375 425 et
397 369 520 438 innatus,
536 368 581 440 qui
598 382 630 421 ex
646 364 731 422 iundo
752 366 955 439 percipiuntur,
978 367 1137 441 corporales

111 472 151 520 57ί
169 462 245 519 sunt,
260 463 289 510 et
305 449 353 527 (id)
377 453 452 527 quod
467 468 499 507 ex
515 451 605 525 aliqua
623 450 789 524 obligatione
809 452 891 507 nobis
911 451 1044 519 debetur,
1059 445 1062 529 i
1080 452 1138 525 ple-

107 540 155 577 Μ·
170 556 285 612 rumque
306 540 458 611 corporale
479 544 533 606 cst,
554 538 647 593 ueluti
665 534 782 605 laudus,
806 534 902 603 homo,
924 537 1052 609 pecunia:
1075 553 1136 592 nam

170 626 258 697 ipsum
279 625 321 678 ins
341 622 523 680 successionis
543 630 570 675 et
590 621 679 695 ipsum
708 622 753 676 ius
774 618 977 677 utendiiruendi
995 628 1023 676 et
1048 621 1137 695 ipsum

170 710 213 764 ius
234 708 407 781 obligationis
432 704 607 779 incorporale
633 714 684 761 est.
728 704 822 761 eodem
851 721 966 761 numero
991 713 1055 761 suut
1080 707 1138 763 iuna

170 793 344 867 praediorum
366 792 530 849 urbanorum
545 798 574 845 et
588 791 764 861 rusticorum,
786 806 862 862 quae
881 793 966 846 etiam
981 794 1139 848 seruitutes

170 869 340 935 uocantur.²
378 878 581 941 ’urbanorum,
598 874 679 931 uelut
694 873 774 930 altius
791 873 914 946 tollendi,
931 883 962 932 ut
980 875 1136 947 officiant!

170 962 234 1018 iure
255 961 401 1018 luminibus
424 962 505 1020 uicini
526 960 621 1031 aedes,
649 961 776 1015 autnon
797 958 967 1029 extollendi,
996 975 1030 1014 ue
1056 960 1135 1016 lumi·
1150 972 1204 1025 [isal

170 1046 249 1103 nibus
265 1048 347 1102 uicini
362 1047 511 1104 alliciatur:
529 1050 533 1113 Ι
550 1046 616 1100 item
639 1042 778 1099 iluminum
794 1052 822 1099 et
844 1044 1043 1099 stillicidiorum
1065 1044 1136 1101 idem

170 1125 984 1197 iusutsit31——vv.10-14——-{..,

233 1213 293 1273 14⁸.
317 1214 368 1271 lies
388 1222 546 1287 praeterea
562 1222 614 1269 aut
628 1216 758 1285 mancipi
773 1220 841 1270 sunt
856 1220 907 1270 aut
921 1228 972 1269 nec
987 1214 1112 1286 mancipi.
1132 1221 1136 1282 Ι

170 1294 235 1357 141‘.
251 1300 365 1375 blancipi
380 1309 445 1356 snut
459 1302 554 1369 serui,
571 1300 671 1367 boues,
688 1298 768 1371 equi,
784 1300 868 1370 muli,
886 1300 963 1354 asini
976 1307 1004 1356 et
1015 1299 1114 1373 fundi,
1132 1309 1137 1362 ι

170 1386 235 1440 item
257 1384 353 1457 aedes,
380 1388 409 1441 in
429 1384 520 1439 italico
540 1375 617 1438 solo⁴
639 1412 677 1423 -
698 1412 741 1423 -
760 1400 784 1437 v.
811 1383 859 1439 17.
882 1382 969 1454 dim}

172 1487 212 1524 vv.
221 1469 271 1527 18.
283 1469 320 1527 19
486 1466 1001 1541 seruitultespraediorumurbanorum
1009 1484 1137 1525 neeman·

171 1554 223 1627 cipi
239 1562 315 1611 sunt.
333 1563 338 1613 Ι
353 1556 418 1611 item
434 1551 607 1628 stipendiaria
619 1552 730 1625 praedia
747 1560 775 1608 et
796 1552 937 1608 tributaria
955 1569 1005 1609 nec
1022 1554 1136 1626 mancipi

170 1646 245 1695 suut.
278 1635 323 1696 lb.
340 1639 393 1695 Sed
413 1637 487 1712 quod
509 1636 633 1708 diximus,
654 1638 751 1709 boues,
773 1653 870 1711 equae,
891 1641 981 1695 mutos
997 1644 1025 1696 et
1040 1640 1138 1694 asinos

246 1814 265 1883 ¹)
281 1832 343 1879 nam,
358 1818 428 1883 quod
441 1818 540 1867 addunt
554 1815 632 1874 Inst,
652 1818 741 1866 metius
753 1816 832 1866 abest.
904 1813 924 1881 ²)
938 1816 984 1865 Ea>
997 1816 1061 1865 Inst.
1076 1831 1137 1879 sup·

165 1890 245 1953 plevi.
283 1888 316 1937 In
335 1905 375 1941 aa.
389 1900 481 1941 a—aa.
501 1888 579 1937 buius
597 1889 714 1953 popinae
736 1886 827 1937 Gaium
847 1889 960 1951 primurn
977 1889 1137 1950 exposuisse,

170 1976 236 2025 quae
250 1967 335 2009 essent
353 1962 414 2009 iura
428 1975 473 2023 pr.
494 1958 549 2008 urb.
569 1966 595 2008 et
610 1966 689 2018 rust„
708 1959 853 2023 apparebat
871 1961 922 2009 iana
940 1975 975 2009 eac
994 1958 1064 2022 Epis:
1080 1970 1101 2021 a,
1116 1972 1137 2009 1.

170 2034 194 2093 §-
209 2043 243 2082 aa
264 2028 462 2095 ‘Incorporalia
480 2032 557 2080 etiam
574 2036 636 2079 sunt
655 2032 716 2079 iura
729 2031 903 2093 praediorum
924 2030 1082 2081 urbanorum
1097 2032 1139 2079 uel

170 2104 335 2169 rusticorum.
370 2102 545 2152 Praediorum
564 2100 722 2151 urbanorum
741 2103 802 2150 iura
820 2110 881 2151 sunt
900 2102 1048 2161 stillicidia,
1065 2101 1137 2165 sene·

170 2180 250 2233 strae,
265 2176 379 2233 cloacae,
394 2175 473 2223 altius
492 2173 633 2238 eriqendae
651 2172 741 2222 domus
758 2180 803 2221 aut
822 2188 872 2223 non
887 2175 1040 2239 eriqendae,
1060 2180 1086 2222 et
1099 2175 1137 2223 iu-

170 2247 277 2305 minum,
296 2252 323 2294 ut
342 2247 380 2295 ita
398 2246 456 2309 quis
471 2244 599 2308 fabricet,
618 2250 647 2292 ut
660 2244 762 2293 uicinae
781 2244 868 2293 domui
886 2246 969 2294 lumen
984 2260 1035 2295 non
1055 2246 1136 2295 tollat.

171 2316 345 2366 Praediorurn
363 2332 427 2365 uero
450 2317 608 2365 rusticorum
627 2316 688 2363 iura
711 2322 771 2363 sunt
794 2316 839 2364 uia
859 2318 900 2365 uel
921 2318 984 2375 iter,
1000 2331 1051 2379 per
1070 2316 1140 2380 quod

165 2402 249 2450 pecus
262 2393 308 2436 aut
321 2387 447 2436 animalia
457 2386 566 2435 debeant
579 2386 711 2436 ambulare
722 2386 810 2435 uelud
823 2402 916 2450 aquam
933 2387 1003 2447 duci,
1018 2395 1043 2437 et
1053 2402 1137 2451 aquae

170 2458 349 2521 duetussquae
358 2458 479 2506 similiter
488 2458 668 2521 incorporalia
678 2463 745 2506 sunt.
761 2456 836 2507 Haec
844 2459 905 2507 iura
912 2466 963 2508 tarn
970 2461 1137 2516 rusticorum,

170 2543 245 2591 quarn
260 2527 418 2578 urbanorum
427 2529 598 2591 praediorum
605 2530 743 2577 servitutes
753 2526 941 2592 appellantur’.
993 2526 1070 2595 ⁸)an
1085 2526 1138 2587 W,

170 2596 215 2646 ubi
228 2606 289 2647 sunt
302 2615 341 2647 aa.
355 2610 376 2650 o.
391 2611 411 2649 a.
427 2612 447 2650 8.
462 2611 492 2660 9.‚
507 2601 614 2662 repletis
627 2607 711 2649 tamen
726 2615 742 2649 a
757 2614 795 2649 nae
809 2599 862 2659 bis,
882 2616 990 2665 quorum
1004 2600 1084 2650 dubia
1098 2602 1138 2650 oet

170 2671 243 2718 nulla
258 2671 334 2719 lectio
346 2669 415 2733 suin
438 2677 463 2719 et
485 2672 560 2720 initio
580 2670 681 2735 quidem
701 2686 770 2720 nunc
789 2668 840 2735 (ed.
855 2669 879 2735 5)
895 2674 1015 2735 pressius
1034 2672 1071 2721 ad
1093 2667 1140 2719 Vll

170 2746 196 2789 et
209 2742 308 2789 rectius
326 2756 401 2804 quam
420 2749 505 2792 antea.
536 2742 574 2803 Os.
590 2743 613 2803 9.
629 2753 663 2792 si.
697 2740 858 2806 Sequebatur
874 2743 1008 2805 sortasse:
1028 2743 1066 2789 uti
1084 2742 1138 2803 [vel

172 2806 211 2859 ‘ut
225 2808 283 2873 ea']
297 2828 365 2862 nune
378 2808 503 2881 sunt‚[es.
520 2812 552 2861 L.
568 2824 601 2864 1⁷.
618 2814 642 2874 ἓ.
657 2824 678 2864 3,
710 2812 742 2861 Ι).
758 2813 790 2862 de
808 2827 875 2862 sera.
886 2828 931 2876 pr.
947 2812 1003 2861 urb.
1019 2810 1051 2875 (s,
1065 2810 1088 2877 a)
1104 2810 1136 2859 L.

171 2893 196 2933 33
211 2881 243 2931 Ι).
259 2882 291 2931 de
305 2890 387 2933 contr.
404 2891 478 2949 empt.
498 2895 532 2942 18,
548 2880 582 2951 1]‚
597 2890 622 2933 et
636 2892 779 2947 praeterea
794 2885 842 2931 alia
862 2880 953 2931 multa’
973 2881 1019 2949 (cf.
1035 2894 1056 2939 a,
1078 2881 1136 2949 aaa).

170 2952 263 3019 Itaque
278 2954 368 3003 indeo
383 2971 405 3004 a.
421 2968 446 3007 ιο
458 2957 504 3019 fin.
520 2970 599 3019 usque
614 2955 651 3004 ad
663 2972 685 3004 o.
701 2967 727 3007 15
738 2955 839 3003 initium
857 2952 937 3003 Gaius
956 2955 1009 3019 eqit
1023 2954 1054 3003 de
1071 2955 1136 3003 iuri-

171 3024 217 3074 bus
227 3026 398 3090 praediorum
412 3029 583 3085 rusticorum,
603 3026 647 3075 ubi
661 3042 726 3091 quae
736 3032 846 3090 praeter
860 3025 978 3090 sinqulas
993 3027 1095 3075 litteras
1110 3026 1137 3074 in

175 3092 220 3159 W
238 3114 261 3147 o.
281 3108 306 3149 13
325 3098 388 3147 med.
408 3105 549 3161 supersunt
570 3100 601 3150 tit
617 3113 633 3146 u
653 3096 728 3163 (enim
748 3091 816 3161 uero)
837 3096 873 3145 ins
893 3094 990 3163 aq(uae)
1014 3096 1137 3145 ducendae

169 3168 323 3233 sequebatur
335 3169 465 3233 sortasse:
480 3166 568 3219 ‘etiam
577 3184 683 3219 numero
689 3168 861 3233 praediorum
872 3168 1030 3220 urbanorum
1039 3166 1138 3234 ser(ui)·

170 3247 248 3292 :utum
263 3254 316 3289 esse
331 3237 450 3307 poielrit'.
485 3242 532 3289 lies
546 3247 593 3290 etc.
686 3237 707 3306 ⁴)
723 3241 761 3303 ἓξ.
779 3234 841 3291 wb.
862 3254 897 3289 ea>
920 3234 965 3288 W
978 3240 1063 3304 effeci,
1077 3254 1137 3302 sup-

166 3312 246 3373 pleta'a
265 3326 330 3375 quae
349 3312 402 3376 qui
416 3326 467 3361 non
482 3318 637 3376 potuerunt,
659 3318 687 3361 ut
700 3326 791 3361 sensus
805 3318 830 3361 et
843 3314 955 3375 spatium
966 3309 1138 3377 [taqitabant,·

171 3389 226 3431 sunt
240 3389 301 3445 post
320 3383 424 3445 mancipi
444 3388 558 3432 natatum
576 3397 631 3432 esse
649 3384 735 3446 posui.
778 3400 800 3432 o.
821 3395 855 3435 17.
876 3395 909 3434 18.
932 3382 1138 3447 assequebatur

168 3452 242 3515 fere:
266 3450 384 3516 ‘itemque
404 3455 467 3512 iter,
492 3461 567 3502 aetus
586 3455 628 3502 uia
647 3449 830 3519 alquaedaetus
852 3454 1021 3517 praediorum
1041 3456 1067 3502 in
1089 3453 1139 3503 boe

170 3525 241 3577 solo:
254 3525 352 3572 namsi
366 3539 431 3588 quae
449 3526 519 3573 aliae
538 3530 599 3573 sunt
618 3538 723 3583 naamero
744 3527 896 3575 servitutum
906 3524 1078 3589 praediorum
1093 3540 1137 3573 ru·

170 3594 293 3641 sticarum
307 3600 332 3643 et
345 3590 460 3662 omlnes’.
