2542 3909
462 228 588 266 vonvsws
607 227 756 265 noscunvo
775 215 816 265 81.
1048 211 1114 277 423

465 358 586 415 homines
743 372 761 423 9

464 443 591 515 quartarii
743 450 778 499 tn

463 526 552 599 cynthi
742 526 775 581 'ii

222 607 270 668 01.
294 608 423 665 ’Pontium
444 617 473 665 et
493 610 596 665 numeri
619 609 752 667 naturalis
773 625 852 667 csoss
874 610 968 683 durat,
992 614 1116 684 quamuis

160 693 311 750 nominibus
343 692 413 767 apud
446 708 566 767 quasque
593 702 691 767 gentos
723 686 868 754 differant.¹
923 694 1053 751 Ponderis
1087 704 1115 752 et

159 778 309 835 ’mensurae
330 770 404 832 iom²
427 776 522 832 modos
544 778 664 833 incertus
685 785 744 849 est,
765 770 874 851 'qumi³
896 780 954 833 eius
975 778 1114 853 dispensio

161 878 192 919 oo
207 861 347 918 dimensio.

234 1024 254 1094 ¹)
268 1026 416 1079 Solidoram
425 1036 517 1092 partes
535 1035 561 1078 et
573 1044 662 1078 rerunt
674 1029 786 1079 eiusdem
797 1031 903 1093 ⁸qonern's
920 1030 1032 1086 numeri,
1052 1032 1113 1093 qnia

160 1106 255 1149 natura
269 1100 334 1161 ipsis
347 1099 424 1147 rebus
438 1101 533 1161 insunt,
548 1099 639 1164 abique
652 1098 822 1163 aequabiliter
832 1099 990 1162 procedant,
1006 1099 1114 1163 ideoque

160 1171 221 1219 licet
235 1168 378 1219 nominibus
391 1170 463 1233 apud
475 1170 593 1219 diversas
605 1177 695 1235 yentes
707 1169 846 1232 differant,
859 1176 942 1219 tamen
957 1170 1032 1232 qnasi
1045 1171 1113 1219 iaris

158 1240 271 1305 yentinm
285 1247 351 1288 sunt.
378 1239 416 1303 Cf.
431 1241 454 1303 §-
470 1250 503 1291 so.
555 1237 754 1306 ¹)mensuramm
770 1239 800 1287 P.
821 1240 851 1288 V.
867 1240 924 1289 edd.
976 1236 1065 1304 ¹)nom
1080 1240 1112 1289 P.

165 1310 195 1359 V.
206 1310 264 1359 edd.
280 1336 313 1346 -
323 1310 428 1359 Modum
442 1310 507 1360 dicit
519 1310 649 1374 definitam
662 1312 689 1358 in
705 1310 852 1360 civitatibus
860 1312 1034 1375 quantitatem,
1045 1310 1113 1361 ande

160 1381 242 1430 omnis
256 1395 350 1439 rernm,
361 1396 425 1445 qaae
439 1382 466 1430 in
477 1380 594 1444 pondere
603 1383 643 1430 ael
657 1396 777 1430 mensura
786 1388 911 1439 constant,
922 1382 1037 1444 definitio
1047 1394 1112 1445 pen⁴

160 1451 210 1509 det,
225 1452 291 1499 volat
305 1450 382 1510 libra,
396 1452 553 1517 quadrantal
566 1452 638 1515 apud
651 1451 786 1502 Romanos.
811 1450 957 1515 Respondet
970 1453 993 1500 is
1007 1466 1112 1501 numero

160 1537 255 1580 reram,
270 1528 297 1571 at
311 1522 422 1572 minores
436 1523 533 1572 modali
550 1519 692 1588 (dispensio
706 1538 738 1572 ao
751 1522 887 1589 dimensio)
902 1522 1032 1585 partibas.
1060 1521 1113 1571 Sed

160 1593 317 1642 naturaliter
330 1599 381 1641 tam
395 1593 483 1642 modus
497 1594 541 1642 iiie
555 1608 630 1657 qnam
644 1595 699 1643 eius
709 1600 800 1656 partes
813 1600 873 1642 sunt
891 1595 1007 1643 incertae
1020 1600 1046 1643 et
1055 1594 1113 1641 iare

159 1664 233 1712 civiti
245 1668 343 1712 tantum
357 1665 479 1729 caiusque
489 1665 583 1728 popuii
595 1662 763 1713 substantiam
777 1665 891 1728 capiant.
