2542 3909
157 187 218 250 194
473 199 646 241 aa111usa1a,
665 181 685 238 Ι.
704 187 814 236 81-85.

160 343 195 401 ut'
206 337 442 416 quo(quo)modo¹
459 358 491 397 cx
514 340 609 398 Latino
632 350 659 398 et
675 341 735 398 ciue
754 341 875 397 Romana
891 349 970 396 uatus
986 341 1054 397 ciuis
1073 341 1126 401 Ro·

159 443 253 484 manus
269 435 404 483 nascatur.
441 422 487 483 81.
510 427 565 483 His
581 428 780 483 conuenienter
802 429 889 481 etium
910 424 978 481 illud
993 426 1127 484 'senatus-

157 509 284 567 consulto
306 509 389 567 diuus
409 509 564 567 Hadrianus
582 519 678 567 auctor
697 502 900 584 significauit‚²
925 519 958 566 ut
978 528 1011 567 ea
1031 511 1127 568 Latino

156 602 183 649 ct
198 595 359 668 peregrina,
375 596 440 650 item
456 603 550 652 contra
563 612 594 651 ea
605 597 753 669 peregrino
765 603 794 651 et
805 591 900 651 Latina
913 594 986 668 (qui)
998 598 1128 668 nascitur,

155 679 249 734 matris
266 678 455 736 condicionem
467 689 610 752 sequatur.
636 675 686 739 88.
696 679 763 736 iilud
780 696 891 753 quoque
903 680 945 735 his
955 697 1127 754 consequens

156 771 209 834 est,
225 764 299 836 quod
314 779 346 820 ex
362 765 458 821 ancilla
473 774 502 821 et
525 765 611 821 libero
627 765 686 820 iure
702 765 825 840 gentium
840 781 939 820 seruus
954 767 1084 836 uasa-itur,
1100 775 1127 822 et

155 857 252 904 contra
273 865 305 904 ex
327 848 411 905 libera
432 858 457 906 et
482 865 564 905 seruo
587 849 656 907 liber
671 851 801 906 nascitur.
839 846 889 906 88.
905 849 1128 907 animaduertere

155 941 243 988 tamen
265 932 410 1005 debemus,
431 951 466 991 ne
486 935 554 990 iuris
576 935 698 1008 gentium
713 934 837 1007 reguiam
859 933 903 989 uel
918 937 962 990 lex
977 934 1067 1006 aliqua
1084 934 1128 991 uel

158 1017 232 1090 quod
247 1018 321 1092 legis
336 1019 421 1074 uicem
435 1020 551 1093 optinet,
568 1019 659 1092 aliquo
670 1035 736 1075 casu
751 1019 970 1074 commutauerit.
995 1016 1046 1075 84.
1060 1018 1128 1076 Ecce

156 1104 227 1159 euim
243 1120 276 1158 ex
292 1103 533 1159 senatusconsulto
543 1102 690 1160 Claudiano
705 1111 815 1177 poterat
829 1104 898 1158 ciuis
914 1102 1041 1174 Romana,
1059 1121 1127 1176 quac

155 1187 243 1243 alieno
259 1203 341 1243 seruo
357 1187 468 1243 uolente
484 1187 594 1244 domino
611 1189 670 1244 eius
685 1189 760 1260 coiit,
780 1189 839 1260 ipsa
855 1203 886 1242 eu
903 1189 1028 1260 pactione
1043 1187 1126 1244 libera

155 1288 331 1346 permanere,
355 1269 402 1326 sed
424 1287 535 1328 seruum
557 1288 718 1346 procreare3
742 1287 803 1328 uam
826 1271 901 1345 quod
920 1273 994 1328 inter
1015 1288 1074 1328 eam
1099 1281 1127 1328 et

158 1357 297 1425 domiuum
319 1355 397 1411 istius
419 1358 492 1412 serui
513 1360 690 1427 conuenerit,
706 1350 769 1414 ’eo³
784 1357 1023 1413 senatusconsulto
1040 1365 1127 1413 ratum

158 1457 220 1496 esso
238 1439 357 1497 iubetur.
393 1440 440 1496 sed
461 1449 557 1513 postea
584 1441 664 1497 diuus
685 1441 854 1512 Hadrianus,
873 1443 1017 1514 iniquitate
1041 1443 1079 1497 rei
1099 1449 1129 1497 et

99 1527 141 1580 23.
157 1525 320 1598 inelegantia
341 1525 408 1580 iuris
428 1534 531 1596 motus,
552 1527 675 1582 restituit
693 1528 761 1582 iuris
782 1518 912 1604 genitium
933 1526 1070 1598 regulam,
1097 1535 1128 1580 ut

153 1627 214 1666 cum
232 1610 289 1683 ipsa
305 1609 403 1665 mulier
418 1609 501 1664 libera
517 1620 690 1683 permaneat,
705 1610 821 1667 liberum
840 1612 936 1684 pariat.
967 1606 1015 1666 ot.
1031 1608 1124 1682 ’(Item
1139 1624 1197 1680 [122]

154 1711 170 1751 e
185 1697 248 1768 icae
263 1687 400 1769 Latina)⁴
415 1710 448 1750 ex
463 1694 560 1750 ancilla
577 1702 604 1750 et
619 1694 706 1751 libero
721 1704 849 1769 poterant
865 1694 945 1752 itineri
958 1696 1045 1762 nasci3
1065 1710 1126 1750 uam

154 1796 185 1834 ca
200 1779 262 1852 iege
278 1786 403 1850 cauetur,
419 1788 451 1834 ut
466 1779 490 1834 si
514 1781 574 1853 quis
590 1795 652 1835 cum
666 1780 752 1836 aiieua
768 1779 880 1853 ancilla,
901 1797 980 1854 quam
1000 1778 1127 1836 credebat

230 1928 250 1998 ¹)
267 1947 307 1997 qm
326 1927 372 1982 Vae
386 1932 453 1982 unde
467 1939 537 1982 recte
552 1929 744 1997 quo(quo)modo
759 1932 798 1980 ed.
816 1931 906 1982 Poien.
972 1929 993 1999 ²)
1008 1932 1064 1981 diuo
1078 1932 1128 1981 Ha·

156 2004 254 2053 drianos
270 2002 328 2070 (sed
341 2019 352 2052 s
367 2002 534 2067 expunctum)
549 2011 632 2052 auctor
646 2003 791 2065 significauit
805 2003 832 2051 V
831 1999 864 2065 ⁸¹,
879 2012 976 2053 senatus
991 2003 1128 2053 consultum

156 2075 212 2124 diuo
227 2074 349 2124 Hadriano
365 2081 462 2124 auctore
482 2075 627 2136 significauit
642 2076 681 2124 ed.
697 2073 770 2123 Stud.
789 2090 869 2138 aeque
883 2073 953 2124 bene.
1019 2071 1040 2140 ⁸)
1056 2089 1083 2123 ex
1100 2074 1126 2123 0.
1227 2082 1230 2086 “

155 2145 214 2197 edd.
280 2143 301 2212 ⁴)
318 2145 437 2196 Restitui.
462 2145 605 2195 Librarius
619 2145 662 2195 iiic
672 2145 783 2208 epatium
798 2145 910 2194 duarum
924 2147 1071 2195 litterarum
1086 2161 1128 2195 re-

155 2218 243 2282 liquit,
264 2217 333 2282 quod
351 2219 454 2281 eacpleui
474 2214 570 2266 ‘Item'.
608 2217 709 2266 Deinde
727 2231 789 2265 uero
811 2213 843 2266 ‘e
864 2219 881 2265 l.
900 2214 994 2266 latina’
1015 2218 1075 2266 olim
1096 2215 1128 2266 ob

154 2289 350 2338 similitudinem
365 2305 421 2338 cum
434 2290 552 2352 sequenti
567 2303 594 2336 ex
610 2289 695 2338 ancilia
713 2288 796 2351 focile
812 2289 895 2337 omitti
908 2290 1004 2350 potuit.
1032 2287 1129 2353 Lepem

154 2361 222 2409 enim
245 2360 313 2410 lianc
334 2359 476 2410 Romanum
493 2375 545 2409 nou
561 2360 660 2423 fuisse,
678 2366 789 2422 apparet
808 2366 860 2407 tum
878 2374 913 2409 eu
928 2360 981 2422 fine
999 2375 1075 2423 quam
1093 2374 1129 2408 eac

155 2432 232 2480 initio
251 2433 278 2491 §i
291 2443 325 2482 89.
360 2433 454 2480 collato
469 2447 525 2480 cum
539 2429 587 2480 SO.
605 2430 759 2480 Claudiano.
787 2428 876 2495 (Quod
889 2445 940 2479 non
955 2446 1128 2494 curonssup·

151 2502 236 2564 pleoit
251 2497 349 2549 ‘Etiam
364 2503 419 2566 lepe
434 2501 511 2549 Aelia
525 2499 626 2550 Sentia’
643 2501 691 2566 Bp.
707 2502 747 2550 ed.
762 2498 794 2566 9.)
823 2499 910 2565 Neque
924 2517 985 2552 cero
999 2504 1069 2550 alius
1078 2516 1128 2564 po·

151 2573 212 2635 puli
227 2573 366 2636 pereprini
387 2575 467 2636 lepem
492 2571 669 2635 Vespasianus
684 2573 767 2635 facile
785 2579 916 2632 mutasset,
935 2574 980 2637 qui
994 2580 1086 2622 contra
1101 2573 1128 2620 in
1170 2622 1172 2625 .

157 2645 215 2691 iure
230 2641 385 2691 Latinorum
405 2649 503 2692 tantum
522 2645 667 2702 innovavit,
687 2651 715 2692 ut
734 2645 852 2708 quiante
871 2660 927 2693 eum
941 2644 1016 2693 Latii
1029 2645 1071 2693 ius
1085 2642 1128 2692 ob-

156 2714 307 2772 tinuissent,
326 2713 420 2762 Latini
438 2721 536 2764 ueteres
555 2715 706 2764 dicerentur
721 2713 819 2781 (Tacit.
834 2715 867 2768 Α,
882 2728 902 2766 4.
917 2726 931 2766 5
949 2724 974 2764 et
987 2714 1060 2778 infra
1075 2721 1127 2763 not.

156 2785 193 2833 ad
207 2797 227 2846 1,
243 2782 287 2850 91).
316 2783 370 2834 Sed
383 2793 408 2835 et
421 2787 503 2835 simile
518 2787 582 2850 quid
594 2789 619 2835 in
631 2788 729 2850 nuptiis
745 2784 919 2836 Romanorum
934 2785 1056 2836 nobilium
1070 2800 1128 2834 eum

156 2855 263 2904 Latinis
275 2857 380 2919 feminis
395 2864 420 2906 et
434 2864 539 2917 eontra,
555 2857 619 2907 bello
634 2865 728 2908 contra
741 2872 812 2920 spem
821 2865 922 2920 exorto,
938 2865 1040 2907 cautum
1054 2856 1128 2905 oide-

156 2941 212 2976 mus
226 2925 292 2976 soto
307 2943 330 2976 a.
347 2945 371 2976 u.
387 2939 433 2979 969.
462 2929 570 2994 Dionys.
585 2941 606 2986 6,
622 2941 642 2978 1.
667 2929 785 2992 Denique
800 2924 866 2994 ‘lcpe
876 2925 986 2978 Latina'
1003 2929 1020 2976 i.
1031 2943 1052 2976 c.
1068 2928 1127 2975 iure

157 2998 256 3048 Latino
270 2999 372 3064 aliquid
385 2999 499 3049 obtinere
512 2999 597 3052 ¹Gaius
606 3000 719 3064 perinde
733 3000 823 3048 dicere
833 3007 953 3063 poterat,
968 3007 1043 3064 atque
1061 2997 1127 3063 Try-

153 3069 287 3133 phoninus
302 3071 334 3119 L.
346 3083 379 3121 12.
395 3073 418 3132 ἓ.
429 3083 448 3121 9.
473 3071 505 3120 Ι).
518 3072 549 3120 de
565 3073 659 3134 captiv.
676 3070 721 3135 (11,
731 3068 769 3136 15)
784 3071 855 3121 dixit
871 3068 943 3136 ‘iepe
958 3066 1059 3120 nostra'
1076 3071 1093 3118 i.
1104 3085 1126 3119 e.

158 3143 216 3191 iure
231 3141 355 3194 Romano.
390 3142 448 3194 Vid.
464 3142 540 3192 etiam
555 3156 575 3206 1,
591 3155 639 3195 199.
659 3155 680 3205 9,
694 3154 728 3193 99.

229 3278 255 3350 ξ.
270 3285 312 3335 82.
335 3284 373 3347 Of.
394 3284 467 3346 infra
486 3286 525 3347 ἐξ.
541 3297 575 3337 ee.
591 3297 625 3338 aa.
656 3285 712 3348 lltp.
727 3296 748 3347 5,
763 3296 783 3335 9.
814 3285 889 3334 Paut.
911 3297 932 3346 a,
946 3295 980 3336 91.
1000 3285 1040 3346 ἓξ.
1057 3295 1127 3334 1-3.

152 3370 198 3418 pr.
214 3353 236 3404 Ι.
252 3355 283 3404 de
300 3357 384 3420 inpen.
400 3354 431 3422 (1,
446 3356 479 3420 4).
539 3353 565 3424 ὅ.
581 3358 623 3407 83.
642 3359 679 3420 Of.
695 3357 728 3405 L.
743 3366 777 3406 11.
797 3356 830 3404 B.
842 3357 951 3406 dentata
966 3355 1031 3405 nom.
1047 3353 1079 3418 (1,
1093 3353 1127 3420 5).

158 3422 183 3492 ξ.
196 3426 239 3476 84.
257 3425 295 3488 Cf.
308 3426 383 3476 Paul.
396 3439 416 3478 9.
427 3439 461 3478 21.
481 3426 541 3478 Tac.
552 3429 585 3476 Α.
595 3441 615 3478 4.
627 3441 660 3479 19.
677 3431 700 3492 ξ.
712 3439 733 3479 9.
749 3427 834 3491 ibique
844 3435 896 3477 not.
907 3427 939 3476 L.
950 3439 971 3478 9.
996 3425 1129 3476 1710911

156 3495 205 3546 SC.
224 3496 312 3546 aaut,
329 3497 361 3563 (a,
375 3496 407 3563 e).
428 3500 501 3562 infra
516 3501 555 3560 ξς.
571 3511 668 3551 91199.
715 3494 740 3566 ξ,
756 3499 799 3548 85.
817 3499 855 3561 Of.
871 3498 903 3546 L.
919 3510 985 3561 apr.
1001 3497 1033 3546 1).
1049 3512 1081 3546 ne
1095 3497 1128 3546 dc

156 3573 228 3616 statu
244 3568 296 3631 def.
312 3567 358 3634 (1ο,
372 3569 416 3636 15).
436 3571 468 3621 L.
483 3582 504 3621 3.
526 3571 552 3622 0,
567 3572 613 3618 soi.
629 3578 704 3619 matr.
720 3569 813 3635 (1118).
