2542 3909
395 286 399 292 ῃ
450 235 513 274 narr
532 237 633 275 resurr.
653 218 688 274 ΙΙ.
705 225 815 279 tt-ts.
1054 221 1117 288 231

151 397 220 456 quae
241 396 297 439 uon
319 394 336 435 a
356 378 468 437 domino
485 378 565 437 nobis
587 379 701 437 traditae
723 380 835 453 suerint,
859 380 919 437 siue
934 381 1048 455 mancipi
1063 382 1119 437 sint

153 482 198 524 eae
212 481 258 523 sss
273 466 333 522 sine
347 480 399 521 nec
413 464 539 539 mancipi,
554 464 669 521 simodo
684 459 758 521 ’eas¹
775 464 845 522 bona
859 462 912 521 fide
925 466 1119 538 acceperimus,

152 567 213 608 curn
233 548 419 620 crederemus,
443 564 521 620 eum,
545 550 591 623 qui
613 543 777 620 'traderet,²
802 549 941 607 dominum
963 566 1034 608 esse.
1069 546 1122 609 44.

153 634 226 709 quod
239 633 302 693 ideo
316 641 459 708 receptum
473 633 595 706 uidetur,
617 650 652 691 ue
667 650 758 691 rerum
779 634 894 691 dominia
910 633 1011 691 diutius
1026 636 1055 693 ln
1077 637 1119 691 tu·

151 728 229 779 certo
243 728 347 789 essent,
361 734 423 776 cum
434 712 592 776 sufficerat³
607 718 718 775 domiuo
731 719 763 775 ad
774 719 961 793 inquirendam
973 736 1031 777 rem
1041 736 1119 775 suam

153 806 221 862 acui
235 812 283 861 aut
302 801 308 876 i
325 802 429 861 biennii
442 804 570 876 spatium,
586 803 660 879 quod
676 812 783 878 tempus
798 803 831 860 ad
847 806 1038 878 usucapionem
1053 820 1118 878 pos·
1130 808 1172 858 to.

153 890 255 949 sessori
270 887 404 945 tributum
418 897 472 945 est.
982 952 991 971 ·

214 969 263 1032 dd.
284 973 332 1029 Set
353 972 498 1047 aliquando
519 974 624 1029 etiamsi
641 975 752 1029 maxime
773 974 834 1047 quis
853 971 923 1029 bona
938 971 992 1029 fide
1007 972 1120 1029 alienam

154 1074 210 1117 rem
224 1057 378 1133 possideat,
399 1074 455 1114 nou
471 1066 560 1113 tamen
575 1056 616 1113 ilii
629 1059 759 1131 usucapio
775 1057 914 1130 procedit,
935 1058 1011 1113 uelut
1030 1059 1053 1113 si
1074 1060 1121 1131 qui

153 1158 210 1200 nem
228 1142 357 1199 iustiuaru
371 1151 419 1199 eut
442 1144 468 1197 ui
491 1158 645 1216 possessam
667 1141 821 1216 possideat;
843 1158 903 1198 narn
926 1142 1055 1198 turtiuam
1078 1141 1122 1199 lor

155 1243 202 1285 x11
225 1226 379 1284 tabularum
400 1227 513 1301 usucapi
534 1226 679 1301 prohibet,
708 1228 736 1283 ui
763 1242 918 1301 possessam
941 1226 984 1283 ier
1007 1226 1071 1282 luiia
1093 1234 1122 1282 et

153 1312 265 1369 Plautia.
313 1306 365 1369 46.
389 1311 455 1368 item
483 1311 660 1385 prouinciaiia
688 1311 797 1386 praedia
822 1313 1016 1385 usucapionem
1041 1308 1122 1383 (non)

152 1397 299 1471 recipiunt.
341 1391 390 1453 tt.
413 1392 512 1470 'iiten
532 1388 634 1475 olim)⁴
656 1396 789 1468 mulieris,
819 1398 938 1471 quaein
961 1404 1122 1470 agnatorum

156 1482 242 1538 tutela
257 1490 325 1551 erat,
340 1498 385 1538 res
400 1482 516 1555 mancipi
532 1482 644 1554 usucapi
659 1497 715 1538 non
734 1490 873 1556 poterant,
894 1489 1084 1555 praeterquam
1100 1482 1123 1535 si

153 1558 1123 1644 mmmmfflwfflfflmmmwfflmwm

154 1650 307 1708 mimarum
317 1651 437 1707 'sautum
449 1643 542 1709 erct.⁰
553 1648 606 1712 ts.
614 1650 681 1707 item
692 1650 792 1707 liberos
804 1651 927 1707 homines
940 1658 968 1706 et
979 1666 1023 1705 res
1034 1665 1123 1706 sacras

155 1745 183 1792 et
203 1735 349 1810 religiosas
370 1733 484 1811 usdcapi
506 1752 561 1796 non
583 1751 666 1810 posse
689 1734 861 1793 manifestum
884 1744 937 1792 est.
973 1731 1026 1793 te.
1044 1733 1122 1801 Quod

154 1836 222 1893 erqo
237 1820 323 1895 uulgo
346 1820 455 1892 dicitur,
479 1820 642 1877 iurtiuarum
657 1836 748 1877 rerum
763 1827 793 1876 et
810 1822 838 1876 ui
853 1835 1043 1893 possessarum
1060 1835 1123 1874 nsu-

77 1914 139 1971 ptrt
154 1906 294 1980 capionem
310 1920 360 1979 per
374 1897 492 1980 'ireqern⁷
505 1904 669 1978 prohibitam
685 1922 757 1977 esse,
777 1920 833 1961 non
848 1921 881 1961 eo
896 1906 1026 1978 pertinet,
1041 1912 1072 1959 ut
1086 1919 1124 1960 ne

154 1994 216 2063 ipse
231 1990 281 2047 isar
295 1994 383 2063 quiete
400 2006 458 2063 per
471 1992 527 2048 uim
541 1992 677 2063 possidet,
700 2004 852 2063 usucapere
866 1991 959 2061 possit
973 1989 1046 2060 (uam
1061 1989 1124 2045 huie

153 2075 209 2133 alic
226 2076 332 2132 ratione
348 2076 479 2149 usucapio
491 2090 548 2134 nou
558 2074 701 2148 competit,
718 2076 779 2147 quia
791 2074 897 2130 scilicet
912 2074 980 2130 maia
995 2072 1049 2128 iide
1060 2088 1125 2147 pos·

154 2156 256 2236 sidei);
271 2158 321 2217 sed
336 2176 388 2219 nec
402 2159 475 2216 nilus
490 2159 570 2231 alius,
585 2174 749 2233 quamquam
764 2158 796 2215 ab
813 2174 846 2215 eo
862 2158 933 2214 bona
949 2156 1001 2213 fide
1018 2159 1124 2227 emerit,

229 2310 250 2379 ¹)
264 2312 310 2362 Ec
325 2311 418 2362 Gdsed.
432 2312 472 2361 ed.
491 2326 519 2361 ee
540 2311 566 2365 0.
589 2312 630 2363 ed.
649 2310 699 2377 Bp.
713 2327 749 2363 ear
762 2310 870 2361 Laeitm.
888 2310 1059 2367 auctoritate,
1080 2311 1125 2373 qui

154 2385 280 2449 exemplis
290 2385 391 2449 partim
400 2385 508 2433 incertis
518 2385 618 2447 partim
631 2382 801 2435 dissimilibus
811 2383 840 2433 id
853 2381 978 2445 defendit.
1009 2380 1125 2430 Ceterum

152 2462 227 2519 puto,
246 2454 314 2505 hane
327 2470 413 2505 vocem
431 2454 573 2518 aliquando
609 2463 650 2504 ost
667 2455 730 2505 bona
748 2455 795 2505 iide
815 2453 845 2506 ob
864 2454 988 2504 ricinium
1006 2453 1125 2501 omissam

155 2526 208 2575 ituc
221 2528 288 2575 male
301 2528 454 2576 translatam
468 2540 532 2575 esse.
587 2471 611 2590 ς
626 2526 756 2577 tradiderit
765 2526 823 2576 edd.
843 2523 897 2575 Sed
910 2524 1013 2573 litterae
1029 2519 1081 2572 ‘di'
1098 2524 1125 2571 in

152 2598 208 2661 fine
220 2598 465 2647 vermescentium
483 2592 528 2646 W
543 2612 595 2647 non
613 2604 687 2656 sunt,
707 2612 766 2655 nec,
786 2612 843 2646 cnm
861 2595 985 2654 tradidit,
1004 2595 1052 2644 sed
1070 2608 1127 2644 cum

154 2667 285 2729 tradem
300 2668 348 2719 due
361 2684 410 2719 nos
424 2669 569 2719 credidisse
579 2682 682 2718 necesse
692 2676 745 2727 est:
759 2668 869 2732 denique
883 2668 952 2717 aiios
962 2665 1128 2716 scribendum

154 2747 223 2789 esset
236 2739 384 2789 tradidisset.
450 2736 721 2805 ³)Fortaaseerccidit
736 2738 838 2805 et(iam).
904 2735 925 2803 ⁴)
940 2752 979 2786 res
996 2736 1022 2787 0.
1043 2733 1124 2787 ‘item’

154 2812 197 2863 ed.
212 2809 260 2877 Bp.
297 2810 352 2861 Sed
364 2811 391 2860 it.
406 2811 475 2873 oiim,
495 2810 586 2876 quibus
605 2828 644 2861 uc.
659 2812 717 2877 quis
731 2825 771 2861 res
786 2809 939 2868 addiderat,
958 2808 990 2859 ed
1006 2810 1127 2858 similitu·

155 2883 242 2932 dinem
256 2898 279 2932 v.
294 2882 428 2933 mulie-ris
442 2882 574 2931 excidisse
587 2883 699 2941 videtur,
714 2883 779 2931 male
794 2887 894 2931 retenta
909 2897 932 2929 o.
946 2894 994 2929 res.
1065 2877 1087 2945 ⁶)
1103 2879 1127 2927 id

155 2952 223 3019 (pro
242 2951 284 3019 qd)
304 2949 350 3001 W
362 2960 388 3002 et
400 2952 490 3018 Suppl.
507 2949 562 3003 ‘et’
579 2953 619 3003 ed.
633 2951 683 3019 Bp.
757 2949 777 3017 ⁸)
793 2967 816 3001 m
830 2951 881 3018 (uel
895 2950 934 3017 cs)
954 2947 1008 3001 W.
1037 2950 1129 3001 tuerit

156 3040 178 3073 c.
199 3026 246 3074 erit
264 3023 294 3091 (tt
312 3031 484 3089 exsequente
504 3023 538 3090 o.)
614 3021 635 3088 ²)
650 3022 695 3073 Em
709 3023 773 3073 Inst.
791 3030 816 3073 et
834 3024 893 3087 ipsa
911 3037 941 3071 re
956 3021 1047 3088 (raeque
1062 3023 1129 3071 euim

160 3095 224 3144 XII
228 3095 280 3145 tad.
291 3095 327 3144 ad
340 3110 384 3146 res
397 3097 424 3145 ui
433 3109 568 3159 possessas
578 3092 756 3160 pertinebant)
767 3101 886 3158 apparet,
900 3108 939 3142 xn
948 3094 1006 3151 tab.,
1022 3093 1091 3157 quod
1102 3092 1128 3141 0.

156 3167 246 3226 addit,
263 3168 393 3233 piasserna
404 3180 468 3216 esse.
501 3164 597 3216 Eodem
615 3166 742 3216 debentur
755 3167 931 3229 supplementa
946 3166 973 3212 in
988 3165 1027 3227 ξς.
1042 3175 1078 3215 ts.
1093 3174 1127 3214 to.

231 3323 256 3397 §-
271 3330 314 3382 tt.
332 3328 426 3391 Of.§§.
443 3340 463 3379 ι.
478 3340 498 3391 s.
517 3326 588 3377 ide
603 3342 675 3377 usuc.
691 3326 723 3393 (s,
735 3324 767 3393 c).
793 3324 858 3375 Geli.
873 3338 908 3387 rr,
922 3337 943 3375 t.
985 3318 1073 3463 Rfito.
1091 3322 1130 3387 Os.

153 3398 288 3463 pedib.
311 3398 345 3449 L.
366 3415 409 3448 ur.
430 3397 652 3464 0.eod.(r,e1).
685 3412 767 3462 supra
787 3399 912 3461 §§.r.tr.
1004 3396 1069 3445 aii.
1091 3392 1129 3456 Of.

159 3483 186 3533 t,
200 3480 248 3521 ast.
287 3470 340 3520 Cic.
361 3470 398 3519 ad
414 3468 495 3520 Attio.
514 3483 536 3532 1,
549 3481 570 3522 t.
590 3471 614 3531 §-
634 3482 655 3523 6.
670 3484 723 3533 pro
744 3468 839 3518 diaeco
857 3480 892 3519 ts.
911 3474 936 3515 et
955 3465 1007 3514 uid.
1029 3465 1065 3515 ad
1085 3462 1129 3513 Fr.

162 3540 223 3591 Vat.
238 3552 286 3593 tos.
301 3548 400 3591 notata.
453 3536 479 3609 fi.
494 3542 536 3592 ts.
554 3540 592 3603 Cf.
608 3542 631 3604 ἕ.
647 3553 667 3591 1.
687 3540 709 3589 Ι.
725 3540 757 3589 de
776 3554 847 3589 usuc.
863 3537 899 3603 (2,
914 3536 946 3603 o).
997 3532 1022 3604 ξ.
1038 3538 1080 3587 49.
1097 3558 1131 3577 =

157 3612 311 3675 §sim
