2542 3909
157 207 219 265 120
503 215 526 249 c.
543 214 640 249 arsrvs
659 213 760 250 eterno.

154 341 257 399 scribit.
285 341 312 397 ld
337 340 424 413 ipsum
440 340 532 413 Capito
548 341 639 397 Ateius
663 342 689 395 in
711 338 792 411 libro,
815 356 895 412 quem
918 340 951 396 da
967 338 1058 397 oliicio
1075 356 1123 397 se·

154 427 261 481 natorio
277 425 440 497 composuit,
461 426 592 497 scriptum
614 424 734 496 reliquit.
767 422 796 478 lu
812 422 908 479 eodem
923 422 992 480 libro
1008 422 1122 497 Capito-

153 511 196 565 nis
217 508 244 565 id
267 524 376 582 quoque
396 510 526 581 scriptum
548 516 604 563 est:
634 506 696 578 ‘C.’,
719 508 816 579 inquit,
840 505 949 563 ‘Caesar
969 508 1066 564 consul
1082 508 1118 563 ll.

144 593 282 648 ¹Catonem
303 594 463 648 sententiam
486 592 604 665 rogauit.
636 591 700 647 Cato
721 607 792 660 rem,
823 607 892 663 quae
914 591 1120 663 consulebatur,

155 678 281 749 quoniam
303 692 358 731 nou
381 674 549 749 erepublica
564 674 715 745 uidebatur,
739 673 832 747 perfici
847 673 965 731 nolebat.
999 675 1063 731 liius
1078 676 1121 731 rei

154 759 291 815 ducendae
313 760 402 833 gratia
423 760 504 832 longa
521 760 644 814 oratione
659 758 787 814 utebatur
801 758 987 831 eximebatque
1002 758 1121 815 diceudo

155 843 234 899 diem.
267 842 329 900 Erat
352 844 422 899 enirn
445 846 486 898 ius
509 844 639 913 senatori,
662 849 693 897 ut
707 842 868 897 sententiam
884 850 997 915 rogatus
1012 842 1121 898 diceret

155 934 228 999 ante,
250 927 377 1000 quicquid
400 925 484 983 uellet
499 926 564 982 aliae
579 926 618 981 rei
633 934 661 981 et
676 925 766 999 quoad
781 923 875 981 uellet.
908 925 1006 982 Caesar
1020 926 1179 982 consultati
1253 990 1254 995 ἵ

154 1011 287 1067 uiatorem
310 1012 420 1067 uocauit
440 1026 567 1084 eumque,
590 1024 651 1065 cum
667 1008 747 1065 finem
762 1024 817 1065 non
833 1009 944 1081 laceret,
966 1010 1060 1083 prendi
1079 1010 1122 1065 lo-

155 1103 281 1169 quantem
304 1103 333 1151 et
354 1096 382 1150 in
404 1110 540 1150 carcerem
561 1092 623 1149 duci
646 1094 733 1149 iussit.
767 1091 881 1148 Senatus
903 1094 1075 1149 consurrexit
1092 1101 1127 1149 et

154 1177 373 1252 prosequebatur
395 1176 523 1233 Catonem
545 1178 574 1233 iu
596 1192 738 1233 carcerem.
773 1174 850 1247 Hac’,
878 1178 977 1250 inquit,
1006 1175 1123 1232 ‘inuidia

155 1262 236 1333 lacta,
259 1261 356 1316 Caesar
370 1260 475 1316 destitit
490 1269 517 1316 et
532 1261 602 1315 mitti
618 1260 746 1316 Catonem
762 1260 863 1316 iussit’.
881 1289 916 1301 -
935 1260 1002 1316 Gell.
1018 1258 1049 1332 4,
1066 1260 1123 1317 10.

513 1451 757 1525 Epistolarum.

220 1550 263 1611 19.
287 1554 316 1609 ln
339 1552 451 1627 quadam
474 1552 590 1626 epistula
605 1553 676 1609 Ateii
691 1552 829 1635 Capitonis
844 1554 974 1627 scriptum
989 1552 1122 1626 legimus,

156 1639 307 1695 Labeonem
324 1638 467 1692 Antistium
483 1637 574 1710 legum
590 1644 671 1710 atque
686 1653 792 1693 morum
803 1636 899 1711 populi
913 1636 1023 1693 Romani
1038 1638 1122 1692 iuris-

157 1739 210 1797 que
226 1721 313 1779 ciuilis
328 1721 437 1777 doctum
453 1722 573 1794 apprime
588 1720 682 1777 fuisse.
707 1717 770 1776 ‘Sed
787 1720 926 1794 agitabat',
941 1722 1038 1795 inquit,
1055 1720 1122 1776 ‘bo-

156 1808 254 1862 minem
270 1804 379 1861 libertas
395 1806 524 1877 quaedam
538 1804 619 1859 nimia
635 1812 715 1877 atque
730 1820 838 1875 uecors,
854 1805 953 1877 'usqne
968 1804 1046 1874 adeo,
1062 1798 1121 1876 ut,¹

156 1890 220 1946 diuo
237 1891 361 1962 Augusto
382 1891 434 1944 lam
456 1890 578 1963 principe
601 1894 629 1943 et
651 1888 841 1961 rempublicam
858 1888 1007 1959 obtinente,
1029 1896 1121 1943 ratuni

155 1983 244 2030 tamen
259 1989 428 2047 pensumque
444 1972 511 2027 nibil
527 1971 648 2043 baberet,
671 1972 723 2025 nisi
739 1971 810 2045 quod
826 1974 925 2028 iustum
941 1979 1122 2045 sanctumque

156 2074 216 2114 esse
231 2060 258 2113 in
269 2056 394 2113 Romanis
409 2054 614 2129 antiquitatibus
629 2054 766 2129 legisset¹,
784 2072 814 2112 ac
829 2055 925 2111 deinde
937 2063 1035 2127 narrat,
1052 2055 1121 2128 quid

155 2141 226 2199 idem
240 2141 329 2196 Labeo
350 2156 399 2214 per
414 2142 545 2195 uiatorem
561 2154 575 2193 a
590 2138 706 2195 tribunis
720 2138 793 2212 plebi
807 2147 921 2195 uocatus
937 2138 1121 2211 responderit.

156 2225 233 2281 ‘Cum
249 2241 264 2280 a
279 2224 415 2294 muliere',
430 2224 527 2296 inquit,
543 2221 668 2295 ‘quadam
684 2222 785 2277 tribuni
800 2222 885 2295 plebis
900 2223 1043 2278 aduersum
1056 2238 1120 2278 eum

156 2309 220 2366 aditi
243 2310 283 2363 ’in
299 2300 467 2362 Gallianum²
489 2306 521 2361 ad
543 2322 603 2361 eum
625 2307 770 2376 misissent,
796 2314 826 2361 ut
847 2308 953 2363 ueniret
968 2313 996 2362 et
1010 2306 1121 2362 mulieri

155 2391 343 2467 responderet,
366 2391 445 2445 iussit
467 2406 538 2459 eum,
562 2390 608 2461 qui
630 2390 729 2445 missus
753 2398 820 2462 erat,
842 2389 931 2446 redire
954 2396 981 2445 et
1003 2389 1121 2445 tribunis

156 2477 257 2548 dicere,
279 2476 321 2529 ius
343 2490 391 2529 eos
413 2488 468 2527 non
490 2471 588 2527 habere
610 2489 698 2546 neque
713 2490 743 2529 se
758 2490 846 2546 neque
861 2474 941 2529 aliurn
957 2490 1120 2547 quemquam

156 2558 282 2627 uocandi,
305 2558 432 2630 quoniam
448 2555 568 2612 moribus
583 2558 713 2612 maiorum
729 2556 830 2612 tribuni
845 2556 930 2630 plebis
945 2558 1119 2630 prensionem

157 2641 300 2711 haberent,
323 2641 492 2696 uocationem
515 2656 570 2695 uon
593 2639 736 2696 baberent:
758 2656 839 2712 posse
861 2641 947 2713 igitur
961 2656 1008 2696 eos
1024 2642 1120 2696 uenire

157 2734 184 2783 et
200 2724 294 2799 prendi
310 2740 339 2779 se
353 2723 458 2796 iubere,
474 2724 520 2781 sed
537 2724 652 2780 uocandi
668 2722 804 2779 absentem
819 2724 861 2779 lus
877 2740 932 2780 non
947 2720 1120 2780 habere’.-

157 2810 224 2865 cerr.
245 2808 293 2879 13,
311 2807 423 2880 mss.
442 2808 533 2864 1-4.

344 2932 386 2989 Er
408 2936 560 2992 incertis
582 2933 688 2991 libris
710 2934 764 2991 vel
786 2932 933 2995 aliunde.

219 3022 270 3085 20.
294 3020 456 3083 ³Sinistrnm
475 3028 502 3083 in
518 3025 680 3100 auspicando
697 3025 849 3101 significare
865 3028 901 3083 ait
916 3027 1010 3083 Ateius
1025 3026 1120 3101 Capito

157 3112 257 3169 laetum
280 3119 308 3168 et
330 3128 491 3186 prosperum
514 3111 678 3183 auspicium;
705 3118 732 3166 at
755 3110 901 3182 silentium,
924 3110 970 3167 ubi
992 3110 1121 3166 duntaxat

230 3248 251 3316 ¹)
265 3249 311 3300 Sic
325 3251 383 3299 edd.
400 3251 576 3313 antiquiorem
594 3253 706 3311 tanquam
725 3264 807 3298 sorum
825 3249 865 3299 ed.
880 3249 970 3299 Hertz.
1000 3245 1021 3314 ²)
1035 3266 1070 3299 ear
1083 3246 1118 3314 cj.

156 3322 261 3372 Hertzii
275 3324 301 3370 in
316 3320 441 3383 Jahrbs.
457 3322 533 3369 class.
549 3318 644 3369 Pbilol.
659 3330 718 3371 rato.
725 3336 753 3383 p.
766 3332 813 3371 stt.
836 3319 967 3369 Gellianum
981 3321 1038 3370 edd.
1048 3320 1121 3370 Situs

156 3399 214 3442 erat
235 3391 370 3441 Gallienus
380 3389 481 3453 suadas
495 3391 522 3438 in
537 3391 641 3439 ciuitate
650 3388 813 3440 Baebiorum.
839 3390 876 3452 Cf.
887 3390 919 3439 L.
928 3402 948 3441 2.
963 3392 1029 3452 §.eb
1044 3391 1077 3440 D.
1088 3392 1121 3441 de

131 3512 134 3516 ,
156 3465 225 3525 arip.
241 3464 292 3511 iar.
312 3460 345 3525 (1,
358 3459 389 3525 a).
416 3457 492 3525 ³)an
502 3459 540 3522 fr.
556 3472 590 3512 ao.
605 3472 639 3511 21.
655 3461 716 3510 licet
729 3463 866 3519 aoniicere,
885 3460 1030 3524 Capitonem
1045 3464 1121 3512 etiam

225 3547 261 3581 ‘re
275 3532 399 3595 asaperaii
412 3532 557 3593 scripsisse.
586 3530 677 3580 Libris
690 3532 746 3579 eius
760 3531 796 3579 ad
805 3530 942 3581 Etruscam
955 3532 1120 3595 disciplinam
