<?xml version="1.0" encoding="UTF-8"?>
<!DOCTYPE html PUBLIC "-//W3C//DTD XHTML 1.0 Transitional//EN"
    "http://www.w3.org/TR/xhtml1/DTD/xhtml1-transitional.dtd">
<html xmlns="http://www.w3.org/1999/xhtml" xml:lang="en" lang="en">
 <head>
  <title>
</title>
<meta http-equiv="Content-Type" content="text/html;charset=utf-8" />
  <meta name='ocr-system' content='tesseract 3.04.00' />
  <meta name='ocr-capabilities' content='ocr_page ocr_carea ocr_par ocr_line ocrx_word'/>
</head>
<body>
  <div class='ocr_page' id='page_1' title='image "./iurisprudentiae01huscgoog_0780.png"; bbox 0 0 2542 3909; ppageno 0'>
   <div class='ocr_carea' id='block_1_1' title="bbox 421 168 1090 244">
    <p class='ocr_par' dir='ltr' id='par_1_1' title="bbox 421 168 1090 244">
     <span class='ocr_line' id='line_1_1' title="bbox 421 168 1090 244; baseline 0.018 -12"><span class='ocrx_word' id='word_1_1' title='bbox 421 199 456 234; x_wconf 79' lang='lat' dir='ltr'>or</span> <span class='ocrx_word' id='word_1_2' title='bbox 474 199 508 234; x_wconf 81' lang='lat' dir='ltr'>ss</span> <span class='ocrx_word' id='word_1_3' title='bbox 526 198 625 236; x_wconf 78' lang='lat' dir='ltr'>vxoera</span> <span class='ocrx_word' id='word_1_4' title='bbox 642 197 677 234; x_wconf 77' lang='lat' dir='ltr'>ec</span> <span class='ocrx_word' id='word_1_5' title='bbox 694 168 824 235; x_wconf 53' lang='lat' dir='ltr'>normes(</span> <span class='ocrx_word' id='word_1_6' title='bbox 1030 179 1090 244; x_wconf 76' lang='grc'>’(55</span> 
     </span>
    </p>
   </div>
   <div class='ocr_carea' id='block_1_2' title="bbox 67 327 1200 1984">
    <p class='ocr_par' dir='ltr' id='par_1_2' title="bbox 137 327 1200 984">
     <span class='ocr_line' id='line_1_2' title="bbox 139 327 1095 398; baseline 0.001 -14"><span class='ocrx_word' id='word_1_7' title='bbox 139 343 250 384; x_wconf 77' lang='lat' dir='ltr'>uxorem</span> <span class='ocrx_word' id='word_1_8' title='bbox 265 327 407 396; x_wconf 87' lang='lat' dir='ltr'>conuenit,</span> <span class='ocrx_word' id='word_1_9' title='bbox 430 343 491 385; x_wconf 87' lang='lat' dir='ltr'>cum</span> <span class='ocrx_word' id='word_1_10' title='bbox 506 343 550 382; x_wconf 90' lang='lat' dir='ltr'>res</span> <span class='ocrx_word' id='word_1_11' title='bbox 566 335 594 382; x_wconf 88' lang='lat' dir='ltr'>et</span> <span class='ocrx_word' id='word_1_12' title='bbox 613 329 690 383; x_wconf 87' lang='lat' dir='ltr'>inter</span> <span class='ocrx_word' id='word_1_13' title='bbox 708 342 760 384; x_wconf 91' lang='lat' dir='ltr'>cas</span> <span class='ocrx_word' id='word_1_14' title='bbox 778 329 924 398; x_wconf 86' lang='lat' dir='ltr'>mancipia</span> <span class='ocrx_word' id='word_1_15' title='bbox 944 331 1095 385; x_wconf 87' lang='lat' dir='ltr'>aestimata</span> 
     </span>
     <span class='ocr_line' id='line_1_3' title="bbox 138 404 1092 488; baseline -0.002 -20"><span class='ocrx_word' id='word_1_16' title='bbox 138 415 168 468; x_wconf 87' lang='lat' dir='ltr'>in</span> <span class='ocrx_word' id='word_1_17' title='bbox 183 413 274 468; x_wconf 89' lang='lat' dir='ltr'>dotem</span> <span class='ocrx_word' id='word_1_18' title='bbox 290 410 427 478; x_wconf 86' lang='lat' dir='ltr'>darentur,</span> <span class='ocrx_word' id='word_1_19' title='bbox 445 419 484 480; x_wconf 89' lang='lat' dir='ltr'>ut,</span> <span class='ocrx_word' id='word_1_20' title='bbox 509 409 628 466; x_wconf 90' lang='lat' dir='ltr'>diuortio</span> <span class='ocrx_word' id='word_1_21' title='bbox 644 417 750 480; x_wconf 88' lang='lat' dir='ltr'>secuto,</span> <span class='ocrx_word' id='word_1_22' title='bbox 772 417 864 466; x_wconf 87' lang='lat' dir='ltr'>utrum</span> <span class='ocrx_word' id='word_1_23' title='bbox 880 411 964 468; x_wconf 88' lang='lat' dir='ltr'>uellet</span> <span class='ocrx_word' id='word_1_24' title='bbox 979 411 1074 468; x_wconf 90' lang='lat' dir='ltr'>mulier</span> <span class='ocrx_word' id='word_1_25' title='bbox 1088 404 1092 488; x_wconf 87' lang='grc' dir='ltr'>Ι</span> 
     </span>
     <span class='ocr_line' id='line_1_4' title="bbox 138 493 1200 568; baseline 0.004 -20"><span class='ocrx_word' id='word_1_26' title='bbox 138 493 263 568; x_wconf 81' lang='lat' dir='ltr'>eligeret,</span> <span class='ocrx_word' id='word_1_27' title='bbox 278 493 321 548; x_wconf 88' lang='lat' dir='ltr'>uel</span> <span class='ocrx_word' id='word_1_28' title='bbox 336 494 474 566; x_wconf 82' lang='lat' dir='ltr'>mancipia,</span> <span class='ocrx_word' id='word_1_29' title='bbox 491 493 535 550; x_wconf 87' lang='lat' dir='ltr'>uel</span> <span class='ocrx_word' id='word_1_30' title='bbox 550 493 775 554; x_wconf 84' lang='lat' dir='ltr'>aestimationem.</span> <span class='ocrx_word' id='word_1_31' title='bbox 809 493 935 552; x_wconf 70' lang='lat' dir='ltr'>flauente</span> <span class='ocrx_word' id='word_1_32' title='bbox 950 496 1200 568; x_wconf 62' lang='lat' dir='ltr'>mammo-esaim]</span> 
     </span>
     <span class='ocr_line' id='line_1_5' title="bbox 138 578 1095 650; baseline 0.003 -18"><span class='ocrx_word' id='word_1_33' title='bbox 138 581 185 633; x_wconf 89' lang='lat' dir='ltr'>nio</span> <span class='ocrx_word' id='word_1_34' title='bbox 206 578 347 648; x_wconf 81' lang='lat' dir='ltr'><em>quaedam</em></span> <span class='ocrx_word' id='word_1_35' title='bbox 369 593 408 634; x_wconf 85' lang='lat' dir='ltr'>eas</span> <span class='ocrx_word' id='word_1_36' title='bbox 430 580 581 648; x_wconf 76' lang='lat' dir='ltr'><strong><em>mancipiis</em></strong></span> <span class='ocrx_word' id='word_1_37' title='bbox 602 585 778 650; x_wconf 83' lang='lat' dir='ltr'>pepererunt.</span> <span class='ocrx_word' id='word_1_38' title='bbox 822 580 973 650; x_wconf 88' lang='lat' dir='ltr'>quaesitum</span> <span class='ocrx_word' id='word_1_39' title='bbox 993 587 1049 648; x_wconf 88' lang='lat' dir='ltr'>est,</span> <span class='ocrx_word' id='word_1_40' title='bbox 1071 581 1095 636; x_wconf 89' lang='lat' dir='ltr'>si</span> 
     </span>
     <span class='ocr_line' id='line_1_6' title="bbox 138 659 1094 734; baseline 0.003 -18"><span class='ocrx_word' id='word_1_41' title='bbox 138 660 234 716; x_wconf 88' lang='lat' dir='ltr'>mulier</span> <span class='ocrx_word' id='word_1_42' title='bbox 249 660 379 733; x_wconf 87' lang='lat' dir='ltr'>mancipia</span> <span class='ocrx_word' id='word_1_43' title='bbox 395 659 533 734; x_wconf 80' lang='lat' dir='ltr'>elegisset,</span> <span class='ocrx_word' id='word_1_44' title='bbox 556 677 596 716; x_wconf 81' lang='lat' dir='ltr'>ars</span> <span class='ocrx_word' id='word_1_45' title='bbox 608 667 715 732; x_wconf 88' lang='lat' dir='ltr'>partas</span> <span class='ocrx_word' id='word_1_46' title='bbox 730 676 843 733; x_wconf 82' lang='lat' dir='ltr'>quoque</span> <span class='ocrx_word' id='word_1_47' title='bbox 857 665 921 718; x_wconf 86' lang='lat' dir='ltr'>eius</span> <span class='ocrx_word' id='word_1_48' title='bbox 935 677 997 720; x_wconf 86' lang='lat' dir='ltr'>esse</span> <span class='ocrx_word' id='word_1_49' title='bbox 1011 662 1094 720; x_wconf 88' lang='lat' dir='ltr'>debe-</span> 
     </span>
     <span class='ocr_line' id='line_1_7' title="bbox 137 742 1095 817; baseline 0.002 -17"><span class='ocrx_word' id='word_1_50' title='bbox 137 744 218 800; x_wconf 85' lang='lat' dir='ltr'>reutl</span> <span class='ocrx_word' id='word_1_51' title='bbox 253 742 363 800; x_wconf 82' lang='lat' dir='ltr'><strong>Paullus</strong></span> <span class='ocrx_word' id='word_1_52' title='bbox 384 743 540 817; x_wconf 82' lang='lat' dir='ltr'>respondit,</span> <span class='ocrx_word' id='word_1_53' title='bbox 563 745 689 817; x_wconf 90' lang='lat' dir='ltr'>quoniam</span> <span class='ocrx_word' id='word_1_54' title='bbox 711 742 833 817; x_wconf 87' lang='lat' dir='ltr'>periculo</span> <span class='ocrx_word' id='word_1_55' title='bbox 856 747 944 801; x_wconf 88' lang='lat' dir='ltr'>mariti</span> <span class='ocrx_word' id='word_1_56' title='bbox 967 747 1095 804; x_wconf 80' lang='lat' dir='ltr'>ulterunt</span> 
     </span>
     <span class='ocr_line' id='line_1_8' title="bbox 137 829 1095 903; baseline 0.002 -19"><span class='ocrx_word' id='word_1_57' title='bbox 137 830 297 898; x_wconf 87' lang='lat' dir='ltr'>mancipia,</span> <span class='ocrx_word' id='word_1_58' title='bbox 318 834 426 900; x_wconf 89' lang='lat' dir='ltr'>partus</span> <span class='ocrx_word' id='word_1_59' title='bbox 448 843 560 900; x_wconf 83' lang='lat' dir='ltr'>quoque</span> <span class='ocrx_word' id='word_1_60' title='bbox 583 843 622 884; x_wconf 79' lang='lat' dir='ltr'>aa</span> <span class='ocrx_word' id='word_1_61' title='bbox 643 829 678 883; x_wconf 89' lang='lat' dir='ltr'>iis</span> <span class='ocrx_word' id='word_1_62' title='bbox 699 830 874 884; x_wconf 82' lang='lat' dir='ltr'><strong><em>matrimonii</em></strong></span> <span class='ocrx_word' id='word_1_63' title='bbox 895 837 1019 901; x_wconf 88' lang='lat' dir='ltr'>tempore</span> <span class='ocrx_word' id='word_1_64' title='bbox 1033 845 1095 903; x_wconf 90' lang='lat' dir='ltr'>per·</span> 
     </span>
     <span class='ocr_line' id='line_1_9' title="bbox 138 905 718 984; baseline -0.002 -16"><span class='ocrx_word' id='word_1_65' title='bbox 138 918 232 984; x_wconf 83' lang='lat' dir='ltr'>coptos</span> <span class='ocrx_word' id='word_1_66' title='bbox 247 909 318 984; x_wconf 87' lang='lat' dir='ltr'>apud</span> <span class='ocrx_word' id='word_1_67' title='bbox 333 912 422 967; x_wconf 91' lang='lat' dir='ltr'>uirum</span> <span class='ocrx_word' id='word_1_68' title='bbox 436 927 575 966; x_wconf 89' lang='lat' dir='ltr'>remanere</span> <span class='ocrx_word' id='word_1_69' title='bbox 590 905 718 967; x_wconf 55' lang='lat' dir='ltr'>cohered</span> 
     </span>
    </p>

    <p class='ocr_par' dir='ltr' id='par_1_3' title="bbox 67 991 1095 1151">
     <span class='ocr_line' id='line_1_10' title="bbox 67 991 1095 1066; baseline 0.002 -16"><span class='ocrx_word' id='word_1_70' title='bbox 67 995 127 1043; x_wconf 72' lang='lat'>[⁶6⁰]</span> <span class='ocrx_word' id='word_1_71' title='bbox 200 991 260 1052; x_wconf 79' lang='lat'>115.</span> <span class='ocrx_word' id='word_1_72' title='bbox 282 993 363 1052; x_wconf 84' lang='lat' dir='ltr'>Idem</span> <span class='ocrx_word' id='word_1_73' title='bbox 377 995 425 1050; x_wconf 84' lang='lat' dir='ltr'>tib.</span> <span class='ocrx_word' id='word_1_74' title='bbox 443 1036 450 1052; x_wconf 93' lang='lat'><strong>.</strong></span> <span class='ocrx_word' id='word_1_75' title='bbox 468 1035 475 1051; x_wconf 93' lang='lat'><strong>.</strong></span> <span class='ocrx_word' id='word_1_76' title='bbox 491 1010 571 1066; x_wconf 88' lang='lat' dir='ltr'>resp.</span> <span class='ocrx_word' id='word_1_77' title='bbox 593 993 688 1064; x_wconf 82' lang='lat' dir='ltr'>refert</span> <span class='ocrx_word' id='word_1_78' title='bbox 709 1002 796 1050; x_wconf 84' lang='lat' dir='ltr'>tamen</span> <span class='ocrx_word' id='word_1_79' title='bbox 819 994 1043 1052; x_wconf 78' lang='lat' dir='ltr'>consultationem</span> <span class='ocrx_word' id='word_1_80' title='bbox 1067 1005 1095 1052; x_wconf 89' lang='lat' dir='ltr'>et</span> 
     </span>
     <span class='ocr_line' id='line_1_11' title="bbox 137 1071 1095 1151; baseline 0.001 -18"><span class='ocrx_word' id='word_1_81' title='bbox 137 1093 309 1151; x_wconf 89' lang='lat' dir='ltr'>responsum.</span> <span class='ocrx_word' id='word_1_82' title='bbox 354 1077 464 1134; x_wconf 73' lang='lat' dir='ltr'>‘Minor</span> <span class='ocrx_word' id='word_1_83' title='bbox 477 1071 547 1136; x_wconf 66' lang='lat' dir='ltr'>uun</span> <span class='ocrx_word' id='word_1_84' title='bbox 559 1094 702 1134; x_wconf 85' lang='lat' dir='ltr'>annorum</span> <span class='ocrx_word' id='word_1_85' title='bbox 715 1077 800 1134; x_wconf 76' lang='lat' dir='ltr'>lucia</span> <span class='ocrx_word' id='word_1_86' title='bbox 815 1078 883 1133; x_wconf 82' lang='lat' dir='ltr'>Titia</span> <span class='ocrx_word' id='word_1_87' title='bbox 902 1095 963 1135; x_wconf 87' lang='lat' dir='ltr'>cum</span> <span class='ocrx_word' id='word_1_88' title='bbox 978 1079 1095 1136; x_wconf 86' lang='lat' dir='ltr'>nuberet</span> 
     </span>
    </p>

    <p class='ocr_par' dir='ltr' id='par_1_4' title="bbox 75 1156 1094 1638">
     <span class='ocr_line' id='line_1_12' title="bbox 75 1156 1094 1235; baseline 0.007 -23"><span class='ocrx_word' id='word_1_89' title='bbox 75 1209 77 1212; x_wconf 84' lang='lat'>.</span> <span class='ocrx_word' id='word_1_90' title='bbox 137 1160 267 1235; x_wconf 86' lang='lat' dir='ltr'>Septicio,</span> <span class='ocrx_word' id='word_1_91' title='bbox 288 1163 396 1218; x_wconf 87' lang='lat' dir='ltr'>maioris</span> <span class='ocrx_word' id='word_1_92' title='bbox 412 1163 556 1234; x_wconf 82' lang='lat' dir='ltr'>dignitatis</span> <span class='ocrx_word' id='word_1_93' title='bbox 570 1165 645 1231; x_wconf 85' lang='lat' dir='ltr'>uiro,</span> <span class='ocrx_word' id='word_1_94' title='bbox 667 1165 695 1217; x_wconf 88' lang='lat' dir='ltr'>ci</span> <span class='ocrx_word' id='word_1_95' title='bbox 707 1165 868 1218; x_wconf 84' lang='lat' dir='ltr'>sestertium</span> <span class='ocrx_word' id='word_1_96' title='bbox 880 1156 1007 1219; x_wconf 84' lang='lat' dir='ltr'>centam²</span> <span class='ocrx_word' id='word_1_97' title='bbox 1021 1163 1094 1219; x_wconf 89' lang='lat' dir='ltr'>milia</span> 
     </span>
     <span class='ocr_line' id='line_1_13' title="bbox 136 1243 1094 1318; baseline 0.003 -18"><span class='ocrx_word' id='word_1_98' title='bbox 136 1246 164 1300; x_wconf 89' lang='lat' dir='ltr'>iu</span> <span class='ocrx_word' id='word_1_99' title='bbox 176 1244 267 1300; x_wconf 87' lang='lat' dir='ltr'>dotem</span> <span class='ocrx_word' id='word_1_100' title='bbox 278 1244 363 1316; x_wconf 85' lang='lat' dir='ltr'>dedit,</span> <span class='ocrx_word' id='word_1_101' title='bbox 379 1261 439 1300; x_wconf 89' lang='lat' dir='ltr'>cum</span> <span class='ocrx_word' id='word_1_102' title='bbox 451 1260 506 1301; x_wconf 89' lang='lat' dir='ltr'>non</span> <span class='ocrx_word' id='word_1_103' title='bbox 521 1244 634 1318; x_wconf 87' lang='lat' dir='ltr'>amplius</span> <span class='ocrx_word' id='word_1_104' title='bbox 646 1245 673 1300; x_wconf 91' lang='lat' dir='ltr'>in</span> <span class='ocrx_word' id='word_1_105' title='bbox 690 1243 767 1300; x_wconf 89' lang='lat' dir='ltr'>bonis</span> <span class='ocrx_word' id='word_1_106' title='bbox 779 1245 903 1302; x_wconf 84' lang='lat' dir='ltr'>haberet.</span> <span class='ocrx_word' id='word_1_107' title='bbox 927 1246 1002 1302; x_wconf 82' lang='lat' dir='ltr'>Num</span> <span class='ocrx_word' id='word_1_108' title='bbox 1013 1255 1094 1303; x_wconf 89' lang='lat' dir='ltr'>recte</span> 
     </span>
     <span class='ocr_line' id='line_1_14' title="bbox 137 1327 1094 1401; baseline 0.002 -17"><span class='ocrx_word' id='word_1_109' title='bbox 137 1329 215 1385; x_wconf 82' lang='lat' dir='ltr'>dedit</span> <span class='ocrx_word' id='word_1_110' title='bbox 229 1334 258 1384; x_wconf 90' lang='lat' dir='ltr'>et</span> <span class='ocrx_word' id='word_1_111' title='bbox 272 1345 340 1384; x_wconf 84' lang='lat' dir='ltr'>num</span> <span class='ocrx_word' id='word_1_112' title='bbox 355 1344 451 1384; x_wconf 88' lang='lat' dir='ltr'>uerum</span> <span class='ocrx_word' id='word_1_113' title='bbox 467 1335 519 1399; x_wconf 89' lang='lat' dir='ltr'>est,</span> <span class='ocrx_word' id='word_1_114' title='bbox 541 1328 614 1401; x_wconf 84' lang='lat' dir='ltr'>quotl</span> <span class='ocrx_word' id='word_1_115' title='bbox 630 1345 644 1384; x_wconf 90' lang='lat' dir='ltr'>a</span> <span class='ocrx_word' id='word_1_116' title='bbox 660 1327 817 1400; x_wconf 88' lang='lat' dir='ltr'>quibusdam</span> <span class='ocrx_word' id='word_1_117' title='bbox 833 1329 940 1397; x_wconf 87' lang='lat' dir='ltr'>dicitur,</span> <span class='ocrx_word' id='word_1_118' title='bbox 962 1331 1051 1386; x_wconf 87' lang='lat' dir='ltr'>omnia</span> <span class='ocrx_word' id='word_1_119' title='bbox 1065 1331 1094 1386; x_wconf 92' lang='lat' dir='ltr'>in</span> 
     </span>
     <span class='ocr_line' id='line_1_15' title="bbox 137 1409 1094 1484; baseline 0.003 -18"><span class='ocrx_word' id='word_1_120' title='bbox 137 1411 228 1468; x_wconf 89' lang='lat' dir='ltr'>dotem</span> <span class='ocrx_word' id='word_1_121' title='bbox 243 1410 304 1468; x_wconf 87' lang='lat' dir='ltr'>dari</span> <span class='ocrx_word' id='word_1_122' title='bbox 317 1412 392 1468; x_wconf 85' lang='lat' dir='ltr'>bona</span> <span class='ocrx_word' id='word_1_123' title='bbox 402 1409 526 1480; x_wconf 82' lang='lat' dir='ltr'>posse?&#39;</span> <span class='ocrx_word' id='word_1_124' title='bbox 569 1413 694 1469; x_wconf 84' lang='lat' dir='ltr'>Paullus</span> <span class='ocrx_word' id='word_1_125' title='bbox 715 1415 874 1484; x_wconf 82' lang='lat' dir='ltr'>respondit,</span> <span class='ocrx_word' id='word_1_126' title='bbox 895 1413 985 1470; x_wconf 84' lang='lat' dir='ltr'>&#39;recte</span> <span class='ocrx_word' id='word_1_127' title='bbox 1002 1415 1094 1471; x_wconf 87' lang='lat' dir='ltr'>dotem</span> 
     </span>
     <span class='ocr_line' id='line_1_16' title="bbox 137 1487 1093 1570; baseline 0.002 -20"><span class='ocrx_word' id='word_1_128' title='bbox 137 1497 235 1552; x_wconf 89' lang='lat' dir='ltr'>datam</span> <span class='ocrx_word' id='word_1_129' title='bbox 242 1487 272 1558; x_wconf 87' lang='lat'>,·³</span> <span class='ocrx_word' id='word_1_130' title='bbox 299 1495 355 1552; x_wconf 90' lang='lat' dir='ltr'>dari</span> <span class='ocrx_word' id='word_1_131' title='bbox 383 1511 481 1570; x_wconf 89' lang='lat' dir='ltr'>posse,</span> <span class='ocrx_word' id='word_1_132' title='bbox 511 1503 672 1569; x_wconf 78' lang='lat' dir='ltr'>argumento</span> <span class='ocrx_word' id='word_1_133' title='bbox 701 1512 761 1552; x_wconf 88' lang='lat' dir='ltr'>esse</span> <span class='ocrx_word' id='word_1_134' title='bbox 788 1499 817 1552; x_wconf 91' lang='lat' dir='ltr'>in</span> <span class='ocrx_word' id='word_1_135' title='bbox 838 1512 947 1553; x_wconf 88' lang='lat' dir='ltr'>manum</span> <span class='ocrx_word' id='word_1_136' title='bbox 975 1513 1093 1554; x_wconf 88' lang='lat' dir='ltr'>conuerr-</span> 
     </span>
     <span class='ocr_line' id='line_1_17' title="bbox 138 1571 265 1638; baseline 0 -3"><span class='ocrx_word' id='word_1_137' title='bbox 138 1571 265 1638; x_wconf 69' lang='lat' dir='ltr'>tionem.4</span> 
     </span>
    </p>

    <p class='ocr_par' dir='ltr' id='par_1_5' title="bbox 199 1656 1095 1738">
     <span class='ocr_line' id='line_1_18' title="bbox 199 1656 1095 1738; baseline 0.003 -20"><span class='ocrx_word' id='word_1_138' title='bbox 199 1657 261 1720; x_wconf 79' lang='lat'><strong>116.</strong></span> <span class='ocrx_word' id='word_1_139' title='bbox 284 1656 390 1722; x_wconf 68' lang='grc' dir='ltr'>ὗἿιινθ</span> <span class='ocrx_word' id='word_1_140' title='bbox 400 1667 556 1736; x_wconf 87' lang='lat' dir='ltr'>potestatis</span> <span class='ocrx_word' id='word_1_141' title='bbox 567 1670 657 1736; x_wconf 88' lang='lat' dir='ltr'>pater</span> <span class='ocrx_word' id='word_1_142' title='bbox 670 1667 763 1721; x_wconf 87' lang='lat' dir='ltr'>inuita</span> <span class='ocrx_word' id='word_1_143' title='bbox 776 1661 830 1720; x_wconf 82' lang='lat' dir='ltr'>filia</span> <span class='ocrx_word' id='word_1_144' title='bbox 840 1663 981 1737; x_wconf 80' lang='lat' dir='ltr'>repudium</span> <span class='ocrx_word' id='word_1_145' title='bbox 993 1680 1095 1738; x_wconf 80' lang='lat' dir='ltr'>genero</span> 
     </span>
    </p>

    <p class='ocr_par' dir='ltr' id='par_1_6' title="bbox 137 1744 1096 1984">
     <span class='ocr_line' id='line_1_19' title="bbox 137 1744 1094 1820; baseline 0.004 -21"><span class='ocrx_word' id='word_1_146' title='bbox 137 1746 219 1800; x_wconf 87' lang='lat' dir='ltr'>misit.</span> <span class='ocrx_word' id='word_1_147' title='bbox 255 1744 371 1816; x_wconf 78' lang='lat' dir='ltr'>Quaero,</span> <span class='ocrx_word' id='word_1_148' title='bbox 392 1765 431 1804; x_wconf 88' lang='lat' dir='ltr'>am</span> <span class='ocrx_word' id='word_1_149' title='bbox 445 1750 517 1804; x_wconf 90' lang='lat' dir='ltr'>idem</span> <span class='ocrx_word' id='word_1_150' title='bbox 531 1751 596 1804; x_wconf 86' lang='lat' dir='ltr'>iure</span> <span class='ocrx_word' id='word_1_151' title='bbox 610 1749 801 1818; x_wconf 77' lang='lat' dir='ltr'>stipulationis</span> <span class='ocrx_word' id='word_1_152' title='bbox 816 1746 906 1802; x_wconf 87' lang='lat' dir='ltr'>dotem</span> <span class='ocrx_word' id='word_1_153' title='bbox 921 1756 1015 1820; x_wconf 88' lang='lat' dir='ltr'>petere</span> <span class='ocrx_word' id='word_1_154' title='bbox 1030 1765 1094 1820; x_wconf 89' lang='lat' dir='ltr'>pos·</span> 
     </span>
     <span class='ocr_line' id='line_1_20' title="bbox 137 1826 1096 1903; baseline 0.004 -21"><span class='ocrx_word' id='word_1_155' title='bbox 137 1826 207 1882; x_wconf 85' lang='lat' dir='ltr'>sitl&#39;</span> <span class='ocrx_word' id='word_1_156' title='bbox 238 1826 346 1884; x_wconf 78' lang='lat' dir='ltr'>Paullus</span> <span class='ocrx_word' id='word_1_157' title='bbox 362 1831 511 1903; x_wconf 85' lang='lat' dir='ltr'>respoudit,</span> <span class='ocrx_word' id='word_1_158' title='bbox 529 1831 726 1886; x_wconf 81' lang='lat' dir='ltr'>matrimonium</span> <span class='ocrx_word' id='word_1_159' title='bbox 743 1830 851 1902; x_wconf 89' lang='lat' dir='ltr'>quidem</span> <span class='ocrx_word' id='word_1_160' title='bbox 866 1833 983 1901; x_wconf 85' lang='lat' dir='ltr'>repudia</span> <span class='ocrx_word' id='word_1_161' title='bbox 999 1833 1096 1903; x_wconf 80' lang='lat' dir='ltr'>quoad</span> 
     </span>
     <span class='ocr_line' id='line_1_21' title="bbox 138 1911 1093 1984; baseline 0.004 -18"><span class='ocrx_word' id='word_1_162' title='bbox 138 1925 270 1966; x_wconf 87' lang='lat' dir='ltr'>socerum</span> <span class='ocrx_word' id='word_1_163' title='bbox 285 1914 407 1969; x_wconf 84' lang='lat' dir='ltr'>solutum</span> <span class='ocrx_word' id='word_1_164' title='bbox 423 1913 523 1980; x_wconf 76' lang='lat' dir='ltr'>uitleri3</span> <span class='ocrx_word' id='word_1_165' title='bbox 539 1915 590 1968; x_wconf 89' lang='lat' dir='ltr'>sed</span> <span class='ocrx_word' id='word_1_166' title='bbox 603 1915 673 1984; x_wconf 88' lang='lat' dir='ltr'>patri</span> <span class='ocrx_word' id='word_1_167' title='bbox 689 1911 770 1967; x_wconf 87' lang='lat' dir='ltr'>liliam</span> <span class='ocrx_word' id='word_1_168' title='bbox 781 1912 920 1970; x_wconf 88' lang='lat' dir='ltr'>inuitama</span> <span class='ocrx_word' id='word_1_169' title='bbox 936 1915 1030 1970; x_wconf 90' lang='lat' dir='ltr'>marito</span> <span class='ocrx_word' id='word_1_170' title='bbox 1043 1915 1093 1970; x_wconf 89' lang='lat' dir='ltr'>ab·</span> 
     </span>
    </p>
   </div>
   <div class='ocr_carea' id='block_1_3' title="bbox 13 1991 1096 2488">
    <p class='ocr_par' dir='ltr' id='par_1_7' title="bbox 137 1991 1093 2138">
     <span class='ocr_line' id='line_1_22' title="bbox 137 1991 1093 2069; baseline 0.006 -20"><span class='ocrx_word' id='word_1_171' title='bbox 137 1995 246 2052; x_wconf 85' lang='lat' dir='ltr'>ducere</span> <span class='ocrx_word' id='word_1_172' title='bbox 260 2011 317 2050; x_wconf 86' lang='lat' dir='ltr'>nom</span> <span class='ocrx_word' id='word_1_173' title='bbox 332 1997 437 2058; x_wconf 85' lang='lat' dir='ltr'>tiaere,·</span> <span class='ocrx_word' id='word_1_174' title='bbox 458 2011 511 2052; x_wconf 87' lang='lat' dir='ltr'>mee</span> <span class='ocrx_word' id='word_1_175' title='bbox 528 1991 621 2051; x_wconf 85' lang='lat' dir='ltr'>dotem</span> <span class='ocrx_word' id='word_1_176' title='bbox 636 2004 760 2069; x_wconf 88' lang='lat' dir='ltr'>repetere</span> <span class='ocrx_word' id='word_1_177' title='bbox 775 2012 870 2069; x_wconf 88' lang='lat' dir='ltr'>posse,</span> <span class='ocrx_word' id='word_1_178' title='bbox 893 1997 944 2052; x_wconf 90' lang='lat' dir='ltr'>nisi</span> <span class='ocrx_word' id='word_1_179' title='bbox 959 1995 1013 2052; x_wconf 85' lang='lat' dir='ltr'>filia</span> <span class='ocrx_word' id='word_1_180' title='bbox 1028 2013 1093 2054; x_wconf 89' lang='lat' dir='ltr'>con·</span> 
     </span>
     <span class='ocr_line' id='line_1_23' title="bbox 138 2069 297 2138; baseline 0.006 -6"><span class='ocrx_word' id='word_1_181' title='bbox 138 2069 297 2138; x_wconf 78' lang='lat' dir='ltr'>sentiente.6</span> 
     </span>
    </p>

    <p class='ocr_par' dir='ltr' id='par_1_8' title="bbox 200 2156 1093 2235">
     <span class='ocr_line' id='line_1_24' title="bbox 200 2156 1093 2235; baseline 0.003 -18"><span class='ocrx_word' id='word_1_182' title='bbox 200 2156 259 2218; x_wconf 79' lang='lat'><strong>11⁷.</strong></span> <span class='ocrx_word' id='word_1_183' title='bbox 281 2157 391 2217; x_wconf 76' lang='lat' dir='ltr'>‘Lucius</span> <span class='ocrx_word' id='word_1_184' title='bbox 406 2162 493 2217; x_wconf 86' lang='lat' dir='ltr'>&#39;litius</span> <span class='ocrx_word' id='word_1_185' title='bbox 510 2162 652 2235; x_wconf 81' lang='lat' dir='ltr'>Septiciam</span> <span class='ocrx_word' id='word_1_186' title='bbox 668 2161 799 2217; x_wconf 88' lang='lat' dir='ltr'>ducturus</span> <span class='ocrx_word' id='word_1_187' title='bbox 814 2178 929 2219; x_wconf 82' lang='lat' dir='ltr'>uxorem</span> <span class='ocrx_word' id='word_1_188' title='bbox 944 2170 1009 2220; x_wconf 88' lang='lat' dir='ltr'>erat</span> <span class='ocrx_word' id='word_1_189' title='bbox 1022 2181 1093 2220; x_wconf 87' lang='lat' dir='ltr'>non-</span> 
     </span>
    </p>

    <p class='ocr_par' dir='ltr' id='par_1_9' title="bbox 13 2237 1094 2319">
     <span class='ocr_line' id='line_1_25' title="bbox 13 2237 1094 2319; baseline 0.004 -20"><span class='ocrx_word' id='word_1_190' title='bbox 13 2303 16 2314; x_wconf 50' lang='lat'>,</span> <span class='ocrx_word' id='word_1_191' title='bbox 138 2246 204 2300; x_wconf 84' lang='lat' dir='ltr'>dam</span> <span class='ocrx_word' id='word_1_192' title='bbox 219 2237 366 2301; x_wconf 85' lang='lat' dir='ltr'>nabilem.⁷</span> <span class='ocrx_word' id='word_1_193' title='bbox 389 2254 485 2319; x_wconf 90' lang='lat' dir='ltr'>postea</span> <span class='ocrx_word' id='word_1_194' title='bbox 500 2245 632 2318; x_wconf 86' lang='lat' dir='ltr'>Septicius</span> <span class='ocrx_word' id='word_1_195' title='bbox 649 2245 726 2300; x_wconf 88' lang='lat' dir='ltr'>datus</span> <span class='ocrx_word' id='word_1_196' title='bbox 744 2252 818 2301; x_wconf 90' lang='lat' dir='ltr'>tutor</span> <span class='ocrx_word' id='word_1_197' title='bbox 833 2245 964 2318; x_wconf 84' lang='lat' dir='ltr'>Septiciae</span> <span class='ocrx_word' id='word_1_198' title='bbox 979 2247 1094 2304; x_wconf 87' lang='lat' dir='ltr'>eundem</span> 
     </span>
    </p>

    <p class='ocr_par' dir='ltr' id='par_1_10' title="bbox 70 2327 1094 2400">
     <span class='ocr_line' id='line_1_26' title="bbox 70 2327 1094 2400; baseline 0.003 -17"><span class='ocrx_word' id='word_1_199' title='bbox 70 2361 75 2370; x_wconf 90' lang='lat'><em>·</em></span> <span class='ocrx_word' id='word_1_200' title='bbox 141 2328 243 2384; x_wconf 85' lang='lat' dir='ltr'>Titiam</span> <span class='ocrx_word' id='word_1_201' title='bbox 253 2331 395 2400; x_wconf 88' lang='lat' dir='ltr'>potiorem</span> <span class='ocrx_word' id='word_1_202' title='bbox 410 2333 566 2386; x_wconf 86' lang='lat' dir='ltr'>nominauit</span> <span class='ocrx_word' id='word_1_203' title='bbox 582 2337 710 2384; x_wconf 88' lang='lat' dir='ltr'>tutorem.</span> <span class='ocrx_word' id='word_1_204' title='bbox 740 2327 857 2398; x_wconf 83' lang='lat' dir='ltr'>Quaero,</span> <span class='ocrx_word' id='word_1_205' title='bbox 877 2346 910 2384; x_wconf 89' lang='lat' dir='ltr'>an</span> <span class='ocrx_word' id='word_1_206' title='bbox 927 2331 1094 2391; x_wconf 80' lang='lat' dir='ltr'>excusandus</span> 
     </span>
    </p>

    <p class='ocr_par' dir='ltr' id='par_1_11' title="bbox 138 2410 1096 2488">
     <span class='ocr_line' id='line_1_27' title="bbox 138 2410 1096 2488; baseline 0.006 -23"><span class='ocrx_word' id='word_1_207' title='bbox 138 2410 206 2466; x_wconf 82' lang='lat' dir='ltr'>siti&#39;</span> <span class='ocrx_word' id='word_1_208' title='bbox 253 2411 361 2467; x_wconf 88' lang='lat' dir='ltr'>Paullus</span> <span class='ocrx_word' id='word_1_209' title='bbox 383 2414 538 2488; x_wconf 84' lang='lat' dir='ltr'>respondit,</span> <span class='ocrx_word' id='word_1_210' title='bbox 561 2411 594 2468; x_wconf 84' lang='lat' dir='ltr'>tle</span> <span class='ocrx_word' id='word_1_211' title='bbox 616 2411 708 2468; x_wconf 86' lang='lat' dir='ltr'>officio</span> <span class='ocrx_word' id='word_1_212' title='bbox 729 2415 876 2483; x_wconf 86' lang='lat' dir='ltr'>praetoris</span> <span class='ocrx_word' id='word_1_213' title='bbox 898 2417 1003 2484; x_wconf 81' lang='lat' dir='ltr'>quaeri</span> <span class='ocrx_word' id='word_1_214' title='bbox 1008 2437 1017 2476; x_wconf 93' lang='lat'>,·</span> <span class='ocrx_word' id='word_1_215' title='bbox 1044 2417 1096 2471; x_wconf 87' lang='lat' dir='ltr'>sed</span> 
     </span>
    </p>
   </div>
   <div class='ocr_carea' id='block_1_4' title="bbox 137 2613 1095 3592">
    <p class='ocr_par' dir='ltr' id='par_1_12' title="bbox 137 2613 1095 3592">
     <span class='ocr_line' id='line_1_28' title="bbox 138 2613 1094 2682; baseline 0.004 -20"><span class='ocrx_word' id='word_1_216' title='bbox 138 2614 170 2663; x_wconf 83' lang='lat' dir='ltr'>L.</span> <span class='ocrx_word' id='word_1_217' title='bbox 189 2625 216 2666; x_wconf 79' lang='lat'>48</span> <span class='ocrx_word' id='word_1_218' title='bbox 233 2631 277 2678; x_wconf 82' lang='lat' dir='ltr'>pr.</span> <span class='ocrx_word' id='word_1_219' title='bbox 303 2615 335 2663; x_wconf 88' lang='lat' dir='ltr'>D.</span> <span class='ocrx_word' id='word_1_220' title='bbox 356 2615 388 2663; x_wconf 87' lang='lat' dir='ltr'>de</span> <span class='ocrx_word' id='word_1_221' title='bbox 406 2616 454 2678; x_wconf 83' lang='lat' dir='ltr'>lep.</span> <span class='ocrx_word' id='word_1_222' title='bbox 474 2625 494 2664; x_wconf 73' lang='lat' dir='ltr'>i.</span> <span class='ocrx_word' id='word_1_223' title='bbox 534 2613 678 2676; x_wconf 74' lang='lat' dir='ltr'>deperdita</span> <span class='ocrx_word' id='word_1_224' title='bbox 698 2617 797 2664; x_wconf 87' lang='lat' dir='ltr'>rectius</span> <span class='ocrx_word' id='word_1_225' title='bbox 819 2615 882 2664; x_wconf 80' lang='lat' dir='ltr'>miti</span> <span class='ocrx_word' id='word_1_226' title='bbox 901 2618 996 2667; x_wconf 81' lang='lat' dir='ltr'>uideor</span> <span class='ocrx_word' id='word_1_227' title='bbox 1019 2634 1094 2682; x_wconf 86' lang='lat' dir='ltr'>quam</span> 
     </span>
     <span class='ocr_line' id='line_1_29' title="bbox 139 2681 1095 2752; baseline 0.005 -20"><span class='ocrx_word' id='word_1_228' title='bbox 139 2685 232 2734; x_wconf 89' lang='lat' dir='ltr'>Hallw.</span> <span class='ocrx_word' id='word_1_229' title='bbox 247 2693 273 2736; x_wconf 85' lang='lat' dir='ltr'>et</span> <span class='ocrx_word' id='word_1_230' title='bbox 286 2686 334 2735; x_wconf 89' lang='lat' dir='ltr'>alii</span> <span class='ocrx_word' id='word_1_231' title='bbox 352 2699 497 2748; x_wconf 83' lang='lat' dir='ltr'>reparasse.</span> <span class='ocrx_word' id='word_1_232' title='bbox 574 2681 592 2747; x_wconf 86' lang='lat'>¹)</span> <span class='ocrx_word' id='word_1_233' title='bbox 607 2684 652 2733; x_wconf 83' lang='lat' dir='ltr'>Em</span> <span class='ocrx_word' id='word_1_234' title='bbox 671 2686 757 2735; x_wconf 88' lang='lat' dir='ltr'>eodem</span> <span class='ocrx_word' id='word_1_235' title='bbox 772 2685 865 2735; x_wconf 87' lang='lat' dir='ltr'>Paatto</span> <span class='ocrx_word' id='word_1_236' title='bbox 885 2689 1003 2752; x_wconf 83' lang='lat' dir='ltr'>sequitur</span> <span class='ocrx_word' id='word_1_237' title='bbox 1021 2689 1095 2738; x_wconf 86' lang='lat' dir='ltr'>atiud</span> 
     </span>
     <span class='ocr_line' id='line_1_30' title="bbox 139 2755 1094 2820; baseline 0.002 -15"><span class='ocrx_word' id='word_1_238' title='bbox 139 2770 303 2820; x_wconf 85' lang='lat' dir='ltr'>responsam:</span> <span class='ocrx_word' id='word_1_239' title='bbox 320 2756 366 2806; x_wconf 88' lang='lat' dir='ltr'>sed</span> <span class='ocrx_word' id='word_1_240' title='bbox 385 2756 520 2805; x_wconf 87' lang='lat' dir='ltr'>dicendam</span> <span class='ocrx_word' id='word_1_241' title='bbox 539 2755 654 2813; x_wconf 83' lang='lat' dir='ltr'>uidetur,</span> <span class='ocrx_word' id='word_1_242' title='bbox 671 2757 760 2818; x_wconf 87' lang='lat' dir='ltr'>prima</span> <span class='ocrx_word' id='word_1_243' title='bbox 778 2756 856 2806; x_wconf 86' lang='lat' dir='ltr'>uerba</span> <span class='ocrx_word' id='word_1_244' title='bbox 874 2772 928 2806; x_wconf 88' lang='lat' dir='ltr'>csse</span> <span class='ocrx_word' id='word_1_245' title='bbox 947 2760 1094 2808; x_wconf 82' lang='lat' dir='ltr'>collectoris</span> 
     </span>
     <span class='ocr_line' id='line_1_31' title="bbox 138 2825 1093 2891; baseline 0.002 -17"><span class='ocrx_word' id='word_1_246' title='bbox 138 2829 177 2874; x_wconf 87' lang='lat' dir='ltr'>aet</span> <span class='ocrx_word' id='word_1_247' title='bbox 192 2829 305 2891; x_wconf 82' lang='lat' dir='ltr'>collepae</span> <span class='ocrx_word' id='word_1_248' title='bbox 315 2827 412 2889; x_wconf 84' lang='lat' dir='ltr'>petias,</span> <span class='ocrx_word' id='word_1_249' title='bbox 427 2827 472 2890; x_wconf 83' lang='lat' dir='ltr'>qui</span> <span class='ocrx_word' id='word_1_250' title='bbox 485 2825 553 2874; x_wconf 80' lang='lat' dir='ltr'>dunc</span> <span class='ocrx_word' id='word_1_251' title='bbox 567 2826 668 2874; x_wconf 85' lang='lat' dir='ltr'>titutum</span> <span class='ocrx_word' id='word_1_252' title='bbox 682 2840 819 2876; x_wconf 85' lang='lat' dir='ltr'>recensens</span> <span class='ocrx_word' id='word_1_253' title='bbox 832 2826 1093 2890; x_wconf 82' lang='lat' dir='ltr'>quibusdamsuppte-</span> 
     </span>
     <span class='ocr_line' id='line_1_32' title="bbox 138 2892 1093 2959; baseline 0.002 -15"><span class='ocrx_word' id='word_1_254' title='bbox 138 2898 228 2945; x_wconf 88' lang='lat' dir='ltr'>mentis</span> <span class='ocrx_word' id='word_1_255' title='bbox 243 2899 356 2944; x_wconf 72' lang='lat' dir='ltr'>auxerit.</span> <span class='ocrx_word' id='word_1_256' title='bbox 381 2895 505 2945; x_wconf 83' lang='lat' dir='ltr'>Laconas</span> <span class='ocrx_word' id='word_1_257' title='bbox 519 2896 630 2957; x_wconf 83' lang='lat' dir='ltr'>empleui.</span> <span class='ocrx_word' id='word_1_258' title='bbox 683 2892 704 2959; x_wconf 55' lang='grc' dir='ltr'>ἵ)</span> <span class='ocrx_word' id='word_1_259' title='bbox 720 2893 819 2945; x_wconf 80' lang='lat' dir='ltr'>‘decies</span> <span class='ocrx_word' id='word_1_260' title='bbox 834 2894 952 2945; x_wconf 86' lang='lat' dir='ltr'>centena&#39;</span> <span class='ocrx_word' id='word_1_261' title='bbox 968 2898 1025 2946; x_wconf 87' lang='lat' dir='ltr'>edd.</span> <span class='ocrx_word' id='word_1_262' title='bbox 1042 2911 1061 2953; x_wconf 79' lang='grc' dir='ltr'>ι.</span> <span class='ocrx_word' id='word_1_263' title='bbox 1072 2909 1093 2947; x_wconf 79' lang='lat' dir='ltr'>i.</span> 
     </span>
     <span class='ocr_line' id='line_1_33' title="bbox 138 2961 1093 3031; baseline 0.004 -18"><span class='ocrx_word' id='word_1_264' title='bbox 138 2965 267 3024; x_wconf 85' lang='lat' dir='ltr'>dederam,</span> <span class='ocrx_word' id='word_1_265' title='bbox 278 2981 329 3015; x_wconf 86' lang='lat' dir='ltr'>non</span> <span class='ocrx_word' id='word_1_266' title='bbox 339 2973 416 3014; x_wconf 85' lang='lat' dir='ltr'>recte.</span> <span class='ocrx_word' id='word_1_267' title='bbox 468 2961 489 3031; x_wconf 82' lang='lat'>⁸)</span> <span class='ocrx_word' id='word_1_268' title='bbox 500 2964 542 3014; x_wconf 86' lang='lat' dir='ltr'>Ita</span> <span class='ocrx_word' id='word_1_269' title='bbox 552 2963 665 3015; x_wconf 89' lang='lat' dir='ltr'>Momms.</span> <span class='ocrx_word' id='word_1_270' title='bbox 677 2964 782 3014; x_wconf 85' lang='lat' dir='ltr'>Malim:</span> <span class='ocrx_word' id='word_1_271' title='bbox 794 2968 880 3016; x_wconf 85' lang='lat' dir='ltr'>amnia</span> <span class='ocrx_word' id='word_1_272' title='bbox 889 2965 956 3016; x_wconf 84' lang='lat' dir='ltr'>homa</span> <span class='ocrx_word' id='word_1_273' title='bbox 966 2969 993 3015; x_wconf 87' lang='lat' dir='ltr'>in</span> <span class='ocrx_word' id='word_1_274' title='bbox 1003 2967 1093 3017; x_wconf 85' lang='lat' dir='ltr'>dotent.</span> 
     </span>
     <span class='ocr_line' id='line_1_34' title="bbox 140 3033 1093 3102; baseline 0.002 -18"><span class='ocrx_word' id='word_1_275' title='bbox 140 3035 178 3097; x_wconf 81' lang='lat' dir='ltr'>Cf.</span> <span class='ocrx_word' id='word_1_276' title='bbox 194 3035 225 3084; x_wconf 85' lang='lat' dir='ltr'>L.</span> <span class='ocrx_word' id='word_1_277' title='bbox 240 3047 261 3086; x_wconf 87' lang='lat' dir='ltr'>s.</span> <span class='ocrx_word' id='word_1_278' title='bbox 282 3037 305 3096; x_wconf 68' lang='grc' dir='ltr'>ξ.</span> <span class='ocrx_word' id='word_1_279' title='bbox 321 3047 340 3086; x_wconf 84' lang='grc'>1.</span> <span class='ocrx_word' id='word_1_280' title='bbox 367 3035 399 3084; x_wconf 87' lang='lat' dir='ltr'>D.</span> <span class='ocrx_word' id='word_1_281' title='bbox 419 3036 450 3084; x_wconf 88' lang='lat' dir='ltr'>de</span> <span class='ocrx_word' id='word_1_282' title='bbox 464 3037 555 3085; x_wconf 85' lang='lat' dir='ltr'>minor.</span> <span class='ocrx_word' id='word_1_283' title='bbox 571 3033 606 3100; x_wconf 83' lang='lat'>(4,</span> <span class='ocrx_word' id='word_1_284' title='bbox 621 3033 654 3100; x_wconf 76' lang='lat' dir='ltr'>a).</span> <span class='ocrx_word' id='word_1_285' title='bbox 673 3035 706 3084; x_wconf 88' lang='lat' dir='ltr'>L.</span> <span class='ocrx_word' id='word_1_286' title='bbox 722 3048 742 3085; x_wconf 88' lang='lat'>1.</span> <span class='ocrx_word' id='word_1_287' title='bbox 763 3035 828 3084; x_wconf 71' lang='lat' dir='ltr'>ari</span> <span class='ocrx_word' id='word_1_288' title='bbox 841 3037 899 3085; x_wconf 85' lang='lat' dir='ltr'>ada.</span> <span class='ocrx_word' id='word_1_289' title='bbox 919 3037 971 3086; x_wconf 89' lang='lat' dir='ltr'>dot.</span> <span class='ocrx_word' id='word_1_290' title='bbox 992 3035 1028 3101; x_wconf 80' lang='lat'>(2,</span> <span class='ocrx_word' id='word_1_291' title='bbox 1046 3036 1093 3102; x_wconf 72' lang='lat' dir='ltr'>si).</span> 
     </span>
     <span class='ocr_line' id='line_1_35' title="bbox 138 3102 1094 3172; baseline 0.003 -19"><span class='ocrx_word' id='word_1_292' title='bbox 138 3105 170 3152; x_wconf 85' lang='lat' dir='ltr'>L.</span> <span class='ocrx_word' id='word_1_293' title='bbox 185 3116 206 3154; x_wconf 83' lang='lat'>4.</span> <span class='ocrx_word' id='word_1_294' title='bbox 223 3104 248 3154; x_wconf 82' lang='lat'>0.</span> <span class='ocrx_word' id='word_1_295' title='bbox 264 3106 296 3154; x_wconf 89' lang='lat' dir='ltr'>de</span> <span class='ocrx_word' id='word_1_296' title='bbox 311 3106 328 3154; x_wconf 84' lang='lat' dir='ltr'>i.</span> <span class='ocrx_word' id='word_1_297' title='bbox 343 3105 395 3154; x_wconf 87' lang='lat' dir='ltr'>dat.</span> <span class='ocrx_word' id='word_1_298' title='bbox 411 3103 442 3170; x_wconf 87' lang='lat'>(5,</span> <span class='ocrx_word' id='word_1_299' title='bbox 458 3109 502 3172; x_wconf 76' lang='lat'>12).</span> <span class='ocrx_word' id='word_1_300' title='bbox 561 3102 583 3170; x_wconf 75' lang='lat'>⁴)</span> <span class='ocrx_word' id='word_1_301' title='bbox 601 3105 639 3168; x_wconf 82' lang='lat' dir='ltr'>Cf.</span> <span class='ocrx_word' id='word_1_302' title='bbox 657 3105 708 3155; x_wconf 83' lang='lat' dir='ltr'>Cic.</span> <span class='ocrx_word' id='word_1_303' title='bbox 728 3104 788 3168; x_wconf 85' lang='lat' dir='ltr'>Tap.</span> <span class='ocrx_word' id='word_1_304' title='bbox 803 3118 824 3163; x_wconf 87' lang='lat' dir='ltr'>t,</span> <span class='ocrx_word' id='word_1_305' title='bbox 839 3116 873 3157; x_wconf 79' lang='lat' dir='ltr'>te.</span> <span class='ocrx_word' id='word_1_306' title='bbox 935 3103 955 3170; x_wconf 71' lang='grc' dir='ltr'>ὅ)</span> <span class='ocrx_word' id='word_1_307' title='bbox 970 3107 1094 3157; x_wconf 85' lang='lat' dir='ltr'>Lucanas</span> 
     </span>
     <span class='ocr_line' id='line_1_36' title="bbox 137 3175 1093 3240; baseline 0.003 -16"><span class='ocrx_word' id='word_1_308' title='bbox 137 3190 227 3224; x_wconf 88' lang='lat' dir='ltr'>sensas</span> <span class='ocrx_word' id='word_1_309' title='bbox 242 3182 266 3224; x_wconf 89' lang='lat' dir='ltr'>et</span> <span class='ocrx_word' id='word_1_310' title='bbox 279 3176 359 3238; x_wconf 85' lang='lat' dir='ltr'>spatii</span> <span class='ocrx_word' id='word_1_311' title='bbox 373 3178 538 3226; x_wconf 85' lang='lat' dir='ltr'>accuratiore</span> <span class='ocrx_word' id='word_1_312' title='bbox 553 3175 642 3224; x_wconf 78' lang='lat' dir='ltr'>habita</span> <span class='ocrx_word' id='word_1_313' title='bbox 656 3178 758 3226; x_wconf 84' lang='lat' dir='ltr'>ratione</span> <span class='ocrx_word' id='word_1_314' title='bbox 771 3177 901 3240; x_wconf 83' lang='lat' dir='ltr'>supplevi,</span> <span class='ocrx_word' id='word_1_315' title='bbox 916 3179 1015 3240; x_wconf 85' lang='lat' dir='ltr'>partim</span> <span class='ocrx_word' id='word_1_316' title='bbox 1029 3180 1093 3228; x_wconf 86' lang='lat' dir='ltr'>alio-</span> 
     </span>
     <span class='ocr_line' id='line_1_37' title="bbox 137 3245 1093 3313; baseline 0.004 -19"><span class='ocrx_word' id='word_1_317' title='bbox 137 3261 195 3294; x_wconf 86' lang='lat' dir='ltr'>ram</span> <span class='ocrx_word' id='word_1_318' title='bbox 209 3261 271 3295; x_wconf 87' lang='lat' dir='ltr'>asae</span> <span class='ocrx_word' id='word_1_319' title='bbox 286 3247 437 3295; x_wconf 86' lang='lat' dir='ltr'>commentis.</span> <span class='ocrx_word' id='word_1_320' title='bbox 469 3247 507 3309; x_wconf 77' lang='lat' dir='ltr'>Of.</span> <span class='ocrx_word' id='word_1_321' title='bbox 522 3246 553 3295; x_wconf 87' lang='lat' dir='ltr'>L.</span> <span class='ocrx_word' id='word_1_322' title='bbox 569 3257 602 3298; x_wconf 75' lang='lat'>³2.</span> <span class='ocrx_word' id='word_1_323' title='bbox 617 3248 640 3308; x_wconf 62' lang='grc' dir='ltr'>ὅ.</span> <span class='ocrx_word' id='word_1_324' title='bbox 657 3258 689 3298; x_wconf 81' lang='grc'>19.</span> <span class='ocrx_word' id='word_1_325' title='bbox 710 3246 742 3294; x_wconf 86' lang='lat' dir='ltr'>D.</span> <span class='ocrx_word' id='word_1_326' title='bbox 757 3247 789 3296; x_wconf 90' lang='lat' dir='ltr'>de</span> <span class='ocrx_word' id='word_1_327' title='bbox 803 3247 862 3297; x_wconf 87' lang='lat' dir='ltr'>don.</span> <span class='ocrx_word' id='word_1_328' title='bbox 878 3248 924 3296; x_wconf 87' lang='lat' dir='ltr'>int.</span> <span class='ocrx_word' id='word_1_329' title='bbox 939 3249 988 3296; x_wconf 84' lang='lat' dir='ltr'>uir.</span> <span class='ocrx_word' id='word_1_330' title='bbox 1003 3245 1047 3313; x_wconf 79' lang='lat'>(24,</span> <span class='ocrx_word' id='word_1_331' title='bbox 1062 3247 1093 3312; x_wconf 86' lang='lat'>1).</span> 
     </span>
     <span class='ocr_line' id='line_1_38' title="bbox 138 3315 1092 3383; baseline 0.004 -19"><span class='ocrx_word' id='word_1_332' title='bbox 138 3315 170 3364; x_wconf 86' lang='lat' dir='ltr'>L.</span> <span class='ocrx_word' id='word_1_333' title='bbox 186 3328 206 3367; x_wconf 90' lang='lat'>1.</span> <span class='ocrx_word' id='word_1_334' title='bbox 221 3318 244 3378; x_wconf 69' lang='grc' dir='ltr'>ξ.</span> <span class='ocrx_word' id='word_1_335' title='bbox 260 3327 280 3368; x_wconf 79' lang='lat'>5.</span> <span class='ocrx_word' id='word_1_336' title='bbox 304 3317 337 3366; x_wconf 87' lang='lat' dir='ltr'>D.</span> <span class='ocrx_word' id='word_1_337' title='bbox 354 3317 385 3366; x_wconf 88' lang='lat' dir='ltr'>de</span> <span class='ocrx_word' id='word_1_338' title='bbox 400 3316 442 3365; x_wconf 85' lang='lat' dir='ltr'>tib.</span> <span class='ocrx_word' id='word_1_339' title='bbox 458 3317 543 3366; x_wconf 81' lang='lat' dir='ltr'>emdib.</span> <span class='ocrx_word' id='word_1_340' title='bbox 560 3315 609 3383; x_wconf 80' lang='lat' dir='ltr'>(ts,</span> <span class='ocrx_word' id='word_1_341' title='bbox 624 3315 670 3380; x_wconf 78' lang='lat'>³0).</span> <span class='ocrx_word' id='word_1_342' title='bbox 690 3316 722 3367; x_wconf 86' lang='lat' dir='ltr'>L.</span> <span class='ocrx_word' id='word_1_343' title='bbox 736 3327 757 3368; x_wconf 76' lang='lat'>5.</span> <span class='ocrx_word' id='word_1_344' title='bbox 786 3316 812 3366; x_wconf 83' lang='lat'>0.</span> <span class='ocrx_word' id='word_1_345' title='bbox 831 3319 863 3367; x_wconf 88' lang='lat' dir='ltr'>de</span> <span class='ocrx_word' id='word_1_346' title='bbox 882 3319 972 3381; x_wconf 77' lang='lat' dir='ltr'>repud.</span> <span class='ocrx_word' id='word_1_347' title='bbox 992 3317 1028 3383; x_wconf 81' lang='lat'>(5,</span> <span class='ocrx_word' id='word_1_348' title='bbox 1047 3318 1092 3383; x_wconf 85' lang='lat' dir='ltr'>tt).</span> 
     </span>
     <span class='ocr_line' id='line_1_39' title="bbox 139 3384 1094 3452; baseline 0.003 -18"><span class='ocrx_word' id='word_1_349' title='bbox 139 3386 214 3436; x_wconf 89' lang='lat' dir='ltr'>Paat.</span> <span class='ocrx_word' id='word_1_350' title='bbox 229 3385 256 3435; x_wconf 85' lang='lat' dir='ltr'>S.</span> <span class='ocrx_word' id='word_1_351' title='bbox 273 3385 303 3438; x_wconf 85' lang='lat' dir='ltr'>it.</span> <span class='ocrx_word' id='word_1_352' title='bbox 318 3397 338 3445; x_wconf 79' lang='lat'>5,</span> <span class='ocrx_word' id='word_1_353' title='bbox 353 3399 373 3438; x_wconf 80' lang='grc'>6.</span> <span class='ocrx_word' id='word_1_354' title='bbox 393 3389 416 3448; x_wconf 71' lang='lat'>5.</span> <span class='ocrx_word' id='word_1_355' title='bbox 432 3397 465 3438; x_wconf 84' lang='lat'>15.</span> <span class='ocrx_word' id='word_1_356' title='bbox 539 3384 560 3452; x_wconf 80' lang='lat'>⁰)</span> <span class='ocrx_word' id='word_1_357' title='bbox 579 3386 652 3448; x_wconf 85' lang='lat' dir='ltr'>Quod</span> <span class='ocrx_word' id='word_1_358' title='bbox 670 3388 697 3436; x_wconf 89' lang='lat' dir='ltr'>in</span> <span class='ocrx_word' id='word_1_359' title='bbox 716 3388 774 3437; x_wconf 88' lang='lat' dir='ltr'>dote</span> <span class='ocrx_word' id='word_1_360' title='bbox 792 3403 843 3438; x_wconf 87' lang='lat' dir='ltr'>aon</span> <span class='ocrx_word' id='word_1_361' title='bbox 862 3390 1005 3452; x_wconf 81' lang='lat' dir='ltr'>recepticio</span> <span class='ocrx_word' id='word_1_362' title='bbox 1018 3390 1094 3438; x_wconf 89' lang='lat' dir='ltr'>etiam</span> 
     </span>
     <span class='ocr_line' id='line_1_40' title="bbox 137 3456 1095 3526; baseline 0.003 -20"><span class='ocrx_word' id='word_1_363' title='bbox 137 3459 221 3507; x_wconf 84' lang='lat' dir='ltr'>saluto</span> <span class='ocrx_word' id='word_1_364' title='bbox 240 3459 308 3507; x_wconf 85' lang='lat' dir='ltr'>inter</span> <span class='ocrx_word' id='word_1_365' title='bbox 327 3459 449 3522; x_wconf 80' lang='lat' dir='ltr'>coniapes</span> <span class='ocrx_word' id='word_1_366' title='bbox 467 3460 630 3508; x_wconf 85' lang='lat' dir='ltr'>matrimonio</span> <span class='ocrx_word' id='word_1_367' title='bbox 651 3458 769 3522; x_wconf 83' lang='lat' dir='ltr'>futuram</span> <span class='ocrx_word' id='word_1_368' title='bbox 787 3466 852 3508; x_wconf 87' lang='lat' dir='ltr'>erat.</span> <span class='ocrx_word' id='word_1_369' title='bbox 931 3456 951 3526; x_wconf 78' lang='grc'>7)</span> <span class='ocrx_word' id='word_1_370' title='bbox 970 3459 1095 3510; x_wconf 79' lang='lat' dir='ltr'>Laconas</span> 
     </span>
     <span class='ocr_line' id='line_1_41' title="bbox 137 3527 545 3592; baseline 0.007 -16"><span class='ocrx_word' id='word_1_371' title='bbox 137 3529 263 3592; x_wconf 83' lang='lat' dir='ltr'>supplevi.</span> <span class='ocrx_word' id='word_1_372' title='bbox 291 3527 417 3578; x_wconf 84' lang='lat' dir='ltr'>Similiter</span> <span class='ocrx_word' id='word_1_373' title='bbox 431 3528 545 3579; x_wconf 87' lang='lat' dir='ltr'>Momms.</span> 
     </span>
    </p>
   </div>
   <div class='ocr_carea' id='block_1_5' title="bbox 831 3613 886 3668">
    <p class='ocr_par' dir='ltr' id='par_1_13' title="bbox 831 3613 886 3668">
     <span class='ocr_line' id='line_1_42' title="bbox 831 3613 886 3668; baseline 0 0"><span class='ocrx_word' id='word_1_374' title='bbox 831 3613 886 3668; x_wconf 81' lang='lat'>48*</span> 
     </span>
    </p>
   </div>
   <div class='ocr_carea' id='block_1_6' title="bbox 0 0 1278 3909">
    <p class='ocr_par' dir='ltr' id='par_1_14' title="bbox 0 0 1278 3909">
     <span class='ocr_line' id='line_1_43' title="bbox 0 0 1278 3909; baseline 0 0"><span class='ocrx_word' id='word_1_375' title='bbox 0 0 1278 3909; x_wconf 95' lang='lat' dir='ltr'> </span> 
     </span>
    </p>
   </div>
  </div>
 </body>
</html>
