2542 3909
523 238 731 287 PRAEFATIO.
1068 238 1106 287 11

147 386 301 470 exemplo,
325 386 438 452 deinde
461 390 556 455 etiarn
578 391 710 473 optime,
734 392 873 473 utputo,
894 387 1106 454 rationefeci.

146 468 231 533 Nam
259 470 344 553 quod
374 471 413 536 de
437 474 594 556 corruptis
617 474 695 538 loeis
717 473 799 558 dixi,
826 472 860 538 id
881 473 981 537 multo
1002 474 1107 557 magis

148 553 234 618 eadit
261 556 296 617 in
325 555 477 639 abruptos
505 557 555 621 vel
582 556 725 622 hiatibus
754 555 929 637 deformes,
958 557 1013 639 qni
1040 578 1107 622 non

145 639 268 702 tirones
289 642 417 703 tantum
432 641 478 707 ita
494 641 599 705 solent
613 642 782 723 deterrere,
804 644 841 705 ut
856 660 959 723 paene
975 642 1107 705 omnino

145 721 362 806 neglegentur
382 724 608 809 fastidiumque
630 725 759 790 lectoris
780 745 876 807 saepe
891 725 987 788 etism
1000 725 1107 789 vicina

145 806 328 891 pertingat.¹
355 806 582 874 Verumtamen
604 812 640 873 ut
661 808 807 893 supplete
828 808 935 892 aliquo
956 828 1015 872 usu
1037 828 1107 873 esse

146 891 286 972 possint,
316 891 380 954 imo
401 910 443 955 ne
465 914 517 957 ma
544 894 568 957 ‘s
591 896 729 957 noceant
750 912 846 976 qnam
867 893 1007 976 prosint,
1034 914 1106 977 sup-

168 974 311 1039 lements
338 977 433 1039 certis
463 977 526 1061 legi
549 998 587 1041 us
614 978 683 1062 regi
706 978 834 1060 oportet
853 996 906 1039 ess
928 996 968 1039 ue
989 975 1106 1060 ubique

146 996 240 1123 tasse
274 1059 453 1124 observavi:
489 1062 626 1143 primum
665 1065 702 1125 ut
736 1060 881 1125 modicus
907 997 1019 1122 tricatus
1033 1114 1036 1121 .
1051 1060 1103 1141 sit,

147 1142 354 1224 quamobrem
376 1144 515 1227 plurium
538 1166 695 1226 versuum,
717 1144 772 1227 qui
790 1143 887 1227 plane
900 1142 1104 1225 interierunt,

146 1226 366 1291 restitutiones
393 1228 579 1311 plerumque
608 1230 642 1293 in
670 1227 909 1293 nobistantum
938 1226 1033 1291 retuli
1054 1225 1106 1291 de-

148 1310 347 1375 monstrandi
375 1332 484 1394 causa,
513 1312 670 1396 quomodo
698 1333 751 1395 ea,
778 1332 860 1396 quse
886 1311 1037 1395 deinceps
1064 1310 1106 1375 le·

154 1397 280 1476 gantur,
302 1416 374 1459 cum
396 1396 452 1478 iis,
475 1417 556 1479 quae
578 1395 787 1480 antecedunt,
817 1416 856 1459 ex
877 1397 986 1459 mente
1007 1395 1106 1479 scrip·

150 1477 228 1547 toris
247 1479 459 1561 probabiliter
482 1478 650 1546 coniuncta
670 1481 804 1545 fuerint:
827 1478 943 1542 deinde
956 1478 999 1560 id,
1021 1478 1107 1562 quod

147 1561 328 1645 suppletur,
356 1567 394 1627 ut
422 1565 525 1647 spatio
552 1586 610 1647 pro
638 1564 755 1629 codicis
777 1563 929 1645 cuiusque
949 1562 1107 1645 scriptura

147 1647 328 1730 conveniat,
351 1650 514 1729 postremo
537 1653 573 1711 ut
595 1650 662 1712 eius
683 1649 747 1713 looi
769 1649 812 1712 sit
833 1650 866 1711 et
884 1646 1015 1730 nequid
1034 1668 1106 1711 con·

145 1730 262 1812 tineat,
290 1731 326 1794 in
356 1752 419 1813 quo
447 1731 603 1815 offendas,
634 1734 701 1796 sive
733 1752 801 1795 rem
834 1732 900 1795 sive
928 1731 1106 1795 orationem

145 1817 280 1897 spectes.
316 1814 369 1878 Ab
390 1815 440 1878 his
462 1816 548 1879 enirn
569 1818 664 1881 rebus
679 1816 807 1900 pendet,
831 1818 868 1878 ut
882 1815 1106 1897 supplementa

144 1898 405 1981 probabilitatem
420 1898 568 1963 habeant.
599 1900 638 1964 In
653 1899 878 1983 probabilitate
892 1903 999 1962 autem
1012 1902 1106 1963 tenta

147 2002 221 2129 {³353
241 1982 1107 2132 renitentis?,litttstl’elltlffilffi

144 2170 224 2212 num
246 2150 346 2233 ipsius
368 2152 510 2215 veritatis
533 2118 774 2235 cogiroscendae
795 2115 990 2214 fermentum
1011 2087 1105 2213 nobis

146 2233 270 2316 eripiat.
316 2233 419 2309 Quam
445 2236 581 2299 maxime
611 2256 686 2299 vero
715 2235 812 2297 etiam
846 2233 1022 2296 cavendum
1048 2237 1105 2315 est,

146 2338 188 2379 ne
215 2318 287 2401 plus
303 2320 387 2401 quis
418 2318 572 2383 eiusmodi
594 2317 827 2402 supplementis
849 2315 981 2395 tribuat,
1010 2336 1106 2398 quam

145 2401 214 2484 ipse
236 2402 276 2465 iis
298 2402 469 2466 vindicavi.
507 2402 597 2478 Quod
620 2424 662 2467 ne
684 2402 784 2482 fieret,
807 2404 839 2465 et
860 2399 1038 2464 litterarum
1061 2399 1105 2464 di·

146 2486 297 2549 versitate
320 2507 358 2549 ea
380 2508 399 2549 a
420 2486 541 2570 reliqua
558 2488 715 2570 scriptura
728 2485 844 2569 ubique
860 2484 1000 2566 distinxi,
1016 2506 1106 2568 prae·

145 2571 234 2632 terea
255 2570 306 2653 iis,
339 2590 419 2653 quae
441 2570 643 2635 librariorum
665 2570 758 2655 oulps
781 2568 935 2633 excidisse
956 2569 1106 2633 videban-

144 2656 207 2736 tur,
231 2654 356 2717 uncinis
378 2655 524 2719 rotundis
546 2653 688 2736 inclusis,
711 2658 743 2718 et
764 2654 799 2717 in
818 2654 906 2718 notis
921 2653 1105 2736 saepissime

145 2736 306 2819 admonui,
319 2738 513 2802 sententiam
524 2742 661 2819 tanturn,
674 2759 742 2802 non
752 2738 850 2802 verba
864 2758 915 2801 me
927 2738 1105 2801 restituere.

207 2820 248 2885 ln
270 2821 459 2904 levioribus,
482 2823 570 2886 velut
592 2824 769 2887 litterarum
792 2843 926 2907 gerrem,
950 2821 985 2885 in
1007 2822 1105 2906 signi·

143 2904 279 2969 fiosndis
307 2905 440 2969 diversis
463 2908 616 2970 orationis
639 2906 825 2990 generibus,
853 2905 1000 2969 hiatuum
1022 2905 1104 2969 indi-

145 2989 272 3053 catione
295 2992 328 3054 et
350 3010 431 3073 quae
454 2990 570 3054 similia
592 2994 675 3073 sunt,
698 2990 923 3074 aequalitatem
945 2989 1105 3070 quandam

142 3092 202 3154 per
224 3094 336 3137 omnes
358 3073 462 3156 operis
478 3078 595 3157 partes,
618 3078 655 3138 ut
670 3095 730 3157 par
745 3078 822 3155 erat,
845 3075 979 3154 servavi,
1002 3093 1105 3156 neque

142 3159 252 3221 tamen
274 3157 423 3226 servilem
444 3158 478 3222 in
500 3158 644 3222 modum:
667 3160 701 3222 in
723 3156 911 3242 quibusdem
934 3158 1020 3221 enirn
1042 3158 1105 3221 sin·

142 3240 266 3325 guleris
289 3262 399 3305 earum
421 3240 549 3306 habitus
571 3242 723 3324 faciebat,
745 3248 782 3305 ut
803 3242 957 3324 quaedam
980 3261 1105 3304 accurs·

142 3324 207 3389 tius
231 3323 445 3410 significanda
466 3325 664 3408 viderentur,
692 3324 779 3389 velut
805 3346 952 3390 versuum
973 3344 1032 3386 ms.
1057 3344 1105 3386 co·

141 3408 226 3473 diois
247 3408 404 3474 indicatio
425 3410 461 3473 in
479 3409 663 3494 fragmento
684 3410 724 3475 de
744 3411 812 3475 iure
826 3410 904 3473 fisci.
936 3408 1105 3490 Interpun·

141 3492 242 3576 gendi
263 3496 422 3559 rationem
445 3494 592 3558 consulto
607 3515 674 3558 non
689 3516 758 3559 eam
780 3497 908 3558 secutus
923 3513 1003 3575 sum,
1026 3512 1105 3575 quse
