2542 3909
437 217 494 254 em
511 218 602 254 mm.
621 201 655 252 Η.
677 206 823 255 172-1re.
1038 198 1102 262 261

145 343 207 406 172.
223 345 340 414 Quarum
353 349 504 404 cretionem
515 363 608 421 magne
620 347 767 405 differentia
783 358 840 405 est:
856 365 915 405 nam
928 349 1034 424 uulgari
1046 366 1103 406 ore·

148 435 224 489 tione
240 432 303 488 ciete
324 431 391 488 nulli
407 433 463 489 dies
478 441 676 504 conputantur,
692 435 742 489 nisi
758 433 856 507 quibus
871 434 964 489 scierit
979 435 1103 506 quisque,

148 535 178 574 se
194 516 320 572 heredem
336 532 396 572 esse
412 517 575 584 institutum,
591 525 619 572 et
633 519 720 590 possit
734 533 860 586 cernere3
883 525 1020 573 certorum
1036 533 1102 574 uero

148 602 253 657 dierum
268 601 392 657 cretione
411 601 470 656 dete
492 601 570 655 etiarn
593 602 741 670 nescienti,
763 617 792 656 se
808 601 933 658 heredem
949 603 1102 658 institutum

148 701 221 755 esse,
237 691 413 741 numerantur
434 685 491 740 dies
512 676 658 762 conitinui3
680 687 744 741 item
759 687 784 741 ei
800 702 925 760 quoque,
947 687 993 759 qui
1016 686 1156 759 aliquaue.

149 786 183 826 en
204 785 284 825 eausa
306 785 418 824 cernere
433 767 603 841 prohibetur,
626 777 655 824 et
669 785 701 825 eo
724 769 839 843 amplius
862 770 896 839 ei,
913 773 957 842 qui
973 769 1023 825 sub
1040 787 1103 825 eon·

148 853 255 908 dicione
270 853 349 909 heres
365 854 505 909 institutus
521 860 578 922 est,
600 861 706 926 tempus
726 863 898 920 numeratum
923 855 991 910 unde
1008 854 1103 910 melius

73 943 136 992 [184]
150 946 178 992 et
200 939 288 1010 aptius
309 945 352 992 est
377 937 481 1006 uulgari
509 939 629 993 cretione
653 939 701 992 uti.
749 932 811 993 lto.
834 932 952 1008 ’(Etiam
975 930 1101 1014 tamea)¹v

149 1021 279 1078 continue
294 1021 360 1076 boec
375 1023 460 1078 cretio
475 1029 607 1091 uocetur,
624 1023 685 1093 quia
700 1021 822 1077 continui
837 1021 895 1076 dies
911 1028 1103 1089 numerentur3

149 1105 197 1160 sed
213 1097 294 1178 quiu²
309 1105 375 1161 dure
390 1113 431 1160 est
446 1104 516 1162 haec
528 1107 623 1175 cretio,
640 1105 724 1160 altera
735 1105 832 1178 'mapis
847 1106 875 1159 in
886 1099 958 1161 usa³
973 1103 1104 1174 hebetum

149 1188 222 1244 unde
237 1191 316 1244 etiem
332 1188 453 1262 uulgaris
469 1189 539 1245 dicto
554 1197 606 1246 est.

213 1274 246 1323 De
265 1274 483 1346 substitutionibus.
531 1269 594 1328 1⁷4.
618 1273 755 1329 Interdum
771 1273 839 1329 duos
854 1272 982 1346 pluresue
1003 1271 1104 1348 gradus

150 1357 281 1413 heredum
296 1357 423 1428 iacimus,
445 1359 497 1414 hoe
518 1356 613 1414 modo:
638 1372 749 1416 nvouvs
773 1371 878 1416 'rr'rlve
901 1372 1001 1414 menes
1023 1372 1103 1414 usro

151 1455 349 1508 omnuiuoove
371 1458 405 1500 nr
419 1457 531 1500 nineve
549 1435 692 1516 (caurum)
707 1456 870 1511 monime,
887 1456 999 1506 ovinus
1016 1455 1103 1497 soree

149 1539 356 1591 roremsove.
407 1541 524 1590 ovouur
554 1541 610 1583 rum
637 1540 805 1600 oeevenrs,
837 1540 980 1583 ennecus
1012 1539 1103 1582 uero.

150 1625 215 1667 rvm
226 1624 362 1668 meevtvs
374 1624 475 1667 moene
491 1625 570 1668 sero
587 1625 786 1676 oceumoove
800 1627 834 1668 nt
848 1624 963 1667 oreuvs
979 1625 1104 1668 usurum

150 1700 178 1748 et
193 1695 313 1769 reliqum
336 1702 364 1750 et
386 1695 512 1767 deinceps
528 1697 556 1750 in
572 1703 702 1767 quantum
718 1693 842 1766 uelimus,
857 1694 1025 1751 substituere
1040 1709 1104 1767 pos·

150 1793 254 1835 sumus.
297 1772 359 1835 175.
381 1777 414 1834 Et
436 1778 499 1836 licet
520 1777 599 1833 nobis
617 1779 661 1833 uei
686 1795 768 1835 unum
785 1780 811 1834 in
834 1780 914 1835 uuius
928 1778 1018 1834 locum
1041 1777 1104 1833 sub·

151 1863 263 1918 stituere
284 1861 428 1936 pluresue,
444 1869 472 1918 et
486 1870 579 1918 contra
594 1863 621 1917 in
636 1862 754 1936 plurium
775 1863 865 1919 iocum
888 1862 932 1918 uel
954 1879 1036 1917 unum
1060 1860 1105 1916 uel

150 1945 242 2018 plures
257 1945 431 2002 substituere.
475 1941 536 2003 176.
558 1945 647 2002 Primo
668 1947 758 2020 itaque
779 1947 865 2020 gradu
885 1946 1005 2018 scriptus
1025 1945 1105 2001 heres

151 2028 325 2086 hereditatem
341 2030 476 2086 cernendo
493 2029 523 2086 [it
538 2030 617 2084 heres
633 2037 662 2085 et
676 2029 841 2086 substitutus
862 2029 1027 2098 excluditur3
1049 2044 1104 2085 uon

225 2230 246 2298 ¹)
259 2231 383 2296 Sappteoi
396 2231 525 2298 (fortasse
541 2233 675 2284 aberravit
693 2240 717 2282 et
734 2233 769 2282 tm
786 2233 897 2297 indeque
912 2232 1013 2296 faciam
1030 2232 1104 2296 infra

152 2305 280 2354 molestam
299 2302 343 2369 tt‘u)
361 2311 385 2354 et
403 2306 551 2355 necessario
570 2305 685 2369 quidem·
708 2319 766 2353 nam
782 2319 864 2366 capra
885 2304 908 2365 5.
924 2315 971 2354 iil.
989 2304 1104 2368 dixerat,

151 2373 220 2424 lianc
238 2376 375 2425 cretionem
394 2383 522 2425 aeriorum
540 2376 641 2424 dierum
659 2376 758 2425 vocari.
831 2370 1006 2440 ²)Interserii
1023 2375 1057 2424 tm
1077 2375 1103 2425 0.
1139 2392 1143 2396 “

153 2445 221 2493 uude
235 2452 282 2493 tem
296 2461 331 2495 ero
342 2445 434 2495 Gdsch.
448 2449 481 2508 ej.
492 2448 572 2510 prior
585 2461 640 2496 mea
655 2447 694 2494 ed.
709 2454 787 2494 temen
802 2444 859 2495 edd.
874 2445 921 2495 sed
935 2447 1038 2496 uncinis
1051 2447 1103 2496 cir-

152 2515 297 2565 eamdatum
309 2517 348 2566 ed.
363 2515 411 2582 Bp.
426 2527 447 2568 5.
514 2511 594 2582 ³)Ex
611 2516 703 2566 Gdsch.
717 2516 756 2566 ed.
772 2516 850 2564 minus
864 2513 927 2582 (pro
941 2515 1061 2582 mginusu)
1077 2517 1103 2568 C.

152 2587 176 2635 in
198 2600 242 2634 usu
260 2586 317 2637 edd.
334 2586 383 2652 Bp.
401 2585 475 2636 seua.
499 2613 532 2624 -
554 2586 608 2636 Sed
625 2603 694 2637 nune
714 2588 762 2637 toti
784 2589 840 2636 loeo
866 2602 901 2636 eae
924 2587 1106 2639 omissioaidae

152 2659 180 2705 in
205 2659 321 2722 marpine
345 2659 452 2721 repletis
478 2665 576 2708 ueteres
598 2660 747 2708 luxationes
769 2671 851 2722 paceo
873 2658 994 2708 remediis
1018 2659 1105 2709 addua

151 2726 276 2777 adhibitis
298 2729 410 2779 nondam
434 2729 598 2792 satisfactum
620 2743 676 2778 eoae
699 2729 787 2779 iudico
810 2743 890 2792 nepae
908 2731 1011 2792 placei,
1036 2730 1105 2795 qaod

152 2797 284 2848 Poleaaar
297 2801 415 2863 expulsis
433 2799 518 2848 uerbis
536 2801 559 2862 ς.
575 2811 621 2851 lte.
641 2799 725 2848 melius
746 2807 770 2848 et
788 2800 867 2863 aptius
886 2807 923 2848 est
940 2800 1032 2862 uulgari
1050 2816 1105 2850 cre·

151 2869 216 2918 tione
237 2869 271 2917 uti
291 2877 317 2918 et
329 2877 421 2932 postea
440 2871 464 2932 §-
479 2881 526 2920 lto.
545 2871 600 2934 quie
620 2870 725 2919 continui
743 2870 796 2918 dies
813 2877 966 2919 numeruntur
983 2878 1105 2936 tanquam

151 2953 187 2988 ero
198 2940 359 3003 ploseematia
372 2942 442 2989 uatis
452 2947 593 3004 praeterea
602 2948 665 3003 poet
678 2947 771 3004 tempus
785 2940 859 2989 addit
873 2942 1017 2991 continuum.
1046 2942 1103 2991 Mo-

151 3009 249 3059 destiae
267 3017 292 3060 et
309 3013 407 3061 rectius
424 3013 464 3060 eio
479 3011 538 3073 fere
562 3010 622 3060 Gaii
641 3025 731 3060 manas
748 3010 930 3074 reparabitur:
1011 3019 1104 3074 tempus

151 3087 299 3143 numeratum
318 3081 380 3131 unde
394 3079 491 3146 (etiam)
506 3082 616 3130 continue
634 3083 695 3130 haec
708 3082 783 3130 cretio
798 3088 910 3144 uocetur,
929 3082 983 3146 quin
998 3083 1104 3131 continui

151 3150 203 3201 dies
217 3159 376 3202 numeruntur.
408 3148 476 3220 [sed]
491 3153 545 3216 quie
565 3160 644 3201 temen
663 3152 722 3201 duro
741 3159 779 3200 est
797 3153 856 3201 heco
875 3153 964 3214 cretio,
983 3153 1067 3202 melius
1081 3161 1106 3201 et

150 3223 228 3286 aptius
248 3230 296 3284 est,
317 3223 408 3285 uulgari
427 3223 533 3272 cretione
553 3223 586 3272 uti
604 3221 696 3289 (eaque
714 3224 796 3289 mapie
815 3221 900 3289 qaam)
920 3223 994 3272 ultera
1012 3223 1036 3272 in
1060 3238 1105 3272 usu

149 3293 258 3356 habetur,
274 3294 335 3342 uude
350 3295 422 3342 etiem
437 3293 541 3356 uulgaris
555 3294 618 3343 dicte
634 3301 679 3343 est.

148 3417 362 3428 --.-—

220 3474 245 3548 9.
264 3481 321 3530 1⁷2.
343 3479 381 3542 Of,
401 3477 456 3544 lltp.
471 3491 506 3538 ee,
520 3490 555 3530 ee.
626 3473 651 3548 ξ.
669 3482 728 3530 174.
749 3479 788 3543 of.
808 3479 862 3543 dp.
878 3491 913 3537 m,
927 3491 960 3531 ee.
974 3494 1016 3542 pr.
1035 3479 1106 3530 ide

149 3547 416 3616 oulp.eabet.(e,1o).
437 3549 489 3600 Cic.
507 3551 543 3599 ad
558 3549 635 3600 Attio.
652 3561 685 3608 15,
699 3551 769 3613 efin.
837 3547 863 3618 ξ.
881 3553 939 3601 176.
966 3551 1003 3614 Of.
1019 3552 1041 3613 ξ.
1058 3562 1104 3603 168.
