2542 3909
170 222 235 287 234
472 235 531 272 oen
548 233 649 270 enarre.
667 214 704 274 II.
720 217 829 268 tto-ol.

160 380 283 438 ¹alienam
299 377 438 450 usucapit:
462 391 522 432 nam
538 375 657 448 quirem
673 373 752 431 alicui
773 370 887 429 fiduciae
908 388 990 428 caum
1003 375 1138 447 mancipio

171 461 277 519 dederit
292 460 337 518 uel
351 461 379 517 in
394 463 454 518 iure
469 461 593 530 cesserit,
609 461 632 516 si
647 457 760 516 eandem
775 459 834 532 ipse
855 457 1024 532 possederit,
1045 465 1140 531 potest

171 561 321 619 usucapere
337 561 408 602 anno
423 543 539 614 scilicet,
556 537 667 620 (etiam)
683 542 736 602 soii
750 542 775 598 si
788 543 834 602 sit,
866 559 938 615 quas
952 543 1058 616 specim
1073 559 1139 600 asu·

172 630 292 703 capionis
313 629 414 686 dicitur
429 629 614 704 usursceptio,
638 628 701 702 quia
722 626 760 696 id,
782 627 857 700 quod
877 625 1024 700 aliquando
1045 627 1208 690 habui-[159]

171 731 242 785 mus,
265 714 412 788 recipimus
434 729 484 788 per
499 715 706 787 usucapionem.
742 707 794 770 60.
808 710 862 770 Sed
876 727 938 768 cum
953 709 1051 768 fiducia
1064 710 1140 770 'con-

173 791 319 857 trahatur¹
342 805 390 856 aut
411 815 472 856 cum
495 798 630 856 creditore
652 798 777 871 pignoris
797 798 870 868 iure,
892 803 1021 853 autenm
1042 798 1140 869 amico,

172 877 242 955 quo²
257 885 343 942 tutius
358 893 473 940 nostroe
495 900 539 940 res
560 885 633 957 apud
647 898 710 940 eum
724 885 791 953 sint,
813 882 837 936 si
852 881 963 955 quidem
977 897 1039 938 com
1052 883 1139 939 amico

172 976 311 1027 contracta
330 969 366 1026 sit
381 967 492 1040 fiducia,
512 984 577 1024 sanc
593 964 749 1024 omnimodo
764 967 888 1040 conpetit
903 958 1141 1040 ’ususrccoptio;3

171 1055 196 1110 si
211 1070 277 1112 uero
293 1071 354 1112 cum
370 1053 517 1124 creditore,
536 1051 628 1108 soluta
643 1051 752 1124 quidem
770 1052 886 1125 pecunia
904 1050 1060 1107 omnimodo
1075 1068 1141 1108 con·

172 1141 252 1212 petit,
266 1138 389 1195 nondum
405 1154 471 1194 uero
486 1137 577 1196 soluta
592 1138 630 1194 ita
645 1136 755 1195 demum
769 1137 912 1210 competit,
932 1137 956 1192 si
971 1151 1061 1210 noque
1075 1152 1140 1192 corr·

173 1223 280 1282 duxerit
295 1239 354 1280 eom
369 1237 425 1280 rem
441 1239 455 1278 a
471 1223 606 1280 creditore
617 1221 735 1292 deditur,
750 1236 840 1294 acque
850 1221 973 1294 precario
988 1221 1140 1294 rogauerit,

174 1317 204 1364 ut
219 1323 278 1364 eam
293 1322 350 1363 ram
365 1307 506 1380 possidere
522 1306 630 1370 liceret;
654 1323 710 1380 quo
730 1321 794 1364 caso
815 1305 949 1362 lucrosius
971 1299 1142 1380 ’ususcapi04

174 1391 308 1466 conpetit.
346 1389 393 1448 ol.
408 1389 475 1452 item
497 1393 521 1448 si
536 1407 593 1447 rem
609 1389 755 1465 obligatam
769 1389 822 1446 sibi
842 1389 963 1464 populus
977 1389 1140 1456 pendiderit,

173 1493 288 1551 eamque
303 1475 429 1534 dominus
444 1475 606 1550 possiderit,
630 1491 760 1532 concessa
781 1482 826 1532 cst
844 1466 1078 1548 'mmrecepriozi
1092 1475 1142 1532 sed

173 1563 225 1620 hoc
246 1577 310 1617 casu
331 1559 472 1634 praedium
493 1560 601 1618 biennio
630 1562 828 1634 usurccipiturz
855 1568 884 1617 et
900 1560 957 1616 hoc
980 1567 1040 1630 est,
1066 1559 1142 1633 quod

174 1646 259 1719 uolgo
285 1644 399 1715 dicitur,
427 1662 458 1702 cx
472 1643 646 1719 praedicatura
670 1645 873 1719 possessionem
900 1645 1052 1717 usureoipi:
1079 1659 1141 1700 nam

174 1731 220 1803 qui
236 1738 371 1788 mercatur
386 1747 402 1786 a
417 1728 536 1804 populo,
550 1729 707 1803 praedictor
721 1730 884 1804 appeiiatur.

243 1805 309 1874 ⁶[53.
327 1811 446 1862 tiu—ot.
466 1805 541 1862 infra
558 1821 609 1863 suo
624 1805 690 1872 ¹loco
707 1823 813 1874 quaere
831 1809 896 1877 post
912 1811 938 1871 9.
956 1806 1008 1873 tin]

174 1913 385 1922 —.——.—-

249 1963 269 2033 ¹)
291 1967 440 2018 contrahitur
460 1967 486 2017 0.
505 1967 544 2017 ed.
564 1966 613 2033 Bp.
631 1975 658 2019 et
678 1968 728 2017 Kr.
747 1979 769 2027 2,
789 1983 854 2033 quae
873 1969 949 2019 initio
967 1968 1061 2020 omittit
1078 1982 1142 2030 cum,

171 2045 264 2103 posteo
279 2045 339 2088 ante
354 2039 375 2088 si
390 2039 486 2104 quidem
500 2040 613 2089 intrudit
627 2046 651 2088 ct
660 2047 753 2090 contra
765 2038 790 2088 0.
802 2047 827 2089 et
841 2039 902 2089 dati
910 2041 1012 2104 atpium.
1050 2033 1071 2104 ¹)
1086 2039 1143 2088 Iam

175 2113 202 2160 in
218 2111 276 2175 ipsu
291 2111 410 2160 oratione
420 2113 500 2174 posui
509 2125 555 2174 quo
566 2126 618 2175 pro
633 2111 698 2174 quod
709 2111 735 2160 Ο.
755 2118 780 2159 et
789 2117 881 2174 postea
893 2109 942 2171 sint
951 2125 1004 2173 pro
1014 2117 1095 2159 essent
1110 2109 1143 2167 0‚·

174 2197 234 2232 nom
247 2183 347 2247 alioqui
360 2195 451 2231 sensns
460 2189 540 2232 esset:
554 2182 624 2247 quod
632 2181 797 2246 putabamus,
812 2183 893 2230 tutius
901 2188 1006 2231 nostrae
1014 2197 1059 2231 rec
1072 2182 1144 2246 opud

175 2269 231 2302 eum
243 2254 318 2316 fore:
332 2268 383 2302 non
393 2254 458 2302 sutis
468 2260 552 2317 aptus.
604 2248 622 2316 ⁸)
638 2252 684 2303 Sic
700 2253 726 2304 Ο.
741 2253 895 2317 usurcceptio
905 2253 964 2305 edd.
975 2265 995 2302 1.
1004 2263 1026 2302 2.
1065 2249 1087 2317 ⁴)
1097 2251 1142 2302 Sic

176 2323 202 2374 0.
217 2324 332 2386 usucapio
352 2323 410 2372 edd.
430 2336 451 2373 1.
469 2334 490 2372 s.
547 2319 569 2389 ὗ)
590 2323 669 2374 Recte
687 2322 872 2374 Heindocltiuo
889 2325 993 2384 statuit,
1011 2324 1062 2374 duc
1076 2340 1142 2393 per·

174 2397 258 2444 tinere
268 2396 307 2456 ἐξ.
318 2403 415 2446 στι-79.
443 2392 551 2444 Scilicet
560 2410 611 2459 per
625 2396 853 2458 tranopositionem
863 2395 980 2458 sortasse
992 2397 1070 2446 unius
1081 2396 1144 2459 folii

174 2467 321 2528 ἕξω-64.
350 2465 506 2515 continentis
525 2467 553 2515 in
571 2468 721 2532 antiquiore
739 2467 843 2525 codice,
862 2481 897 2515 ecc
916 2482 965 2533 quo
985 2466 1143 2517 Veronensis

171 2537 253 2601 fluxit
267 2534 342 2601 (folii
356 2541 422 2600 puto
442 2550 492 2586 non
512 2538 595 2588 iustae
610 2538 728 2601 formae,
741 2537 789 2588 sed
799 2539 922 2596 minutae,
943 2539 1037 2602 quippe
1052 2540 1079 2588 in
1093 2553 1143 2603 quo
1171 2553 1177 2566 ·

174 2613 272 2656 tantum
286 2621 351 2670 quoe
366 2607 529 2668 exciderunt,
543 2615 621 2660 erant
633 2605 771 2676 suppleto),
782 2609 884 2672 foetum
897 2615 950 2667 est,
965 2615 994 2658 ut
1006 2625 1074 2668 enne,
1094 2624 1144 2674 quo

174 2680 202 2728 in
231 2677 325 2727 Veron.
351 2680 485 2743 iepuntur,
508 2682 591 2730 locun
614 2679 760 2730 obtinerent
781 2694 845 2729 sone
868 2680 993 2744 ineptum,
1018 2680 1145 2744 quidquid

175 2748 347 2800 Mommsenus
365 2752 560 2800 commendandi
577 2754 617 2801 net
635 2752 783 2802 excusandi
796 2753 851 2802 eins
864 2753 955 2817 pratia
968 2753 996 2799 in
1010 2752 1049 2800 ed.
1065 2749 1114 2798 Kr.
1130 2762 1143 2800 2

176 2827 268 2870 contro
283 2821 362 2870 dicut.
389 2821 427 2884 Cf.
443 2823 481 2872 tit.
497 2823 520 2872 I.
534 2835 555 2885 s,
570 2835 590 2875 8.
615 2825 674 2888 qui,
694 2830 722 2872 ut
735 2837 779 2872 res
790 2823 908 2890 flnpitnt,
927 2837 1015 2871 rerum
1028 2823 1143 2888 acquisi-

176 2889 290 2942 tionibus
303 2892 378 2942 etiom
394 2893 559 2945 naturatibus
573 2893 706 2951 absolutis,
721 2894 753 2943 de
766 2893 821 2953 nis,
841 2892 934 2958 quibus
951 2893 1069 2944 alienare
1084 2894 1144 2942 licet

175 2965 215 3012 uei
229 2977 289 3022 non,
304 2965 377 3012 nulia
391 2966 478 3014 alienu
493 2981 522 3014 re
537 2966 675 3016 interiecta
689 2966 752 3031 apii.
781 2963 816 3014 Et
836 2971 865 3016 ut
883 2967 958 3029 ionye
972 2964 1060 3027 aptius
1064 2979 1144 3085 aquae

175 3035 214 3096 ἐξ.
229 3045 256 3085 so
269 3049 320 3100 req.
341 3036 460 3100 tegimus,
479 3038 538 3098 §un
555 3047 590 3088 ot.
610 3051 686 3101 quom
701 3038 759 3098 §nm
777 3047 811 3087 rs.
829 3043 986 3103 sequuntur,
1005 3037 1042 3085 ita
1086 3037 1145 3085 nius

175 3106 207 3166 §o
222 3116 255 3157 65.
270 3121 313 3164 eo,
332 3121 405 3171 quern
424 3108 451 3156 in
472 3107 498 3156 0.
518 3107 614 3157 Veron.
634 3106 731 3157 obtinet
749 3109 845 3165 locum,
864 3109 954 3157 dicere
972 3123 1023 3158 non
1038 3114 1145 3172 poterut

176 3191 237 3239 quac
252 3176 367 3238 diximus,
382 3179 429 3228 red
442 3193 512 3231 more
526 3192 573 3228 suo
588 3192 648 3242 quae
663 3193 736 3242 supra
750 3178 1033 3241 ammonitionum
1042 3185 1145 3242 oporte-

176 3247 227 3297 dut.
242 3273 276 3284 -
291 3247 383 3311 Itaque
397 3249 449 3300 iuna
462 3249 501 3312 ἐξ.
516 3260 613 3302 os—tt.
628 3263 675 3299 suo
690 3251 747 3300 ioco
761 3251 899 3302 restituere
915 3252 1028 3316 placuit,
1048 3251 1145 3300 tectore

176 3325 259 3370 tomen
273 3318 403 3368 admonito
417 3335 465 3369 nec
479 3321 583 3370 mutatis
602 3320 642 3382 ἐξ.
657 3321 785 3370 numeris:
803 3321 874 3385 quod
893 3322 977 3386 ipsun
988 3320 1038 3387 89.
1051 3336 1145 3371 errore

175 3403 223 3439 suo
237 3390 354 3454 counito,
367 3389 433 3450 fecit
446 3391 486 3439 ed.
501 3401 521 3442 t.

177 3531 254 3580 Paul.
270 3543 291 3592 r,
306 3542 338 3582 rs.
355 3544 410 3582 cum
425 3527 514 3599 amico]
532 3531 574 3594 Of.
595 3531 685 3580 Valer.
700 3529 775 3579 Max.
790 3542 817 3589 4,
831 3542 852 3581 r.
871 3534 895 3594 ἓ.
910 3545 931 3583 r.
1005 3530 1030 3602 ξ.
1044 3536 1089 3585 61.
1106 3534 1144 3597 Cf.

176 3601 209 3650 L.
224 3612 245 3654 s.
265 3601 297 3649 D.
313 3601 345 3650 de
358 3616 425 3651 reso.
441 3603 514 3652 vend.
530 3601 575 3668 (18,
590 3600 621 3666 t).
