2542 3909
568 162 656 199 anes.
1031 144 1094 209 161

134 303 217 351 mur,
239 284 300 339 inre
318 284 436 350 dixeris,
459 283 675 353 praeclariorem
699 283 735 339 de
757 284 819 341 iure
842 284 918 339 civili
935 284 1037 339 librum
1056 284 1096 337 di·

135 352 277 407 scentium
298 351 328 405 in
349 368 433 405 usum
454 367 600 417 nunquam
621 350 755 420 scripturn
777 352 876 417 fuisse,
901 352 960 407 sive
987 352 1096 406 dotium

136 423 199 475 eins
216 418 423 484 excellentiam,
441 420 500 473 sive
518 418 666 473 mirificam
684 419 789 473 fructus
807 420 965 475 ubertatem
984 422 1013 473 et
1024 420 1095 474 fato·

137 504 201 542 rum
227 478 393 540 felicitatem
417 487 536 555 spectes.
583 486 761 562 Praestantia
786 486 850 541 libri
876 487 1027 565 praecipue
1054 486 1097 540 his

137 555 223 610 rebus
235 553 416 622 conspicitur:
435 553 513 622 quod
524 570 589 617 nou,
607 555 641 607 ut
652 570 810 622 superiores
821 554 887 607 libri
899 570 994 608 omues
1013 570 1097 607 unam

137 622 296 677 alterumn
316 621 384 676 iuris
406 620 496 675 civilis
518 623 642 688 partein,
669 620 719 674 sed
742 637 852 688 revera,
880 623 913 675 ut
934 620 1097 675 Lactantius

139 695 164 754 5,
175 694 200 743 4.
213 692 238 752 5.
250 694 275 742 3.
292 687 479 756 aquibusque
493 688 720 755 lnshtntionibus
733 689 829 765 exigit,
843 689 939 743 ‘totius
951 688 1096 743 doctnuae

137 755 327 811 substantiam
349 756 494 819 coutinet’,
517 757 547 809 et
569 754 629 807 eius
647 754 762 822 quidem
785 757 865 820 ruris,
889 772 944 823 quo
966 758 1028 809 tum
1045 756 1096 809 im·

139 824 251 892 perium
267 822 424 877 Romanum
445 821 593 886 utebatur,
616 821 651 877 dc
674 836 729 887 quo
751 822 807 877 iam
825 822 892 885 dixi,
910 823 1097 879 substantiam

139 906 209 945 vero
225 890 268 945 ita
284 889 443 943 felicissime
460 889 650 953 enucleatam,
668 890 702 941 ut
719 888 810 943 adhue
828 888 904 943 rudis
922 890 1021 945 tironis
1038 891 1097 947 ani·

138 974 203 1011 mus
219 972 273 1011 nec
289 957 384 1011 ieiuna
400 956 528 1011 exilitate
545 956 748 1019 deterreretur,
771 970 823 1009 nec
842 958 932 1010 chora
948 972 981 1011 co
1002 958 1031 1010 ia
1048 960 1099 1011 aut

139 1024 341 1093 quaestionum
351 1024 511 1078 subtilitate
523 1024 553 1079 et
564 1022 732 1077 difficultate
744 1038 761 1076 o
782 1022 958 1091 primeretur.
1015 1024 1097 1079 einde

141 1091 218 1161 quod
240 1092 313 1145 hanc
329 1092 422 1160 ipsam
443 1090 631 1145 substantiam
655 1089 758 1157 dispari
835 1088 923 1145 habet
939 1105 996 1145 non
1013 1090 1097 1145 modo

141 1175 158 1214 a
179 1161 209 1213 te
227 1160 258 1211 et
274 1159 420 1212 commode
438 1157 560 1221 omnino,
579 1157 629 1211 sed
646 1158 687 1233 ut,
705 1157 727 1209 si
739 1172 877 1211 summam
890 1158 1008 1226 spectas,
1020 1157 1099 1212 nulla

170 1226 199 1281 ia
220 1241 256 1282 ex
278 1241 308 1278 re
330 1226 340 1278 i
361 1241 393 1279 sa
413 1226 508 1293 petita
529 1224 630 1277 divisio
654 1224 776 1277 mveuiri
798 1240 880 1292 posse
901 1225 1045 1279 videatur:
1069 1225 1098 1278 id

141 1293 229 1362 quod,
248 1308 313 1347 cum
329 1243 451 1346 (ganum
461 1292 531 1346 iuris
541 1292 572 1345 in
588 1291 633 1345 ius
653 1293 780 1369 gentium
799 1293 828 1346 et
844 1292 889 1368 ius
902 1292 983 1347 civile
996 1292 1098 1347 divisio

140 1362 198 1415 iam
225 1376 260 1413 ex
286 1359 405 1428 antiqua
429 1359 528 1429 populi
553 1358 634 1411 Rom.
660 1358 882 1427 rurrsprudentra
910 1360 1022 1414 retenta
1051 1361 1098 1426 sit,

140 1428 265 1482 maxime
282 1425 359 1481 cadit
374 1427 404 1480 in
423 1428 543 1481 alteram
559 1425 639 1479 illam
657 1427 686 1479 et
723 1426 787 1479 lane
806 1442 908 1479 novam
926 1428 1014 1493 ipsius
1031 1427 1098 1482 iuris

161 1494 247 1549 riveti
262 1493 293 1547 in
308 1494 352 1547 ius
369 1494 447 1561 quod
463 1494 500 1548 ad
517 1508 652 1570 personas
686 1443 734 1547 hb.
752 1493 800 1613 [ἷῖ
824 1494 900 1561 quod
923 1494 959 1571 ad
975 1510 1021 1571 res
1039 1495 1098 1559 (lib.

139 1513 177 1616 fl.
195 1561 270 1629 HL),
288 1562 319 1615 et
335 1561 412 1629 qnod
429 1561 466 1615 ad
482 1563 608 1615 arbones
625 1561 776 1629 pertinet(
800 1560 826 1614 b.
845 1559 904 1625 IV.)
923 1560 1097 1615 drvrsmnem.

141 1628 215 1683 Nam
234 1644 299 1682 cum
315 1644 398 1706 omne
414 1628 458 1706 ius
475 1628 616 1707 privatum
640 1626 744 1705 partim
765 1628 794 1681 in
816 1642 845 1681 se
868 1627 930 1705 ipso
955 1630 984 1683 et
1001 1644 1053 1697 per
1070 1644 1099 1683 ec

141 1696 1100 1840 aarearrasaara{tertulllianus}‘’ets

143 1832 196 1883 aut
205 1844 350 1898 personas,
388 1830 470 1883 urhus
482 1830 627 1898 competit,
646 1830 786 1907 respiciat,
805 1830 924 1894 autres,
967 1846 1020 1883 uae
1038 1847 1100 1900 per-

90 1900 134 1952 [⁹5]
143 1898 220 1951 sonis
235 1847 402 1961 inserniurtlt,
419 1895 602 1966 apprehenda
641 1896 737 1949 addito
757 1911 790 1949 eo
801 1896 871 1972 iure,
890 1847 965 1963 quob
978 1897 1101 1951 actiones

46 2024 57 2037 Ι
143 1964 334 2043 apprehendit
356 1964 463 2019 civibus
485 1964 616 2032 privatis,
645 1963 746 2030 quihus
771 1963 905 2016 iniurium
926 1964 1100 2033 propulsent,

143 2047 202 2087 nou
222 2048 315 2085 miuus
338 2046 424 2098 quam
445 2030 557 2099 populis
579 2029 649 2083 belli
670 2030 713 2082 ius
731 2032 935 2098 competentes,
960 2034 1018 2085 tres
1034 2032 1101 2086 illae

142 2099 240 2167 partes
258 2098 339 2165 quasi
356 2099 457 2165 sponte
473 2097 647 2151 nascuntur.¹
676 2096 713 2149 Et
724 2096 855 2150 similiter
866 2098 990 2165 ipsarum
1003 2099 1101 2152 harum

143 2166 269 2235 partium
277 2164 488 2219 distributiones
499 2163 623 2217 mirabili
635 2164 759 2232 quodam
771 2179 900 2217 verorum
911 2164 1102 2218 discriminum

143 2250 228 2287 sensu
244 2233 379 2286 inventae
397 2234 428 2285 et
444 2246 592 2300 expressae
610 2232 684 2296 sunt,
704 2230 812 2299 quade
831 2246 861 2284 re
880 2229 1024 2299 disputare
1042 2232 1102 2286 lou·

143 2316 213 2368 gum
236 2302 266 2353 et
286 2300 322 2353 ab
344 2299 397 2353 hoc
419 2298 481 2353 loco
503 2298 627 2353 alienum
650 2299 713 2353 est.²
751 2296 879 2365 Denique
899 2296 984 2351 Gaius
1007 2298 1036 2351 in
1054 2315 1103 2353 ex·

220 2429 240 2497 ¹)
254 2432 304 2490 Quo
315 2433 390 2494 magis
399 2437 484 2495 postea
493 2432 553 2494 ipsis
563 2432 658 2496 populis
668 2432 712 2481 sub
723 2432 801 2493 iugum
812 2432 907 2495 imperii
917 2430 1021 2481 redactis
1030 2433 1103 2483 etiam

145 2504 254 2553 actiones
271 2503 393 2565 paullatim
411 2502 604 2553 extraordinariis
622 2502 828 2565 persecutionibus
848 2517 957 2561 cessere,
978 2503 1103 2567 inquibus

81 2616 87 2627 .
145 2589 193 2624 non
207 2580 256 2622 tam
269 2579 351 2623 nostro
366 2573 418 2622 iure
431 2574 523 2635 privato
537 2573 562 2621 in
575 2573 677 2634 indicio,
693 2573 755 2636 quod
770 2573 839 2621 nobis
854 2573 962 2634 debetur,
977 2576 1104 2638 persequi·

146 2659 200 2693 mur
219 2642 265 2708 (pr.
276 2643 295 2693 l.
306 2644 336 2692 de
345 2650 391 2693 act.
401 2645 428 2704 4,
438 2643 483 2708 6.),
497 2658 568 2707 quana
581 2658 667 2693 novum
682 2644 719 2692 ius
734 2644 762 2692 ah
778 2644 879 2706 imperio
893 2645 999 2706 pendens
1014 2644 1105 2694 indulta

146 2714 313 2775 amagistrato
333 2714 468 2775 cognitione
489 2727 599 2763 exercere
618 2714 737 2775 videmur,
752 2721 817 2762 tanto
837 2715 911 2776 magis
930 2716 992 2765 actio
1007 2716 1105 2778 propria

145 2784 263 2848 quaedam
277 2784 338 2833 iuris
351 2784 438 2847 privati
452 2785 520 2847 quasi
529 2784 661 2833 substantia
675 2798 729 2833 csse
740 2784 819 2846 desiit,
835 2785 944 2848 adquam
954 2785 983 2834 ab
999 2787 1060 2849 ipso,
1076 2800 1103 2835 er

146 2869 194 2919 quo
213 2855 318 2917 agimus,
338 2855 458 2904 diversum
471 2856 509 2904 ius
522 2856 643 2917 pertinere
656 2855 740 2919 possit.
770 2855 837 2913 Quod
856 2856 952 2919 quidem
967 2857 1059 2919 effecit,
1079 2864 1104 2905 ut

148 2926 196 2975 iam
209 2925 335 2974 iustiniani
349 2933 455 2989 tempore
469 2926 531 2974 inter
545 2927 651 2975 artiones
666 2932 689 2974 et
699 2926 854 2987 obligationes
865 2941 911 2975 non
922 2926 1021 2975 multum
1031 2928 1104 2977 inter·

147 3010 202 3044 esse
216 2996 337 3045 videretur
351 2994 386 3060 (et
399 3010 456 3045 sane
476 2996 547 3044 etiam
566 2998 672 3045 actiones
691 3003 746 3045 sunt
764 2996 880 3060 quaedam
899 2997 1056 3059 obligationes
1071 3005 1103 3060 et,

146 3066 211 3129 quod
225 3066 383 3130 Theophilum
396 3067 437 3115 lll.
447 3077 473 3117 13
487 3081 523 3129 pr.
538 3066 598 3117 ll'.a
612 3082 649 3130 pr.
664 3067 764 3115 maxime
779 3068 852 3117 movit
865 3074 890 3115 et
905 3068 929 3116 in
944 3083 1051 3117 errorem
1066 3070 1104 3117 in-

147 3137 227 3199 duxit,
245 3137 401 3199 obligationes
415 3137 524 3201 inprimis
544 3152 604 3201 opus
622 3138 710 3187 hebent
723 3138 817 3187 actione
837 3144 861 3187 et
878 3152 950 3200 saepe
971 3145 1060 3188 tantum
1080 3139 1103 3188 in

146 3207 234 3269 agendi
247 3207 358 3257 facultate
372 3208 487 3271 praestita
506 3208 663 3275 consistunt):
684 3216 767 3259 nostro
786 3223 841 3257 vero
861 3215 968 3272 tempore
989 3210 1104 3258 exstincta

147 3293 222 3342 paene
236 3278 339 3329 actionis
353 3279 494 3341 substantia,
509 3278 561 3328 Gaii
576 3280 682 3329 actiones
698 3294 711 3328 a
725 3279 846 3343 plerisque
860 3280 956 3329 omnino
971 3280 1017 3328 alio
1032 3294 1103 3329 sensu

147 3364 181 3399 sc.
197 3342 391 3414 promeriturus
405 3350 584 3414 acciperentnr3
598 3366 645 3415 qua
659 3350 750 3399 ratione
765 3350 842 3401 omnis
858 3350 910 3399 leus
926 3351 1027 3400 Gaianae
1044 3350 1104 3400 divi-

146 3420 223 3469 sionis
242 3420 376 3483 perimitur.
442 3415 463 3485 ⁹)
484 3417 598 3471 ‘Tabulas
612 3421 795 3473 delineationem
809 3422 946 3484 systematis
961 3422 1103 3471 Gaianarum

148 3490 378 3554 iustinianarumque
393 3491 570 3541 institutionum
583 3492 646 3541 inter
659 3506 686 3541 se
700 3493 832 3556 comparati
851 3492 990 3541 exhibentes
1009 3506 1037 3540 er
1053 3498 1102 3543 arla

201 3595 303 3627 rvnrsss.
319 3596 399 3628 sarni.
414 3595 466 3627 nnn.
485 3595 524 3628 nn.
550 3596 574 3629 v.
859 3582 891 3629 11
