2542 3909
174 214 239 279 422
435 231 561 271 vouvsws
579 230 728 267 meorumve
747 216 860 268 *tt-80.
1261 283 1262 336 1

173 361 250 419 uelut
265 361 407 433 semisses,
422 362 468 434 qui
482 360 606 436 singulae
621 367 769 433 uocantur,
783 368 812 419 et
826 367 957 435 quattuor
971 361 1048 419 uelut
1062 377 1127 435 qua·
1141 374 1199 426 [oss]
1261 341 1262 366 ¹

173 446 293 517 drantes,
310 446 356 519 qui
372 445 485 501 terunoli
500 451 642 516 uocantur,
657 444 797 503 diuiditur.

105 527 107 531 ’
236 524 282 587 ii.
304 528 434 585 Ponderis
449 528 541 585 eadem
561 528 658 587 diuisio
674 536 731 599 ast,
753 543 822 602 quae
837 529 920 604 seris3
941 530 1044 586 namin
1060 546 1126 602 quas

174 620 263 687 partes
286 629 315 669 as
336 611 481 683 diuiditur,
503 614 531 669 in
552 613 600 671 has
614 612 682 670 libra
702 607 895 686 dispenditur.¹
932 608 980 671 78.
1003 611 1046 669 ’m
1059 612 1127 685 (dis-

169 690 331 771 pertituri²
344 698 382 753 ita
395 712 424 753 as
440 696 564 769 quidem,
580 712 628 753 seu
644 696 677 752 de
692 695 826 755 diuisione
840 696 931 768 solidi,
946 712 996 755 seu
1010 697 1044 754 de
1059 714 1127 772 pon·

173 780 248 853 dere,
265 796 313 839 seu
328 779 361 837 de
376 781 557 837 numeratam
574 796 636 837 aere
650 781 765 855 pecunia
779 789 891 854 agatur;
912 780 979 838 libra
994 789 1085 839 autem
1097 783 1127 838 io

173 864 309 938 pondere,
337 865 439 921 nummi
464 863 544 921 'aenei
572 858 642 939 (ut)³
668 867 791 937 argentei
813 866 841 920 in
863 858 1021 939 ’ρεειιιιίιιε4
1042 865 1128 923 iorma

173 947 280 1022 publica
294 948 432 1005 dumtaxat
446 963 544 1005 noman
560 950 704 1022 accipiunt.

236 1027 283 1090 79.
306 1032 490 1089 Mensurarum
505 1031 619 1109 liquoris
634 1040 717 1106 atque
732 1032 810 1107 grani
828 1032 980 1106 expeditior
998 1041 1025 1090 et
1041 1033 1126 1090 torma

173 1124 200 1173 et
216 1115 369 1191 appellatio.
402 1131 462 1172 nam
478 1116 648 1189 quadrantal,
663 1116 736 1190 quod
751 1132 824 1175 nunc
834 1114 958 1190 plerique
972 1117 1127 1192 amphoram

173 1207 283 1273 uocant,
300 1198 380 1257 hahet
394 1216 475 1257 urnas
489 1199 566 1273 duas,
581 1200 688 1257 modios
702 1208 770 1273 tres,
785 1200 921 1259 semodios
935 1216 999 1272 ser,
1013 1203 1128 1275 congios

174 1293 248 1357 octo,
264 1285 394 1341 sextarios
406 1282 583 1358 quadraginta
600 1294 674 1356 osto,
688 1285 808 1341 heminas
820 1286 968 1359 nonaginta
978 1300 1035 1351 ser,
1049 1302 1127 1359 quar·

174 1369 257 1427 tarios
272 1376 380 1427 centum
394 1370 542 1441 nonaginta
557 1368 627 1439 duo,
647 1368 759 1442 cyathos
775 1370 940 1443 quingentos
955 1371 1128 1444 septuaginta

172 1468 230 1513 sex.
266 1450 318 1514 80.
341 1450 426 1509 Notae
441 1446 664 1509 mensurarumz⁵

475 1535 658 1609 quadrantalis
756 1552 790 1609 qr

474 1635 558 1677 urnae
755 1636 793 1693 qs

476 1718 558 1775 moon
755 1706 792 1778 in

436 1811 440 1819 ’
476 1818 589 1877 semodii
754 1806 794 1879 ias

476 1904 566 1979 congii
755 1889 776 1960 Z

475 1989 583 2044 sextarii
599 1988 631 2044 ad
647 1988 740 2044 uinum
754 1998 776 2064 3

626 2088 739 2146 granum
754 2066 800 2149 Β)

175 2225 293 2275 sestertio
308 2237 338 2273 as
355 2237 500 2273 excurrens
513 2221 652 2273 notabatur
666 2250 700 2259 -
714 2229 739 2272 et
753 2220 894 2272 nocebatur
907 2221 1003 2283 libella,
1022 2224 1050 2273 in
1063 2236 1128 2273 noro

175 2294 314 2345 notabatur
333 2315 366 2337 -ι
381 2295 399 2347 s
415 2300 440 2343 et
460 2292 602 2343 uocabatur
620 2293 688 2343 duae
706 2292 808 2343 libellas
826 2294 967 2343 teruncius.
1002 2291 1041 2357 Of.
1055 2295 1078 2355 9.
1092 2304 1127 2345 ts

178 2360 198 2431 1)
214 2363 289 2415 Aesis
299 2370 391 2428 partes
404 2364 489 2413 animo
499 2364 641 2427 finiuntur,
659 2378 740 2427 eoque
757 2364 852 2413 divisio
866 2365 1028 2427 appellatum·
1045 2363 1129 2413 librae

175 2450 236 2485 nero
246 2441 338 2498 partes
348 2434 416 2497 fiunt
425 2432 571 2497 pendendo,
582 2434 651 2498 quod
659 2433 812 2498 dispendere
822 2434 881 2483 otim
890 2434 991 2485 diacre.
1012 2433 1051 2498 Cf.
1062 2435 1128 2497 §.sn

177 2501 198 2571 Ι)
213 2502 336 2567 Suppteui
350 2518 384 2551 ea·
398 2503 513 2552 anteced.
539 2499 656 2572 [Dicitur]
670 2504 710 2553 ed.
726 2503 839 2553 Momms.
858 2503 895 2553 Aa
908 2504 1064 2568 inpendere
1078 2519 1129 2554 non

175 2588 205 2624 os
219 2573 378 2623 dicitursed
390 2572 474 2631 tioru-
488 2573 634 2637 dispertitio
649 2580 747 2623 tantum
760 2574 849 2624 eadent
859 2580 905 2623 est.
928 2574 966 2633 m,
981 2574 1085 2639 quadiu
1098 2574 1128 2622 P.

179 2644 211 2694 V.
226 2651 251 2693 et
264 2644 321 2693 cdd.
337 2649 447 2693 estante
460 2643 529 2703 libra,
543 2644 594 2695 duc
608 2646 735 2695 revocari.
799 2641 822 2711 ¹)
836 2642 940 2709 Scripsi
943 2662 954 2701 ,-
971 2660 1030 2694 usro
1046 2644 1077 2695 P.
1097 2644 1128 2697 V.

175 2715 243 2772 edd„
258 2729 307 2778 quo
320 2728 412 2765 errore
426 2716 556 2767 conmisso
570 2722 597 2765 ut
611 2717 784 2767 omissunest.
830 2711 852 2781 ι)
866 2716 967 2778 pecunia
981 2715 1013 2766 P.
1028 2715 1060 2765 V.
1070 2716 1128 2765 edd.

176 2783 198 2852 ⁵)
212 2783 257 2835 Ex
270 2785 311 2835 llis
325 2792 401 2835 notae
418 2783 604 2845 Quadrantalis
618 2792 643 2835 et
657 2785 742 2836 Madii
754 2785 842 2844 solidi,
855 2800 992 2851 eorumque
1001 2784 1128 2845 Semissis,

175 2870 258 2905 urnae
273 2862 298 2905 et
310 2855 429 2914 semodii,
448 2857 632 2920 esplanatione
651 2871 702 2906 non
723 2861 804 2921 egent.
834 2855 901 2906 Nota
915 2857 1004 2921 congii
1014 2857 1130 2920 fortasse

175 2934 214 2977 est
230 2923 422 2993 Q(uadrantal),
436 2926 551 2977 subiecta
565 2933 626 2977 notu
639 2927 784 2977 semunciae
798 2924 832 2991 (θ.
847 2924 892 2992 t.):
911 2942 1062 2991 quamquam
1075 2928 1130 2976 alia

172 2998 260 3061 forma
269 2998 416 3061 exprimere
426 2998 528 3047 ridetur
536 2998 639 3049 litterae
650 2996 938 3060 Gsubiectampriscarn
949 2994 1129 3063 GiGonGius).

174 3066 315 3119 Scutarius
329 3074 433 3119 notatur
446 3068 557 3127 sicilico,
571 3069 634 3131 quia
648 3069 672 3117 is
685 3074 736 3127 est,
751 3073 780 3117 ut
791 3073 862 3117 recte
874 3066 923 3133 Bg.
938 3068 1129 3127 animadvertit,

175 3139 357 3202 qraadrantalis
366 3153 434 3201 pars
448 3138 647 3203 quadragesima
660 3145 751 3189 octaua
764 3135 799 3203 (5.
809 3135 868 3204 ua.);
882 3139 911 3188 in
922 3137 1010 3189 &ano
1020 3140 1129 3202 cipres-

172 3210 231 3273 tima
245 3209 347 3258 uidetur
363 3207 391 3258 θ.
409 3208 514 3259 Ceterae
527 3215 602 3259 notae
616 3223 652 3257 ex
664 3209 781 3259 sextario
795 3209 916 3258 ridentur
925 3209 1049 3272 pendere.
1077 3208 1129 3257 He·

175 3279 259 3328 rainae
273 3286 355 3327 temen
371 3285 432 3329 nota
442 3279 527 3342 fuerit
542 3279 652 3338 initialis
665 3280 754 3329 littera
770 3278 886 3336 Graecas
905 3294 1056 3344 quamquam
1075 3280 1130 3329 alia

174 3348 306 3414 significat
314 3349 442 3399 sicilicum
452 3348 619 3398 dimidiatum.
642 3347 778 3410 Quartarii
788 3349 1021 3413 sortasseprimum
1030 3351 1131 3415 signum

179 3415 344 3483 ileruncins)
359 3439 393 3459 τι
407 3418 548 3482 quadrans,
564 3421 672 3469 alterurn
686 3426 821 3470 contracta
832 3421 1016 3470 notasextarii
1025 3420 1061 3470 ad
1067 3435 1130 3485 gra·

176 3504 250 3544 num,-
268 3488 324 3537 eius
342 3489 409 3537 enirn
427 3490 578 3551 quartarius
596 3496 634 3539 est
652 3494 755 3554 quarta·
760 3504 836 3553 pars.
870 3488 963 3554 Cgatlti
981 3497 1066 3541 notant
1080 3504 1130 3540 non

176 3558 299 3622 intelligo.
