2542 3909
159 229 223 294 310
448 247 626 283 usr11usr1n.
645 228 693 285 Ill.
712 234 833 284 sse-st.

160 383 224 447 96².
240 431 247 444 .
264 429 272 444 .
290 392 295 455 l
314 382 349 443 ¹si
370 388 477 445 debitor
498 389 617 446 mulieris
632 391 711 445 iussu
726 390 798 459 eius,
822 388 886 445 dum
908 391 989 445 modo
1005 395 1126 445 auctore

160 480 256 531 tutore
272 473 362 529 eidem
378 477 383 541 Ι
400 473 458 529 doti
474 473 544 530 dicat
560 474 633 548 quod
650 473 738 530 debet.
769 473 835 529 alius
852 482 942 529 autern
958 472 1079 546 obligari
1093 489 1126 530 eo

158 560 239 614 modo
256 562 261 624 Ι
278 573 333 613 non
348 567 450 632 potest.
475 561 479 625 Ι
503 568 532 614 et
546 557 607 615 ideo
623 561 646 614 si
662 559 810 632 quisalius
829 576 885 629 pro
900 561 1019 614 muliere
1034 559 1126 614 dotem

158 644 224 699 uiro
242 646 406 714 promittat,
431 644 577 704 communi
596 644 656 699 iure
679 643 798 716 obligari
817 645 941 712 debebit,
970 645 1076 698 scilicet
1096 649 1127 698 bt

159 733 228 783 ante
243 729 398 798 stipuletur
411 727 551 795 matritus.
595 723 646 788 96.
667 721 754 784 ²Item
774 744 828 784 uno
849 727 982 801 loquente
1001 734 1028 783 et
1043 731 1104 784 sine
1121 729 1125 792 Ι

158 814 385 884 interrogatione
406 816 458 870 alii
473 815 657 883 promittente
678 813 861 869 contrabitur
881 814 1030 886 obttpatio,
1052 815 1078 868 si
1094 814 1127 868 li·

159 896 259 952 bertus
270 903 396 966 pairano
408 904 459 954 aut
470 899 575 954 donum
586 905 637 954 aut
648 913 752 954 munus
763 904 815 953 aut
826 912 933 970 operas
945 912 976 952 se
991 898 1127 952 daturum

158 995 223 1036 esse
243 984 368 1053 iurauit,
392 989 420 1038 et
436 987 441 1052 Ι
457 984 480 1037 si
496 982 562 1038 haec
582 981 638 1039 sola
654 998 734 1037 causa
750 989 808 1053 est,
830 997 862 1036 ex
885 997 937 1054 qua
953 979 1126 1036 iureiurando

160 1064 332 1121 contrahitur
347 1069 351 1132 Ι
369 1064 511 1140 obligatio⁴
548 1082 614 1122 sane
635 1082 666 1121 ex
688 1066 737 1122 alia
758 1065 831 1122 nulla
852 1082 933 1122 causa
953 1063 1126 1120 iureiurando

91 1145 283 1205 1540honrines
299 1142 304 1228 l
322 1149 495 1223 obligantur,
517 1152 613 1225 utique
627 1167 689 1206 cum
710 1151 856 1224 quaeritur
871 1151 904 1206 de
920 1151 978 1205 iure
993 1149 1127 1205 Romano·

94 1213 111 1252 ⁸·
125 1222 144 1254 ⁸·
158 1249 229 1289 rum.
251 1251 313 1290 nam
324 1237 399 1307 apud
408 1235 569 1309 peregrinos
582 1234 647 1308 quid
658 1236 726 1291 iuris
737 1237 784 1307 sit,
794 1235 963 1308 singularum
976 1235 1125 1290 ciuitatium
1137 1249 1197 1301 [ass]
1269 1305 1270 1308 Ἴ

160 1317 220 1372 iura
235 1320 406 1391 requirentes
423 1319 494 1375 aliud
510 1319 673 1394 intellegere
688 1311 866 1394 poterimus.³
1269 1323 1270 1334 ¹

223 1397 270 1458 97.
294 1401 322 1458 Si
337 1402 374 1474 id,
391 1403 464 1475 quod
480 1403 537 1458 dari
552 1403 725 1478 stipulamur,
742 1403 794 1460 tale
811 1405 856 1476 sit,
873 1412 903 1459 ut
919 1401 976 1458 dari
991 1419 1047 1458 non
1063 1419 1127 1476 pos·

158 1486 210 1556 sit,
233 1487 337 1543 inutilis
361 1497 404 1544 est
426 1486 580 1561 stipulatio,
610 1488 689 1543 uelut
711 1490 734 1543 si
757 1489 818 1560 quis
841 1489 977 1544 homiuem
1000 1487 1126 1559 liberum,

158 1637 242 1686 dotem
260 1639 369 1686 dixerit.
405 1638 465 1687 Hae
483 1646 582 1687 tanturn
600 1645 655 1688 tres
674 1653 804 1702 personae
824 1641 897 1690 nulla
917 1639 1126 1703 in⁴erropatione

154 1708 330 1770 praecedente
344 1716 456 1771 possunt
470 1709 584 1758 dictione
603 1709 672 1758 dotis
691 1711 803 1773 legitime
823 1709 944 1774 obligari.
973 1708 1050 1757 Aliae
1064 1723 1125 1758 uero

154 1792 285 1842 personne
303 1780 328 1828 si
341 1794 394 1842 pro
414 1781 521 1828 muliere
540 1779 623 1828 dotem
642 1780 699 1829 uiro
715 1781 899 1842 promiserint,
924 1779 1050 1829 communi
1069 1781 1126 1828 inre

158 1847 274 1914 obligari
286 1849 386 1909 debent,
401 1851 430 1898 id
443 1857 489 1907 est,
504 1857 532 1898 ut
546 1857 571 1899 et
585 1848 786 1915 interrogatam)
802 1851 988 1914 respondeant,
1006 1858 1031 1899 et
1044 1852 1125 1914 stipu-

158 1921 214 1968 lata
224 1923 386 1983 promittant.
411 1923 434 1984 ξ.
444 1932 466 1971 4.
481 1920 546 1970 Item
559 1927 585 1970 et
597 1922 651 1971 alio
662 1936 734 1979 casu,
749 1937 800 1972 uno
815 1924 933 1986 loquente
945 1929 970 1971 et
978 1923 1035 1971 sine
1045 1923 1125 1970 inter-

158 1993 295 2055 rogatione
309 1993 358 2041 olii
367 1994 534 2056 promittente
548 1992 713 2042 contrabitur
728 1991 861 2058 obligatio,
876 1993 964 2053 idest,
979 1995 1004 2042 si
1018 1992 1126 2042 libertus

154 2068 270 2125 patrono
284 2070 331 2112 aut
344 2064 438 2113 donum
448 2071 494 2113 out
502 2079 594 2113 munus
607 2070 654 2113 ont
667 2078 762 2127 operas
775 2078 803 2113 se
813 2065 935 2114 daturum
944 2079 999 2114 esse
1014 2065 1126 2114 iurauit:

159 2134 186 2182 in
200 2149 251 2198 qua
266 2149 296 2184 re
309 2135 458 2198 supradicti
475 2134 564 2185 liberti
577 2151 628 2185 non
649 2142 700 2184 tom
716 2134 852 2185 verborum
866 2137 1031 2194 solennitate,
1051 2151 1126 2200 quant

158 2205 337 2255 iurisiurandi
354 2207 482 2271 religione
500 2207 656 2255 retinentur.
688 2204 742 2255 Sed
755 2208 827 2255 nullo
847 2208 931 2255 altera
947 2221 1063 2270 persona
1078 2206 1126 2256 ltoe

157 2275 251 2324 ordine
266 2275 380 2342 obligari
389 2273 495 2340 potest?
529 2276 663 2326 lirntatnr
677 2276 725 2326 hoc
739 2277 850 2341 singulis
864 2276 958 2334 uerbis,
973 2292 1038 2338 quoe
1052 2275 1125 2324 Sido

158 2348 186 2394 in
200 2346 250 2396 ltaa
260 2362 289 2409 p.
305 2349 390 2412 leqere
404 2349 493 2404 licuit‚·
507 2364 567 2397 nam
581 2349 633 2397 iam
648 2363 671 2396 o.
686 2359 706 2397 2.
721 2347 778 2410 (ere
793 2354 902 2396 exeunte
917 2343 1042 2410 (perinde
1057 2346 1125 2394 utin

157 2418 219 2480 epit.
230 2428 251 2479 a,
261 2429 306 2478 s‚u
320 2416 408 2482 initio)
422 2420 548 2481 apparuit
563 2455 568 2466 .
584 2454 591 2467 .
607 2455 613 2468 .
628 2417 700 2482 s(unt
715 2433 778 2468 nero
793 2419 869 2468 etiam
883 2415 957 2484 a)liae
969 2417 1125 2478 obligationes

159 2526 166 2539 .
182 2523 188 2535 .
204 2523 210 2534 .
226 2486 320 2535 deinde
329 2502 352 2535 o.
364 2498 376 2536 ‘t
386 2486 488 2535 uidetur
498 2489 624 2549 scriptum
635 2487 721 2547 fuisse
737 2521 742 2534 .
759 2522 764 2533 .
780 2483 856 2550 (olio)
871 2485 934 2534 nullo
950 2488 985 2532 sie
1000 2486 1125 2549 obligando

160 2594 167 2606 .
183 2593 189 2605 .
206 2592 212 2604 .
227 2564 252 2605 et
265 2557 302 2606 od
315 2571 370 2614 res,
390 2572 456 2621 quae
473 2557 529 2605 doti
542 2556 597 2605 dici
607 2563 745 2619 poterant,
761 2556 921 2619 pertinuisse
935 2571 958 2604 u.
973 2565 1042 2606 10...
1055 2572 1126 2606 .cor·

159 2627 227 2691 porei
247 2664 254 2676 .
274 2661 280 2675 .
301 2663 306 2676 .
346 2627 479 2677 Personas
497 2642 560 2676 oero
577 2627 647 2677 dotis
670 2627 784 2677 dictione
803 2626 957 2691 obligandas
975 2624 1127 2688 spectabant

160 2712 226 2762 quoe
239 2704 384 2762 sequuntur
398 2714 420 2746 u.
435 2709 536 2750 14—192
554 2713 619 2762 qaae
633 2697 770 2762 Epitomoe
784 2712 831 2761 ope
845 2698 882 2746 ad
894 2711 995 2746 sensum
1008 2697 1126 2758 suppleta

159 2770 183 2830 §-
197 2769 247 2820 95⁸.
262 2770 289 2817 in
305 2775 452 2818 contentum
466 2770 585 2833 recipere
599 2784 680 2818 ausus
693 2783 756 2818 sum.
818 2765 839 2832 ¹)
854 2767 887 2816 In
901 2768 950 2817 bae
965 2769 988 2828 ς.
999 2767 1078 2830 prius
1091 2765 1128 2813 od

164 2839 193 2888 V
193 2835 214 2870 ’ἲ
232 2841 365 2904 lectionem
380 2842 444 2889 mire
463 2841 593 2890 diversam
607 2841 728 2890 restituta
744 2855 812 2889 nunc
832 2854 897 2904 qnae
912 2840 1073 2889 conieceram
1086 2850 1127 2884 se-

159 2910 272 2960 cundum
285 2909 376 2974 Suppl.
390 2910 428 2961 St.
440 2927 468 2975 p.
483 2911 541 2960 XX
545 2911 606 2960 XII
611 2914 690 2961 multo
699 2912 787 2974 aptius
797 2911 947 2973 reformavi.
1005 2903 1025 2973 ²)
1040 2907 1127 2956 Etiam

159 2982 233 3040 baec,
247 2997 313 3046 quae
327 2989 389 3046 post
401 2985 513 3046 spatium
527 2999 638 3032 ooouum
652 2984 679 3031 in
700 2982 726 3030 V
728 2978 748 3014 '²
761 2988 913 3046 sequuntur,
928 2988 980 3030 tom
989 2994 1086 3043 parum
1099 2979 1127 3027 in

159 3052 281 3117 Epitoma
300 3060 397 3104 mutata
416 3069 471 3105 esse
489 3061 612 3118 apparet,
632 3060 660 3102 ut
678 3055 775 3103 collato
793 3068 825 3101 ea
844 3067 900 3102 oum
924 3051 951 3100 V
952 3047 972 3083 ⁸²
990 3057 1015 3100 et
1035 3049 1126 3113 Suppl.

159 3123 198 3174 St.
213 3131 292 3174 totam
306 3126 330 3186 §-
346 3125 382 3175 ad
399 3141 500 3175 sensum
518 3127 626 3187 reficere
646 3125 760 3174 licuerit.
790 3123 858 3174 Puto
877 3129 960 3172 tamen
976 3136 1028 3184 pro
1042 3122 1128 3184 spatio

159 3203 234 3245 etex
248 3203 328 3245 mente
345 3195 407 3246 dati
425 3204 484 3246 ante
505 3192 615 3244 ‘iurauit’
636 3195 784 3244 addendum
802 3208 857 3244 esse
873 3191 1009 3256 ‘conceptis
1023 3187 1127 3242 nerbis’.

162 3262 185 3332 ⁸)
204 3265 293 3315 Sidus
311 3267 428 3325 adnotat,
447 3269 475 3316 in
494 3265 522 3314 V
523 3262 544 3298 ⁸²
557 3273 619 3330 post
636 3265 768 3329 poterimus
787 3266 905 3315 incertus
924 3265 998 3329 sequi
1016 3262 1128 3319 umbras,

161 3353 227 3402 quae
242 3338 360 3387 velutad
374 3338 398 3385 in
412 3338 466 3387 eliis
481 3337 561 3386 ualere
576 3338 710 3386 lectionem
730 3336 859 3400 quadrent
872 3336 919 3385 sed
929 3336 1046 3399 fortasse
1060 3340 1128 3384 totae

158 3409 249 3471 saliano
262 3409 362 3470 species
375 3409 435 3456 sint.
468 3407 570 3456 Deinde
583 3408 702 3472 sequitur
717 3407 785 3455 linea
800 3422 891 3456 uonna.

234 3526 259 3598 §-
275 3533 317 3581 9'l.
339 3530 377 3592 Os.
393 3530 425 3579 L.
441 3543 461 3580 1.
476 3532 500 3591 ξ.
516 3542 536 3580 s.
556 3530 589 3578 D.
600 3530 631 3579 de
646 3530 694 3580 obl.
710 3537 734 3579 et
748 3537 798 3580 oct.
811 3533 855 3595 (tt,
866 3529 898 3596 t).
918 3529 989 3593 Epit.
1001 3540 1021 3590 u,
1036 3540 1057 3581 s.
1073 3530 1096 3590 §-
1108 3539 1129 3580 b.

162 3602 203 3662 ἐξ.
219 3613 239 3650 1.
254 3613 275 3652 t.
295 3601 317 3651 I.
333 3602 364 3651 de
379 3601 443 3650 inut.
458 3602 517 3663 stip.
534 3599 625 3666 (3.19).
