2542 3909
451 227 546 263 aaron.
566 229 619 264 rvr.
638 228 699 264 noar.
718 227 805 264 varro.
1040 215 1102 278 715

149 349 234 415 ribus,
266 349 435 416 ‘datorem
463 350 568 417 inquit,
597 350 687 403 nube
715 350 937 417 voluminum,
966 352 1001 404 in
1029 350 1105 429 qui·

150 418 210 470 bus
228 417 416 470 multorum
433 416 522 470 nihil
540 416 790 494 explicantium
808 419 941 472 aetates
959 420 1104 473 attritae

151 485 241 546 sunt,
260 484 487 551 compendiosam
504 483 641 536 divalium
657 485 888 538 constitutionum
907 486 1053 540 scientiam
1071 502 1105 539 ex

152 551 178 607 d.
204 549 377 604 Constantini
402 553 459 605 tem
482 551 576 604 oribus
597 551 762 605 roboramus
783 552 855 605 nulli
880 554 945 621 post
966 553 1022 606 kal.
1044 552 1104 606 lan.

152 633 281 672 concessa
301 617 415 672 lieentia
487 619 577 671 sorum
596 659 602 670 .
621 663 627 674 .
648 659 654 671 .
673 618 717 670 ins
739 618 894 687 principale
915 619 1076 674 deferre..
1096 660 1103 674 .

151 685 204 737 nisi
222 701 256 737 ex
274 684 317 737 his
334 685 467 739 videlicet
483 685 570 749 libris,
588 685 683 753 quiin
701 686 789 738 nostri
806 685 926 739 nominis
937 687 1106 740 vocabulum

151 751 332 806 transierunt’
353 754 404 806 etc.
417 752 514 821 primis
531 751 587 804 illis
599 752 692 805 verbis
710 754 807 818 aperte
819 751 994 807 domonstrat
1005 770 1107 822 corpus

152 818 267 886 aliquod
279 819 346 871 iuris
358 820 414 872 iam
427 819 586 872 confectum
594 818 727 872 Vaticani
738 820 797 871 tarn
809 819 909 882 simile,
921 821 955 873 ut
966 835 1050 873 ovum
1060 821 1107 873 ovi

151 901 207 939 non
220 885 350 939 videatur
366 885 497 950 similium
515 902 581 962 nam
593 887 622 938 et
633 885 787 938 multorum
803 901 940 964 annorum
957 887 1041 964 ⁸fuisse
1053 886 1106 940 hoc

151 952 1107 1097 tuttuttttttotxstitit,trititttttitttittt

150 1101 205 1153 que
224 1087 257 1139 ut
267 1086 350 1154 plane
364 1087 465 1149 dicam,
484 1085 559 1153 quod
577 1086 676 1147 sentio,
694 1102 758 1137 cum
770 1101 877 1138 summo
890 1085 1029 1140 desideno
1041 1104 1106 1154 pur-

151 1152 306 1221 gandorum
318 1154 387 1208 iuris
399 1154 519 1206 fontium
536 1151 616 1204 istius
635 1152 699 1205 aevi
715 1152 842 1206 homines
859 1154 1041 1214 tenerentur.¹
1061 1154 1107 1206 eui

150 1220 340 1273 satisfaciendi
362 1219 550 1274 aemulatione
569 1217 722 1271 occidentis
740 1220 770 1271 et
787 1219 902 1273 edentis
923 1221 1108 1286 imperatores

149 1287 225 1338 inter
242 1302 271 1338 se
289 1288 410 1340 certasse
428 1286 490 1353 ipsa
507 1284 699 1338 Valentiniani
717 1285 752 1338 de
769 1287 909 1353 responsis
926 1286 1107 1354 prudentium

150 1352 196 1404 lex
208 1353 238 1404 et
250 1352 400 1405 Theodosii
417 1351 648 1405 constitutionum
667 1352 755 1405 codex
773 1368 804 1404 ar
845 1354 940 1406 mento
957 1356 1043 1413 suut²
1060 1353 1107 1407 vix

150 1417 249 1471 dubito
274 1419 418 1486 quinium
442 1419 565 1472 anterior
586 1418 752 1486 imperator,
780 1421 860 1472 veut
880 1419 1039 1474 Ηοιιοιίιιι3
1061 1420 1108 1473 vel

151 1485 221 1539 adeo
233 1486 311 1554 prior
319 1485 502 1539 Theodosius⁴
514 1486 635 1553 primum
648 1487 683 1538 de
696 1501 811 1554 corpore
823 1486 892 1540 iuris
904 1487 1107 1556 ‘magisterium

150 1554 226 1606 vitae
244 1553 428 1620 suscipiente‘
448 1552 627 1622 cogitaverit,
647 1555 757 1629 etpost
775 1551 902 1619 demum,
921 1570 985 1606 cum
1001 1554 1108 1608 iussum

151 1619 186 1672 ab
209 1619 270 1688 ipso
293 1620 339 1673 vel
361 1621 415 1673 alio
434 1635 515 1688 opus,
543 1619 621 1672 cuius
647 1618 781 1686 renquiae
803 1619 953 1674 Vaticanus
969 1622 1107 1688 tenemus,

150 1702 230 1754 spem
252 1687 410 1746 fefellisset.
433 1703 485 1740 neo
508 1686 626 1754 probato
649 1702 683 1740 eo
700 1702 752 1739 nec
774 1686 933 1755 improbato
955 1689 1040 1752 tunde
1057 1688 1107 1741 ali-

153 1753 288 1820 quamdiu
298 1755 393 1807 tamen
403 1754 530 1807 homines
540 1769 573 1806 eo
583 1754 625 1805 usi
635 1753 855 1820 emendentur),
866 1756 900 1808 ut
906 1757 1003 1808 tamen
1013 1755 1107 1823 aliquo

80 1827 141 1876 [62⁰]
152 1821 236 1874 modo
248 1821 315 1872 iuris
325 1821 480 1874 confusioni
492 1820 696 1885 subveniretur,
708 1819 754 1873 lex
764 1820 799 1872 de
812 1821 972 1874 auctoribus
984 1822 1107 1890 allegan-

151 1887 194 1940 dis
206 1905 223 1941 a
236 1886 432 1942 Valentiniano
446 1887 547 1940 emissa
559 1887 602 1940 sit.
634 1886 685 1940 Cui
698 1887 824 1954 opinioni
841 1888 975 1941 convenit
986 1890 1108 1956 primum

151 1955 243 2022 patria
265 1953 395 2009 Vaticani
419 1954 511 2022 operis
534 1953 593 2006 sine
617 1953 703 2006 dubio
726 1953 921 2018 occidentalis;
948 1969 1011 2007 eam
1032 1955 1107 2007 enim

152 2022 293 2087 evincunt,
311 2024 344 2075 ut
361 2021 467 2074 dudum
486 2020 561 2074 docti
578 2020 632 2073 viri
650 2020 788 2086 viderunt,
811 2023 840 2074 et
856 2021 916 2088 ipse
934 2021 1023 2074 codex
1041 2021 1106 2074 Vat.

226 2159 246 2226 1)
261 2162 333 2211 Cuius
347 2163 514 2214 documentum
529 2169 565 2210 est
575 2163 660 2212 incerti
674 2163 779 2212 auctoris
791 2160 832 2211 ‘de
847 2162 918 2210 rebus
933 2159 1036 2211 bellicis’
1048 2177 1108 2225 opu-

152 2235 256 2293 sculum,
276 2233 316 2281 ubi
335 2249 356 2283 c.
376 2234 416 2281 ult.
434 2231 475 2282 ‘de
490 2234 566 2294 legum
580 2233 617 2281 vel
637 2233 695 2281 iuris
714 2234 853 2282 confusione
871 2228 1003 2295 purganda’
1024 2231 1107 2297 (Notit.

152 2304 234 2365 dignit.
250 2303 305 2366 imp.
322 2303 389 2351 Rom.
409 2317 436 2351 er
455 2303 492 2352 ed.
508 2303 611 2352 Labbaei
631 2303 706 2354 Paris.
721 2314 780 2354 reat.
795 2318 818 2367 p.
835 2303 892 2366 189.)
914 2299 1008 2351 ‘liiriua
1028 2304 1108 2366 prori-

152 2371 239 2434 deud',
254 2373 342 2435 iuquit,
359 2369 532 2422 ‘sacratissime
548 2374 690 2436 imperator,
705 2374 769 2422 domi
785 2373 889 2436 lorisque
903 2373 963 2435 reip.
979 2372 1107 2435 praesidiis

152 2443 301 2506 compositis,
316 2448 390 2491 restat
404 2457 475 2492 uuum
491 2443 520 2492 de
535 2450 574 2492 tua
588 2445 716 2492 serenitate
731 2443 862 2492 remedium
877 2443 907 2490 ad
921 2441 1025 2491 civilium
1039 2458 1108 2491 cura-

151 2528 204 2561 rum
219 2513 369 2574 medicinam,
383 2520 409 2561 ut
423 2513 534 2561 contusas
544 2514 620 2575 legum
631 2515 808 2576 contrariasque
819 2514 957 2570 sententias,
968 2513 1108 2576 improbita-

152 2584 183 2631 tis
197 2584 287 2632 reiecto
302 2583 385 2644 litigio,
401 2582 489 2632 iudicio
504 2590 616 2644 augustae
632 2584 776 2646 dignationis
786 2581 915 2632 illumines’
929 2590 974 2633 etc.
1026 2579 1048 2649 ²)
1063 2585 1108 2632 ilc·

151 2654 228 2716 cedit,
247 2653 310 2717 quod
328 2654 472 2702 lastinianus
492 2653 559 2702 initio
578 2660 654 2705 const,
687 2654 764 2703 llaec
786 2669 860 2717 quae
882 2655 1057 2703 necessario
1079 2654 1108 2702 de

152 2739 212 2773 novo
228 2723 314 2773 Codice
331 2724 437 2773 iaciendo
453 2730 595 2782 auctorest,
610 2725 670 2772 atico
685 2725 786 2772 multis
802 2731 866 2773 retro
880 2724 1029 2788 principibus
1044 2725 1108 2772 eius-

152 2795 216 2846 modi
231 2795 354 2844 codicibus
369 2794 406 2844 ius
422 2795 542 2856 corrigere
556 2794 718 2843 necessarium
732 2795 817 2856 risum,
831 2794 920 2843 nullum
932 2802 1008 2843 tamen
1018 2809 1067 2843 rem
1079 2795 1108 2842 ad

152 2866 239 2914 exitum
254 2865 386 2928 perducere
398 2879 481 2914 ausum
491 2879 552 2912 esse.
600 2859 621 2929 8)
631 2864 815 2924 Meminerimus,
827 2865 898 2913 etiam
908 2864 1020 2913 Notitiam
1030 2865 1108 2925 digni-

153 2942 226 2983 tatum
240 2936 364 3000 utriusque
379 2935 473 2998 imperii
488 2941 511 2983 et
525 2933 630 2983 libellum
640 2936 815 2997 provinciarum
826 2935 997 2997 imperantibus
1007 2934 1107 2982 Arcadio

153 3011 177 3052 et
188 3005 292 3054 Honorio
308 3006 470 3068 couscriptum
485 3019 547 3056 esse.
570 3004 636 3054 Unde
651 3005 696 3054 hoc
711 3006 794 3054 saitem
809 3003 931 3067 probatur,
942 3010 1041 3067 quantae
1052 3010 1107 3052 tunc

153 3088 224 3122 curae
241 3075 425 3137 imperatoribus
441 3077 519 3134 luerit,
534 3082 559 3124 ut
574 3076 668 3138 imperii
683 3075 855 3124 administratio
871 3073 900 3122 ad
910 3080 998 3122 certam
1009 3074 1107 3122 formam

154 3144 251 3205 scriptis
266 3145 427 3206 consignatam
441 3146 597 3208 redigeretur.
653 3143 675 3210 ⁴)
691 3145 721 3194 Ut
734 3145 798 3208 quod
812 3145 836 3193 iu
850 3143 936 3192 Cbron.
952 3144 1057 3192 lelatiauo
1072 3144 1108 3192 rel

154 3214 259 3276 llispauo
274 3213 328 3277 (uec
344 3220 422 3264 tamen
438 3215 460 3264 iu
476 3215 585 3264 omuibus
605 3216 656 3264 eius
675 3215 744 3264 codd.
760 3213 829 3280 mss.)
848 3215 945 3277 legitur:
967 3211 1107 3263 ‘Undecimo

151 3297 213 3332 auno
229 3285 378 3333 Theodosius
392 3286 458 3347 regui
473 3287 510 3335 sui
524 3285 585 3352 (aas)
600 3286 697 3334 Romam
715 3300 769 3335 cum
787 3286 835 3334 utto
850 3285 954 3333 Honorio
978 3284 1107 3346 ingressus,

152 3355 294 3417 legesque
309 3355 503 3404 Romanorum
518 3357 636 3418 integra
652 3356 860 3406 emendatione
875 3351 987 3404 edidit'
1004 3355 1107 3417 itemque

152 3440 165 3472 a
180 3423 307 3473 Claudiano
323 3426 347 3473 iu
361 3425 437 3475 liutin.
453 3439 473 3483 1,
487 3438 521 3479 te.
537 3427 667 3488 significari
680 3427 785 3476 videtur:
802 3423 906 3474 ‘lustitia
918 3425 1021 3486 insultat,
1031 3425 1107 3473 vitiis·

151 3509 197 3558 que
217 3511 229 3544 a
248 3497 322 3558 stirpe
343 3496 441 3553 recisis,
463 3497 555 3544 Elicit
576 3511 741 3559 oppressas
767 3497 928 3545 tenebroso
950 3503 968 3544 e'
984 3509 1107 3544 carcere

152 3563 258 3629 leges’,
274 3566 303 3614 ad
318 3565 454 3615 Vaticanum
469 3581 528 3629 epus
542 3567 661 3628 pertinere
676 3567 742 3617 credi
756 3567 840 3630 possit.
