2542 3909
196 186 255 250 786
397 207 495 243 ranna.
514 207 567 244 rvr.
586 209 647 244 acar.
666 208 754 244 varro.
774 196 940 248 θῶν-259,

170 379 173 386 .
195 344 249 396 tur.
279 336 344 393 Cum
357 344 446 392 autem
461 335 580 393 creditor
598 341 742 409 pecuniae
755 341 797 394 ita
812 343 891 394 recte
910 339 1047 409 perficiat
1061 339 1168 394 dona-

195 424 304 489 tionem,
316 421 338 474 st
351 419 458 476 debitor
468 421 619 493 pecuniam,
632 420 829 494 quamdelepat
838 423 897 491 ilie,
911 421 983 478 Titio
990 425 1167 497 promittat,

195 521 234 559 an
249 509 277 559 et
295 517 351 574 per
368 492 673 560 titis'contestatione¹
696 505 794 561 tactam
815 505 989 561 occationem
1007 507 1082 561 idem
1103 508 1167 577 fiet

194 590 224 643 in
242 588 389 658 praediis,
412 590 439 643 si
451 601 547 644 eoram
561 589 688 660 legatam
707 592 793 663 quari
807 604 866 660 per
879 587 1019 660 quandam
1039 587 1164 662 stipula·

195 671 295 726 tionem
312 672 385 728 uenit
399 673 429 727 in
442 672 534 738 litem,
558 689 645 744 qaam
658 673 797 745 teyatan'i
808 676 921 729 nomine
938 672 1029 728 Titias
1041 673 1163 728 inchoa-

195 753 252 810 niti
288 752 437 830 Respondi,
457 756 645 826 praediorum
660 772 718 812 non
737 763 795 810 tam
810 764 942 827 coeptam
960 757 1161 826 donationem,

193 839 318 895 nondam
337 840 519 910 possessione
539 837 651 908 tradita,
674 854 753 911 quam
774 840 880 894 inritam
896 854 976 903 esse,-
998 856 1056 896 non
1078 843 1162 897 enim

194 924 236 978 sic
248 926 390 993 pecnnia,
410 926 485 979 utin
500 917 551 991 ea,
570 939 657 995 qaam
672 926 737 995 qais
750 924 910 996 detepando
924 925 1054 995 donauit,
1076 924 1106 979 in
1120 924 1161 979 iis

193 1005 311 1078 praediis
327 1005 387 1062 tuit.

256 1085 339 1147 25³⁸.
372 1083 478 1149 'Item.²
521 1089 698 1148 Donationcs
711 1094 741 1146 in
755 1091 944 1147 concubinam
961 1093 1079 1148 collatas
1095 1107 1157 1147 non

193 1189 274 1248 posse
289 1173 427 1242 reuocari,
450 1177 592 1242 conuenit,
614 1188 670 1230 nec
684 1178 710 1230 si
723 1177 932 1230 matrimonium
946 1177 1025 1230 inter
1039 1177 1157 1232 eosdem

192 1263 292 1330 postea
302 1256 396 1328 fuerit
406 1264 595 1326 contractam,
611 1257 644 1312 ad
657 1258 762 1313 irritum
775 1256 905 1326 recidere,
920 1260 997 1330 qnod
1007 1265 1073 1314 ante
1085 1262 1156 1315 iare

193 1342 291 1398 naluit.
328 1357 367 1396 an
389 1347 483 1396 antem
505 1343 647 1396 maritatis
668 1341 760 1397 donor
775 1348 803 1396 et
824 1341 930 1398 atieetio
952 1341 1055 1414 pridem
1069 1358 1152 1415 prae·

193 1426 315 1495 cesserit,
330 1421 404 1481 ’eam
420 1425 536 1480 tabulae
551 1425 624 1481 dotis
638 1419 907 1496 eonsiqnarentnr,3
925 1429 1060 1495 personis
1074 1442 1153 1482 com·
1164 1432 1225 1479 [⁶92]

188 1509 312 1580 paratis,
332 1509 404 1563 uitae
418 1507 609 1563 coniunctione
625 1509 809 1564 considerata
823 1510 1060 1580 perpendendam
1073 1523 1153 1581 ease,

193 1592 339 1662 respondi,

256 1669 325 1732 254.
357 1667 456 1730 ⁴Item.
495 1673 614 1745 Species
634 1680 722 1731 extra
742 1676 834 1730 dotem
849 1693 868 1730 a
883 1681 978 1732 matre
996 1677 1077 1746 filiae
1096 1693 1151 1732 aa·

192 1761 266 1816 mine
281 1761 346 1815 niro
361 1757 471 1813 traditas
488 1755 573 1828 tiliae,
596 1774 666 1830 quae
677 1772 823 1829 praesens
833 1758 907 1830 fait,
930 1760 1053 1816 donatas
1068 1766 1097 1816 et
1110 1762 1151 1816 ab

193 1859 229 1899 ea
243 1847 307 1900 nire
322 1843 446 1898 traditas
460 1843 563 1911 uideri,
586 1841 728 1915 respondi3
753 1858 803 1900 nec
816 1850 930 1898 matrem
944 1845 1086 1915 offensam
1100 1859 1149 1899 re·

140 1925 142 1928 ’
191 1930 353 1998 petitionem
367 1926 484 1996 trabere,
501 1927 548 1985 aet
560 1941 612 1982 eas
626 1931 704 1982 reete
720 1925 863 1993 uindicare,
879 1925 952 1998 quod
966 1926 1009 1982 uir
1019 1926 1148 1997 eruisset,

193 2018 280 2069 entra
295 2012 387 2068 dotem
402 2011 500 2067 usibus
515 2011 635 2081 paellae
656 2010 711 2065 sibi
730 2010 869 2074 traditam·
890 2026 952 2066 cum
966 2026 998 2066 ea
1012 2007 1148 2083 signifiar-

191 2097 266 2151 tione
281 2110 336 2150 non
350 2097 450 2152 modus
464 2095 626 2151 donationis
639 2093 815 2162 declaretur,
831 2109 886 2149 nec
898 2094 934 2148 ab
946 2109 1001 2150 usn
1014 2096 1149 2166 proprie-

192 2187 233 2235 tas
248 2185 397 2251 separetur,
414 2177 461 2234 sed
476 2176 612 2250 peculium
626 2194 645 2232 a
660 2178 724 2234 dote
735 2179 854 2249 paellae
868 2179 1072 2251 distinguatur.

254 2257 321 2320 255.
343 2256 436 2319 ⁵Item.
465 2261 565 2331 Pater,
580 2263 631 2333 qni
643 2262 729 2331 filiae,
746 2278 832 2334 qaam
841 2261 942 2318 debuit
951 2265 981 2317 r'n
993 2267 1146 2332 potestate,

191 2349 332 2417 mancipn'a
347 2345 469 2413 donauit,
484 2351 512 2400 st
526 2344 660 2416 peculium
676 2347 874 2414 emancipatae
889 2362 947 2402 non
961 2347 1075 2416 ademit,
1089 2344 1145 2402 ’aei

191 2430 297 2485 herede
319 2443 354 2483 ee
377 2432 438 2484 sine
460 2428 596 2499 beneficio
618 2429 846 2501 emancipationis
873 2432 982 2500 scripta
1003 2421 1146 2499 decessit,⁶

191 2527 231 2568 ea·
243 2518 309 2582 post
321 2510 404 2581 facto
419 2513 599 2567 donationem
612 2510 766 2567 uidebatur
777 2511 944 2582 perfecisse.

254 2590 321 2653 256.
349 2586 442 2649 ⁷1tem.
479 2591 551 2649 Iure
564 2591 649 2664 filias.
669 2595 878 2663 possessionem
893 2594 1065 2649 donatorum
1079 2595 1144 2648 reti-

265 2767 284 2836 ¹)
298 2771 462 2833 simulatione
476 2770 533 2819 edd.
553 2769 646 2819 Helice.
663 2768 776 2821 Momms.
850 2763 995 2832 ¹)Addtdt.
1023 2766 1143 2832 Sequitur

191 2840 223 2890 la
238 2853 263 2892 ct
275 2856 318 2910 pr.
338 2841 371 2892 D.
386 2840 491 2890 dedan.
506 2839 550 2902 (aa,
565 2839 596 2904 a).
623 2839 662 2901 Cf.
677 2839 708 2888 L.
723 2852 743 2892 a.
763 2840 787 2900 ξ.
802 2850 823 2892 1.
843 2838 876 2888 L.
891 2848 971 2901 capr.
993 2837 1025 2886 D.
1041 2839 1141 2888 dedan,

192 2913 237 2961 int.
253 2914 301 2962 vir.
317 2909 362 2977 (24,
376 2909 407 2976 1).
473 2907 493 2975 ⁸)
507 2910 581 2959 Haec
592 2910 705 2972 periisse
719 2910 848 2972 ridentur,
863 2911 924 2972 qaia
938 2909 965 2957 in
980 2908 1041 2973 Dip.
1056 2909 1083 2956 in
1093 2910 1142 2971 fine

191 2982 314 3032 additur:
329 2979 420 3045 ‘neque
434 2983 500 3029 enim
514 2980 615 3029 tabutas
626 2980 718 3043 facere
733 2975 941 3030 matrimonimm'.
967 2977 1006 3040 Of.
1021 2978 1054 3029 L.
1065 2990 1091 3029 ee
1100 2994 1140 3042 pr.

191 3052 223 3103 D.
239 3053 271 3100 de
285 3053 344 3102 don.
360 3054 406 3103 int.
421 3053 469 3100 air.
485 3050 531 3114 (at,
546 3049 577 3114 ι).
644 3047 665 3114 ⁴)
683 3049 728 3098 Est
741 3049 773 3099 L.
788 3060 822 3099 at.
837 3051 859 3110 5.
875 3061 895 3098 1.
915 3049 947 3099 Ι).
962 3048 1032 3110 eod,
1050 3049 1096 3097 sed
1108 3048 1142 3097 idi

187 3125 301 3186 plenior.
367 3119 388 3187 ὅ)
402 3120 450 3170 Est
464 3121 495 3172 L.
511 3133 544 3171 at.
561 3122 584 3180 §-
599 3130 620 3169 t.
635 3119 667 3170 D.
683 3120 738 3169 eod.
804 3115 954 3184 ⁶)Iiestitni
968 3125 992 3167 et
1006 3119 1140 3167 emendari.

191 3191 239 3241 uita
254 3191 316 3255 (pro
326 3190 435 3256 scripta)
451 3190 509 3239 Vat.
520 3191 577 3242 edd.
601 3188 747 3238 Secundam
762 3189 790 3237 V
791 3187 811 3236 ὖ.
827 3191 854 3237 in
869 3188 900 3237 V.
915 3203 970 3238 esse
980 3195 1044 3251 pato
1058 3189 1141 3238 donis·

191 3265 243 3311 firta
258 3260 325 3326 (curn
339 3267 470 3323 oporteret
490 3261 564 3308 -ionis
579 3257 661 3323 serta).
690 3259 728 3307 Dc
746 3275 776 3307 rc
796 3259 832 3321 cf.
846 3260 869 3320 ξ.
884 3270 932 3310 294.
960 3257 993 3307 In
1008 3259 1068 3324 atq.
1082 3259 1141 3307 daec

191 3333 285 3381 omissa
305 3339 365 3380 snat
384 3338 492 3392 propter
512 3329 543 3379 L.
563 3339 597 3379 25.
625 3328 652 3379 Ο.
671 3329 702 3378 de
723 3330 783 3378 don.
804 3331 850 3380 int.
872 3330 920 3377 cir.
944 3327 976 3393 (ὁ,
995 3330 1038 3393 lo).
1074 3328 1143 3388 Quod

192 3401 306 3450 Momms.
322 3402 449 3462 supplevit
465 3397 500 3448 ‘si
513 3399 606 3447 deinde
620 3413 652 3447 ea
661 3406 723 3460 post
736 3400 802 3448 diem
816 3399 1017 3461 emancipationis
1036 3399 1085 3447 uita
1102 3399 1140 3447 de·

191 3467 275 3519 cessit’
293 3470 328 3518 ad
341 3484 394 3517 rem
414 3483 464 3518 non
481 3471 602 3532 pertinet.
677 3465 697 3532 7)
714 3467 836 3526 destitui,
852 3475 880 3517 nt
894 3467 1040 3530 probabitis
1057 3483 1141 3518 sensns

193 3545 341 3601 appareret.
370 3537 409 3600 Cf.
424 3537 456 3589 L.
472 3548 505 3588 65.
520 3539 543 3599 §-
560 3550 579 3588 1.
594 3538 626 3588 Β.
642 3538 674 3585 de
687 3539 728 3587 rei
741 3539 811 3588 vind.
826 3537 858 3604 (c,
868 3536 899 3603 1).
915 3538 947 3588 L.
961 3549 982 3589 a.
1002 3538 1034 3586 D.
1049 3539 1081 3588 de
1093 3538 1139 3588 dat.
