2542 3909
387 1277 601 1351 DOMITII
629 1277 873 1367 VLPIANI,

145 1470 188 1511 vr
207 1468 360 1525 vtinam,
382 1471 422 1511 rtx
443 1469 536 1512 meno
561 1470 603 1510 AD
624 1470 783 1515 Emot'vtt·
797 1496 804 1511 ·
818 1448 844 1513 .¹
872 1474 915 1514 nn*
936 1473 1068 1517 tvmons
1090 1476 1114 1517 11

263 1569 345 1619 QVAE
360 1571 454 1613 nomo
471 1571 640 1615 SINGVLARI
655 1572 863 1616 naaohntrtrtsl
877 1574 997 1618 MV'l'ILO

506 1674 648 1717 stravam
669 1676 759 1719 SVNT.

215 1800 257 1854 De
287 1816 343 1868 quo
372 1788 419 1855 atti
449 1802 511 1871 (Th.
541 1802 716 1870 Mommseni)
744 1807 963 1859 Manatebertelte
993 1811 1019 1858 d.
1044 1810 1116 1862 tran.

148 1872 234 1928 Alead.
253 1874 278 1927 al,
301 1874 457 1929 Wieeenealt.
475 1890 505 1923 za
524 1873 614 1923 Berlin
634 1875 699 1924 1879
717 1888 745 1939 p.
763 1877 811 1924 501
830 1887 887 1940 seq.
913 1872 995 1925 etde
1018 1874 1117 1926 nostra

146 1937 249 1991 harum
266 1936 433 1992 lucinianum
450 1936 627 1991 restitutione
646 1937 750 1991 librum
768 1954 863 1992 meum
886 1944 927 1993 die
941 1944 1039 2007 janqet
1058 1945 1116 2007 auf-

146 2008 251 2075 9efnnd.
271 2009 446 2059 Bnuelntiielle
464 2024 511 2060 ane
529 2008 602 2058 Seltr.
621 2009 691 2059 Ba'm.
703 2009 818 2059 luristen
832 2011 897 2061 1880
914 2023 941 2074 p.
956 2012 1053 2062 1-26.
1073 2013 1115 2063 54.

507 2215 561 2277 Pag.
576 2216 665 2279 prieris
680 2216 726 2265 cal.
742 2216 760 2265 l.

214 2325 229 2384 1
232 2365 342 2384 .....
358 2317 527 2397 eamlpetiit²
546 2331 608 2380 ante
630 2340 694 2380 eam
712 2327 803 2397 leyen
821 2327 910 2381 latam
929 2324 1117 2397 restituendo,

150 2411 247 2468 deinde
263 2408 456 2467 exabundanti
471 2410 610 2484 praecepit
625 2408 805 2483 praetoribus,
822 2417 853 2465 ut
867 2411 901 2466 ele
916 2412 1002 2468 bonis
1018 2426 1118 2467 earam

150 2498 258 2553 iudicia
273 2494 421 2552 redderent
436 2538 443 2551 .
461 2533 467 2547 .
485 2534 493 2550 .
510 2533 516 2548 .

481 2659 536 2722 Pag.
551 2659 694 2723 posterioris
709 2660 755 2709 eal,
771 2661 788 2710 t.

216 2768 245 2829 2.
270 2813 277 2828 .
296 2815 302 2828 .
320 2812 326 2827 .
343 2770 389 2825 riti
405 2809 411 2824 .
430 2811 437 2826 .
455 2751 590 2842 .ser1ui,³
611 2775 641 2825 ut
659 2771 745 2842 fictae
765 2774 845 2827 eines
865 2771 1008 2828 Romanas
1031 2772 1119 2844 qaed-

153 2872 273 2929 eamqne
288 2871 320 2913 ex
336 2856 398 2911 iure
414 2853 566 2923 Quiritium
580 2861 706 2911 nostrum
719 2870 782 2911 erse
794 2857 1017 2930 intellegeretur,
1034 2859 1119 2911 etiam

152 2944 236 3014 fictas
246 2938 356 2996 Latinos
369 2945 400 2996 ut
407 2941 552 3012 peculiare
563 2946 638 2995 reate
650 2954 689 2996 ex
697 2938 914 3006 iareQuiritium
926 2942 1034 3014 petiere
1046 2980 1054 2995 .
1066 2979 1073 2992 .
1091 2982 1097 2995 .
1111 2980 1118 2995 .

227 3142 247 3211 1)
265 3142 362 3205 Quotus
376 3144 419 3193 ltt'e
433 3144 469 3193 ad
482 3142 593 3192 edietum
608 3141 675 3191 liber
686 3143 778 3204 fuerit,
793 3142 838 3206 qai
846 3149 906 3191 erat
914 3144 947 3193 de
957 3144 1066 3193 indietis
1080 3140 1119 3199 II,

153 3231 185 3265 ne
199 3230 268 3265 nane
282 3216 384 3280 quidem
402 3215 512 3277 definire
526 3214 617 3263 audeo.
693 3208 715 3277 ¹)
731 3212 911 3264 Praeeeeeiese
927 3215 986 3278 sere
1002 3214 1067 3264 haee
1081 3214 1119 3261 ai·

153 3286 260 3336 dentur:
279 3283 360 3350 ‘quad
373 3301 434 3336 aera
449 3286 485 3335 ad
494 3286 570 3347 fictae
585 3284 696 3334 Latinae
709 3285 809 3343 attinet,
827 3301 884 3335 eam
894 3285 998 3349 faceret
1013 3286 1058 3352 (ee.
1075 3287 1120 3333 lex

153 3356 231 3406 Aetia
244 3355 345 3422 Sentia)
364 3363 393 3406 nt
411 3358 431 3406 ii
450 3363 571 3420 tanquam
588 3356 659 3405 servi
678 3355 845 3418 decederent,
858 3358 982 3421 patrante
995 3358 1063 3407 idem
1078 3358 1121 3404 ine

153 3425 232 3494 qaad’
258 3435 305 3478 ete.
331 3427 365 3491 ef.
388 3426 445 3477 Gai.
466 3438 490 3489 ³,
510 3436 543 3478 te.
619 3422 641 3492 ³)
661 3425 734 3477 Haec
753 3426 856 3476 videtur
873 3430 1002 3479 sententia
1021 3429 1120 3492 suinae:

156 3498 215 3551 ‘leae
229 3514 264 3549 en
278 3500 343 3564 lenia
353 3505 508 3562 praecepta,
528 3498 598 3561 quad
610 3498 727 3547 actiones
740 3499 844 3557 attinet,
860 3500 952 3564 quibas
966 3507 1042 3550 actor
1057 3497 1123 3563 quid

154 3588 226 3621 raam
240 3586 294 3621 esee
309 3585 344 3620 ex
358 3571 416 3619 iare
434 3567 567 3629 Quiritium
581 3567 706 3627 intendit,
719 3570 789 3632 aequi
803 3567 863 3619 etc.'
