2542 3909
259 240 318 274 mos.
338 242 371 275 nr
390 238 451 276 nom.
470 240 560 277 nuuvm
578 239 685 276 coum.
703 222 752 275 XI.
771 222 892 276 e-xti.
913 228 935 276 1.
956 229 980 278 2.
1035 224 1097 289 683

140 368 170 427 5.
194 368 295 425 Eodem
323 371 457 443 rescripto
486 370 542 428 diui
565 370 690 428 Hadriani
718 371 923 445 diligentissime
945 386 1101 446 expressum

141 461 194 526 est,
210 470 267 509 non
282 453 383 527 ubique
398 470 489 528 parem
505 472 565 513 esse
578 472 692 531 poenam
707 455 874 530 abigeorum.
929 478 938 490 ’

207 536 273 612 llap.
296 538 361 595 vtit.
404 536 487 595 ltem
515 538 681 616 Ulpianus
709 540 801 595 libro
829 548 862 596 et
889 540 1012 613 titulo,
1045 542 1102 615 qui

142 615 280 695 supra.¹'
317 619 342 679 1.
365 621 461 696 Abigei
480 632 569 682 autem
591 627 701 699 proprie
722 624 750 680 hi
771 623 919 696 habentur,
943 627 988 698 qui
1004 640 1101 700 pecora

146 722 180 762 er
201 713 282 779 pastu
304 701 363 763 ucl²
386 723 418 762 ex
441 712 568 765 armentis
590 709 766 779 subtrahunt,
791 715 819 764 et
841 707 1042 781 quodammodo
1058 710 1104 765 de·

121 830 125 837 .
141 790 321 863 praedantur,
337 798 365 846 et
380 790 506 867 abigendi
520 792 639 850 studium
656 794 733 867 quasi
749 801 833 849 artem
848 801 985 864 exercent,
1007 792 1103 866 ’equos

141 873 176 930 de
198 866 352 948 gregibus³
374 875 419 931 uel
446 875 531 934 boues
549 878 582 933 de
604 879 733 934 armentis
759 875 932 934 abducentes.
975 872 1104 933 Ceterum

143 959 167 1013 si
182 959 241 1031 quis
253 958 352 1015 bouem
364 958 543 1033 aberrantem,
558 961 602 1017 uel
618 960 726 1035 'equum
736 962 764 1016 in
774 960 922 1016 solitudine
937 954 1116 1033 (reticiomll.

146 1040 304 1115 abduxerit,
329 1051 442 1100 nonest
462 1045 589 1119 abigeus,
612 1045 659 1101 sed
682 1044 727 1100 iur
747 1045 849 1118 potius.
894 1041 921 1101 2.
945 1042 1041 1100 Sedet
1057 1046 1104 1118 qui

143 1141 270 1199 porcum,
287 1126 332 1183 uel
346 1143 463 1202 capram,
478 1129 523 1185 uel
537 1122 706 1185 'ueruecem⁶
728 1128 878 1196 abducunt,
901 1136 1027 1185 nontam
1043 1144 1104 1202 gra-

142 1210 227 1281 uiter,
250 1218 281 1265 ut
295 1211 334 1281 hi,
357 1212 403 1283 qui
419 1214 518 1270 maiora
540 1212 662 1269 animalia
674 1212 797 1286 abigunt,
819 1210 903 1285 plecti
923 1207 1032 1268 debent.
1075 1208 1104 1269 3.
1170 1233 1176 1242 ·

143 1292 311 1367 Quamquam
333 1303 423 1351 autem
439 1295 586 1352 Hadrianus
609 1295 711 1353 metalli
732 1310 864 1369 poenam,
887 1293 965 1352 ’item
986 1294 1105 1367 (tempo-

144 1371 229 1448 rarii)
254 1370 371 1449 operis,⁶
399 1379 443 1435 uel
470 1381 549 1437 etiam
579 1380 661 1455 gladii
688 1380 889 1454 praestituerit‚
918 1387 1036 1437 attamen
1058 1382 1104 1455 qui

59 1463 131 1514 [587]
145 1461 299 1518 honestiori
314 1460 376 1518 loco
392 1466 448 1520 nati
462 1474 543 1537 sunt,
564 1481 619 1521 non
640 1464 738 1522 debent
754 1464 787 1521 atl
802 1464 872 1520 banc
886 1479 1000 1537 poenam
1020 1466 1104 1537 perti-

143 1561 225 1609 nere;
249 1544 297 1601 sed
313 1555 359 1602 aut
373 1548 512 1623 relegandi
528 1558 617 1621 erunt,
633 1560 680 1606 aut
694 1547 853 1606 remouendi
868 1548 971 1605 ordine.
1006 1546 1036 1610 4.
1051 1548 1105 1605 llo·

143 1645 203 1687 mae
219 1638 310 1686 tamen
325 1632 407 1689 etiam
422 1631 516 1693 bestiis
533 1632 612 1691 obiici
635 1634 746 1709 abigeos
769 1632 907 1690 uidemus:
929 1641 958 1689 et
978 1650 1043 1691 sane
1058 1635 1105 1709 qui

141 1729 203 1773 cnm
220 1713 316 1785 gladio
332 1713 454 1791 abigunt,
470 1733 526 1774 non
540 1719 632 1791 inique
648 1719 698 1775 hac
711 1733 800 1792 poena
814 1716 983 1775 adliciuntur.

487 1815 590 1880 Explicit
604 1816 633 1866 de
649 1816 749 1879 abigeis.
807 1829 812 1839 ·

572 2025 670 2063 litoteta

388 2113 475 2196 (mr.)
489 2136 545 2181 x11.
575 2137 618 2179 ou
634 2135 859 2181 monunmams.

212 2250 279 2325 Kap.
301 2250 322 2307 l.
365 2248 500 2324 Moyses
522 2241 645 2306 dicit:⁷
680 2246 705 2306 l.
728 2248 756 2305 Si
771 2250 867 2305 exierit
882 2251 964 2324 ignis,
987 2259 1015 2307 et
1029 2249 1105 2310 inue-

143 2336 217 2393 nerit
232 2336 336 2409 spinas,
353 2342 381 2391 et
396 2333 633 2408 comprehenderit
652 2326 772 2389 'aristas⁸
793 2332 838 2390 uel
853 2335 951 2408 spicis,
973 2334 1018 2393 uel
1034 2350 1104 2394 oam-

141 2436 219 2495 pum,
238 2420 452 2476 aestimationem
468 2420 594 2476 restituet
609 2416 668 2488 ille,
692 2419 738 2491 qui
754 2418 894 2475 succendit
908 2420 1008 2493 ignem.
1066 2442 1084 2477 .·

208 2502 276 2578 Kap.
292 2502 325 2561 tl.
354 2502 478 2559 Paulus
500 2500 590 2558 libro
614 2501 869 2559 sententiarum
886 2498 1028 2579 (quinto)
1045 2496 1106 2562 sub

142 2586 258 2643 titulo
280 2585 320 2643 de
341 2580 598 2643 incendiariis.⁹
642 2585 667 2645 1.
690 2580 771 2653 ¹⁰Qut
786 2602 873 2643 casam
890 2597 937 2644 aut
952 2588 1043 2646 uillam
1057 2592 1106 2647 ini·

143 2672 306 2728 micitiarum
330 2672 416 2745 gratia
439 2670 632 2742 incenderunt,
654 2670 813 2728 humiliores
834 2672 862 2727 in
884 2673 1037 2746 metallum,
1060 2683 1107 2731 aut

142 2756 172 2811 in
196 2771 264 2830 opus
294 2754 431 2830 publicum
454 2754 627 2813 damnantur:
656 2755 828 2814 honestiores
848 2757 1012 2833 ininsulam
1037 2759 1106 2816 rele-

141 2890 355 2901 —-———-—.

144 2959 168 3009 I.
187 2958 304 3024 Gothosr.
324 2962 360 3012 od
378 2960 410 3009 L.
425 2976 468 3013 un.
492 2961 535 3011 qb.
557 2962 583 3012 G.
602 2962 639 3012 od
656 2964 704 3027 leg.
721 2961 782 3010 Fnb.
801 2959 837 3025 (e,
856 2958 900 3025 ιε).
976 2958 997 3026 ¹)
1010 2961 1107 3011 Exotm

143 3030 177 3081 L.
194 3044 213 3081 1.
235 3032 274 3093 §5-
290 3044 359 3084 1-t.
379 3030 412 3080 D.
427 3032 459 3081 de
473 3032 541 3097 alep.
557 3031 601 3095 (tt,
618 3030 654 3097 14)
668 3031 818 3096 quibusdum
831 3032 940 3080 omissis.
1000 3027 1061 3096 ²)et
1074 3031 1105 3081 B.
1123 3098 1126 3101 ἢ

148 3100 191 3151 Vi.
212 3102 270 3151 edd.
290 3103 328 3152 nel
347 3099 406 3167 Dig.
482 3099 502 3168 ⁸)
522 3102 567 3151 Em
587 3103 647 3167 nep.
667 3116 693 3150 cs
712 3116 771 3165 quas
791 3101 876 3162 degere
903 3100 965 3150 cdd.
985 3115 1057 3164 equas
1077 3102 1105 3150 de

143 3186 215 3234 grege
231 3173 271 3223 ed.
286 3173 328 3222 Bl.
394 3170 416 3238 ⁴)
432 3186 517 3237 equum
532 3175 556 3222 in
571 3173 723 3221 solitudinem
739 3172 801 3220 odd.
817 3172 856 3219 ed.
871 3169 912 3219 Bl.
937 3186 1011 3235 equos
1025 3172 1049 3220 in
1064 3185 1106 3221 so·

142 3243 241 3292 litudlne
262 3244 360 3293 relictos
381 3244 441 3309 Dig.
508 3241 529 3308 β)
544 3244 603 3309 Dip.
622 3243 746 3293 berbicem
767 3242 829 3291 cdd.
848 3241 887 3290 ed.
906 3239 948 3289 Bi.
1013 3237 1035 3307 ⁶)
1048 3243 1106 3291 item
1194 3280 1198 3286 .

142 3314 256 3377 operibus
274 3315 336 3364 Odd.
353 3315 412 3363 item
427 3314 507 3378 operis
522 3314 582 3379 Dig.
598 3314 656 3363 edd.
683 3311 738 3362 Sed
750 3313 802 3362 oid.
818 3314 900 3375 e‘psm
914 3310 1052 3362 Hadriani
1063 3329 1105 3363 re·

141 3386 267 3448 scriptum
281 3399 353 3449 supr.
369 3396 390 3444 t,
404 3397 424 3437 1.
754 3401 758 3409 “

215 3452 338 3521 weced.
354 3466 424 3513 tao.
490 3450 613 3521 ⁸)hareas
633 3456 674 3504 Vi.
702 3469 770 3504 ereas
784 3452 816 3502 B.
836 3453 881 3502 Vc.
897 3452 954 3501 edd.
1020 3450 1106 3519 ⁹)Est

142 3525 218 3575 Paul.
234 3525 261 3576 S.
278 3525 308 3575 R.
324 3527 447 3588 5,20.§§.
463 3537 519 3577 bt.
536 3540 570 3575 em
582 3525 607 3575 G.
624 3526 683 3575 Ver.
738 3522 772 3591 ιο)
788 3524 826 3587 Of.
841 3522 873 3573 L.
888 3533 922 3575 28.
939 3524 961 3585 5.
971 3533 1006 3575 ti.
1026 3524 1058 3574 D.
1072 3524 1105 3576 de

136 3612 214 3661 poen.
230 3595 274 3663 (48,
289 3596 333 3663 19).
