2542 3909
172 243 238 306 460
456 260 523 297 Iron
535 258 631 296 earm
645 259 717 296 saur.
737 241 757 295 Ι.
772 247 796 296 ὅ.
812 247 850 296 6⁸.

173 391 339 462 interuenit,
362 391 467 446 actione
490 390 663 462 negotiorum
686 395 824 463 gestorum
847 395 874 444 et
896 389 961 462 ipsis
983 395 1126 457 eteorum

173 474 311 532 tutoribus
334 472 480 533 tenebitur.
516 470 544 530 ὁ.
570 467 785 530 ¹ttnusramtnas
808 481 855 528 aut
876 487 973 528 seruus
995 473 1018 528 si
1040 489 1125 545 nego·

173 561 240 615 tium
256 558 368 614 alieuius
384 565 471 631 gerat,
487 559 514 613 iu
530 565 633 632 patrem
649 557 821 612 dominamus
836 556 943 629 peoullo
960 562 1040 612 tenus
1055 557 1125 612 aetio

173 642 289 698 dalrltur.
338 636 382 697 6.·
396 639 423 695 Si
451 646 529 714 pater
555 639 600 696 uel
628 640 752 696 dominus
781 655 863 695 seruo
891 639 935 695 uel
957 637 1127 696 filiofamilias
1172 697 1177 708 ,

173 726 283 800 negotia
305 725 390 780 aliena
411 718 560 797 'perenda²
586 724 766 792 commiserit,
794 722 959 779 insolidum
983 722 1126 780 tenebitur.

172 806 200 866 7.
223 801 320 865 ³Pater
342 809 366 864 si
387 809 546 881 emancipati
569 805 615 864 lilii
629 823 674 863 res
689 808 748 862 sine
764 806 817 862 ulla
830 808 987 880 exceptione
1003 823 1017 862 a
1031 822 1061 861 se
1076 806 1125 862 do·

173 900 251 948 natas
266 892 501 954 admiuistrauerit.
517 889 572 948 lilio
589 892 694 948 actione
709 892 881 963 negotiorum
894 895 1035 964 gestorum
1051 898 1126 947 tene-

173 976 255 1032 bitur.
297 973 328 1033 8.
352 973 419 1046 Qui,
440 991 501 1030 oum
523 982 598 1031 tutor
618 983 763 1030 curatorue
783 991 838 1030 non
853 983 941 1045 esset,
962 991 1013 1049 pro
1034 980 1127 1030 tutore

176 1069 335 1116 curatoreue
350 1074 394 1113 res
410 1058 506 1132 pupilli
521 1058 641 1114 adultlue
656 1057 862 1131 administrauit,
881 1059 987 1114 actione
1001 1059 1128 1132 negotio·

172 1160 232 1200 rum
247 1152 390 1217 gestorum
403 1158 453 1214 pro
470 1149 561 1198 tutore
576 1133 757 1198 curatoreue⁴¹
773 1140 917 1201 tenebitur.

314 1220 361 1301 [L.
377 1223 417 1282 tt
430 1243 479 1298 pr.
496 1226 523 1297 S.
542 1225 570 1286 1.
593 1224 686 1282 Dede
701 1239 765 1299 nep.
780 1232 850 1299 pest.
866 1221 906 1298 (3,
922 1220 977 1301 5)]

401 1395 463 1437 TIT.
479 1394 509 1439 V.
537 1394 580 1436 DE
595 1392 895 1436 csnvmntsnontnvs.

238 1484 283 1547 ⁶1.
307 1487 492 1543 calumniosus
507 1495 558 1558 est,
581 1490 626 1560 qui
642 1489 728 1543 sciens
744 1489 919 1562 prudensque
940 1505 989 1563 per
1004 1489 1125 1546 fraudem

173 1575 314 1648 negotium
335 1571 413 1626 alicui
435 1579 582 1645 comparat.
619 1569 649 1629 2.
673 1570 704 1627 Et
725 1573 753 1628 in
778 1573 889 1645 priuatis
912 1579 940 1629 et
961 1575 990 1628 in
1011 1572 1125 1646 publicis

172 1656 277 1714 iudiciis
293 1671 386 1710 omues
403 1653 560 1710 calumniosi
575 1661 651 1710 extra
666 1654 787 1712 ordinem
807 1673 857 1728 pro
874 1656 1002 1730 qualitate
1017 1656 1126 1713 admissi

173 1741 339 1815 plectuntur.

437 1849 522 1913 lma.
537 1849 601 1917 v1¹.
628 1872 671 1913 os
686 1872 856 1916 svmmvm.

236 1957 259 2017 1.
284 1951 404 2014 ⁷Seruus
427 1973 442 2013 a
463 1956 619 2031 iugitiuario
643 1967 812 2031 comparatus
834 1959 905 2014 lutra
926 1959 1019 2016 decem
1041 1976 1126 2017 annos

174 2043 324 2101 manumitti
351 2034 474 2098 ’eontra8
496 2042 593 2116 prioris
621 2040 723 2096 domini
750 2042 918 2098 uoluntatem
946 2059 1000 2098 nou
1023 2050 1124 2117 potest.

173 2126 201 2186 2.
224 2122 343 2182 ¹Contra
365 2126 504 2182 decretum
527 2124 683 2200 amplissimi
707 2125 810 2180 ordinis
840 2126 985 2200 fugitiuum
1011 2127 1040 2182 ia
1063 2126 1125 2202 iuga

173 2213 351 2268 coustitutum
371 2226 422 2266 neo
442 2225 531 2266 emere
552 2225 602 2264 nee
621 2208 739 2265 uendere
755 2212 914 2282 permissum
929 2219 988 2280 ast,
1005 2211 1202 2284 irrogantem]

174 2312 260 2369 poena
273 2296 302 2349 iu
318 2303 462 2366 utrumque
482 2294 670 2348 sestertiorum
692 2284 756 2347 ’12¹⁰
779 2293 890 2350 milium.
936 2286 998 2351 ¹¹³.
1020 2293 1127 2350 limen·

246 2459 267 2526 ¹)
283 2461 322 2524 Os.
337 2460 369 2510 L.
384 2471 417 2511 14.
432 2459 465 2514 D.
480 2459 504 2508 n.
519 2466 537 2508 t.
611 2455 634 2524 ¹¹)
649 2459 693 2510 Cd.
708 2472 741 2512 so.
760 2461 849 2523 agenda
863 2459 919 2527 (adi
932 2476 945 2511 a
959 2461 1079 2513 adhaesit
1091 2479 1126 2512 ex

174 2532 258 2594 aliena,
273 2537 426 2580 ornatarum
440 2528 507 2594 erat)
525 2530 621 2594 reliqui
639 2537 664 2579 ei
677 2532 735 2580 edd.
755 2532 831 2580 aliena
850 2532 940 2594 agenda
958 2534 1052 2595 negotia
1066 2534 1124 2584 edd.

174 2608 265 2651 eontra
279 2614 364 2650 omnes
375 2615 458 2663 paene
474 2599 536 2648 cad.
584 2596 604 2666 ¹)
618 2599 703 2650 Entat
715 2609 811 2652 mutata
825 2603 853 2651 in
867 2602 898 2652 L.
909 2613 943 2654 at.
959 2605 981 2666 ξ.
992 2614 1012 2652 a.
1028 2603 1060 2651 D.
1071 2604 1095 2653 lt.
1108 2610 1124 2653 t.

174 2670 195 2737 ¹)
209 2670 254 2720 Sia
268 2686 303 2720 ex
317 2670 532 2720 demonstratione
545 2672 672 2720 actionem
681 2671 807 2738 designat,
818 2688 882 2736 quae
892 2675 967 2738 eulpa
978 2677 1126 2736 protutelae

173 2743 278 2791 dicitur.
309 2739 347 2803 Cf.
362 2740 394 2789 L.
410 2753 429 2791 1.
445 2743 484 2802 §i-
500 2754 520 2791 1.
535 2752 556 2792 t.
571 2753 592 2794 4.
613 2741 645 2792 L.
662 2753 681 2791 4.
697 2753 716 2794 o,
731 2755 752 2794 4.
767 2753 787 2794 o.
807 2743 839 2790 D.
854 2743 886 2792 de
900 2757 943 2806 ea,
958 2745 1002 2808 qui
1011 2759 1064 2807 pra
1079 2751 1125 2794 tut.

174 2810 218 2877 (41,
233 2810 265 2875 5).
284 2810 316 2864 L.
331 2823 352 2862 4.
374 2811 399 2860 C.
415 2813 459 2875 qui
472 2811 530 2860 dar.
546 2818 595 2860 tut.
610 2810 642 2877 (5,
657 2811 702 2877 14).

246 2881 294 2931 iit.
314 2880 345 2930 V.
384 2876 404 2945 ὅ)
420 2883 459 2943 §5-
475 2893 494 2931 1.
509 2892 529 2934 a.
549 2889 641 2931 extant
657 2884 734 2931 eiiam
749 2884 775 2931 in
789 2883 900 2936 Censuit.
915 2895 935 2944 t,
946 2896 966 2935 s.
985 2891 1127 2947 praeterea

173 2954 200 3002 in
215 2952 247 3003 L.
262 2963 282 3004 1.
302 2951 334 3001 D.
350 2952 386 3001 ad
397 2950 446 3001 Sa.
464 2951 573 3016 Turpill.
588 2952 634 3016 (48,
648 2952 692 3017 16).

247 3020 379 3076 1114114.
417 3019 535 3086 ¹)Totae
552 3028 590 3072 eat
607 3038 643 3071 en
664 3022 689 3075 G.
709 3021 848 3074 Vesontino
867 3030 892 3073 et
909 3025 994 3075 aliena
1013 3027 1070 3076 loeo
1084 3025 1127 3075 lie

172 3101 279 3144 auctore
295 3093 400 3143 Ouiaaio
415 3094 535 3143 insertus.
563 3092 652 3156 Mapis
665 3094 731 3143 enim
746 3096 861 3156 pertinet
874 3095 910 3144 ad
922 3095 1036 3158 officium
1046 3111 1126 3159 prae·

169 3165 235 3228 fecti
249 3166 354 3229 oipitum
368 3165 407 3212 oei
421 3164 616 3226 mapistratuum
626 3165 827 3226 municipalium,
841 3165 932 3230 dequo
943 3166 1052 3216 Paullus
1066 3173 1126 3216 ante

172 3233 248 3286 aial.
269 3233 351 3297 Visip.
366 3239 462 3300 eperat.
489 3233 527 3296 Of.
543 3234 623 3284 inser.
639 3233 671 3282 L.
687 3246 706 3283 1.
726 3233 758 3285 D.
773 3235 805 3284 de
815 3236 894 3300 sapit.
910 3235 955 3301 (11,
964 3234 996 3301 4).
1049 3233 1126 3301 ¹)Cf.

122 3349 134 3371 ,
172 3305 204 3357 L.
220 3316 253 3355 14.
273 3304 305 3353 Ι).
321 3305 352 3352 de
366 3304 511 3354 manumiss.
527 3301 616 3368 (4ο,1).
635 3303 668 3352 L.
679 3314 699 3353 4.
719 3306 742 3365 ξ.
753 3315 773 3354 n.
789 3305 821 3355 D.
836 3306 872 3355 ad
885 3307 933 3371 lep.
950 3307 1010 3355 Fas.
1027 3305 1070 3370 (48,
1081 3305 1126 3372 to).

172 3375 203 3426 L.
220 3386 240 3426 a.
260 3374 286 3423 0.
303 3373 358 3422 eod.
370 3370 455 3436 (mo).
508 3368 528 3436 8)
545 3372 635 3422 Malim
649 3389 705 3423 aum
717 3374 839 3426 liittersl.
850 3376 919 3426 eitra.
971 3373 991 3441 ¹)
1009 3376 1046 3440 Os.
1062 3377 1094 3425 11.
1105 3387 1127 3429 4.

156 3444 240 3505 ,1⁶⁶-
259 3445 318 3504 §.a
338 3441 482 3504 Inadtep.
499 3440 683 3508 Fad.(4s,1o).
703 3443 771 3497 lnt.
788 3445 884 3496 Gaod.
939 3442 972 3512 ¹⁰)
988 3446 1096 3511 Corripe
1111 3463 1128 3496 ῑ.

173 3510 391 3576 (quinquapinta).
418 3511 456 3572 Cf.
469 3510 558 3561 Callai.
570 3524 603 3569 14,
614 3523 634 3563 t.
649 3514 672 3574 §-
682 3524 702 3566 4.
752 3512 785 3581 ¹¹)
799 3517 839 3578 §i-
850 3527 871 3568 4.
881 3527 903 3566 4.
922 3523 1015 3566 entant
1023 3518 1051 3565 in
1062 3516 1094 3568 L.
1104 3529 1126 3566 4.

172 3583 205 3630 Ι).
219 3583 340 3646 dessipit.
355 3578 400 3646 (11,
414 3579 446 3645 4).
