2542 3909
145 179 211 245 588
308 200 412 236 nomm
428 199 536 236 mim
552 197 651 234 mon.
670 178 742 234 XIV.
763 178 894 233 1.—xv1.
916 186 939 233 l.

145 331 346 401 manumissam,
368 336 396 384 et
409 330 438 384 in
453 328 585 385 adulterio
602 328 812 400 deprehensam,
834 334 862 381 et
875 324 975 382 iudicio
990 324 1104 398 publico
1117 332 1188 381 [492]

145 412 314 484 damnatam,
333 419 361 467 et
381 429 448 485 quae
470 422 555 468 artem
576 411 708 467 ludicram
727 411 835 467 lecerit:
857 408 939 465 adicit
953 409 1105 466 'Mauricia-

144 512 208 551 nnm
223 505 333 552 senatus
348 490 526 553 consultnm¹
541 512 556 550 a
570 503 666 550 senatu
681 495 839 550 damnatam.
854 511 871 549 a
885 510 935 550 *a

339 650 402 691 nt'r.
417 648 482 693 xlv.
506 648 549 689 DE
563 646 666 689 POENA
680 645 773 689 onais
788 646 906 689 tvnlnn.

207 730 232 794 1.
254 733 370 789 Feminis
386 733 430 790 lex
442 733 508 789 lulia
522 750 538 789 a
552 741 642 789 morte
664 734 715 788 uiri
729 733 791 787 anni
807 732 904 789 tribuit·
921 732 1105 803 uacationem,

145 834 160 873 a
186 816 306 873 dunrtio
332 834 379 873 sex
405 810 578 873 'mensomz²
605 816 649 872 lex
675 824 765 872 autem
786 815 867 889 Papia
893 832 908 871 a
933 824 1022 872 morto
1049 816 1106 872 uiri

144 899 255 973 biennii,
270 918 285 956 a
299 900 413 974 repudio
429 904 493 957 anni
506 910 536 958 et
548 916 597 957 sen
613 893 762 959 mensam.²
777 918 792 956 a
807 915 857 957 *s

448 1053 510 1094 ‘nln-
525 1055 576 1096 XV·
600 1052 643 1093 DE
658 1052 797 1096 nucinam.

208 1136 234 1197 L
255 1138 303 1195 Vir
322 1147 351 1194 et
370 1154 439 1194 nior
458 1140 529 1193 inter
548 1154 579 1193 se
598 1138 761 1193 matrimonii
781 1137 890 1193 nomine
910 1136 1039 1193 decimam
1058 1154 1104 1193 ea·

144 1238 210 1296 pere
225 1230 351 1296 possunt.
395 1220 468 1294 qnod
484 1223 507 1276 si
521 1237 555 1277 er
568 1220 621 1278 alio
636 1221 806 1277 matrimonio
823 1220 924 1277 liberos
939 1222 1105 1293 superstites
1147 1290 1148 1293 Ἴ

144 1305 274 1375 habeant,
296 1313 405 1379 praetor
419 1305 565 1375 decimam,
586 1320 665 1377 qnam
681 1304 843 1360 matrimonii
857 1304 966 1359 nomine
980 1306 1104 1377 capiunt,

143 1389 256 1445 totidem
279 1389 395 1444 decimas
417 1404 467 1459 pro
489 1404 602 1443 numero
625 1387 772 1443 liberorum
793 1390 938 1460 accipiunt.
981 1383 1010 1443 2.
1033 1388 1104 1444 ltem

144 1473 293 1528 communis
315 1470 389 1526 lilius
410 1470 499 1526 filiaue
522 1482 585 1543 post
607 1473 746 1527 nominum
768 1465 860 1526 diem³
884 1472 999 1527 amissus
1021 1474 1104 1527 amis-

144 1571 209 1612 saue
231 1570 312 1609 unam
333 1554 464 1611 decimam
486 1554 580 1617 adicit:
602 1554 657 1611 duo
678 1564 768 1611 autem
788 1564 851 1628 post
869 1559 1010 1611 nominum
1029 1554 1104 1611 diem

145 1637 235 1693 amnsi
261 1636 329 1693 duas
356 1637 470 1695 decimas
498 1638 626 1695 adiciunt.
669 1636 698 1695 3.
726 1638 838 1693 Praeter
863 1638 992 1695 decimam
1020 1640 1104 1695 etiam

144 1720 343 1779 usumfructum
363 1723 461 1778 tertiae
481 1726 566 1795 partis
586 1721 720 1778 bonorum
741 1714 826 1799 '(ns'r)
845 1730 877 1779 ct.
894 1716 984 1779 uxor⁴
1005 1737 1105 1794 capere

144 1814 272 1879 possunt,
289 1815 318 1861 ct
332 1805 497 1879 quandoque
511 1805 612 1861 liberos
626 1803 787 1874 habuerint,
802 1804 922 1863 eiusdem
936 1809 1020 1878 partis
1034 1820 1103 1878 pro-

144 1891 302 1961 prietatem
323 1891 378 1946 hoc
391 1890 506 1963 amplius
521 1889 633 1958 mulier,
653 1898 761 1961 praeter
775 1888 922 1959 decimam,
942 1888 1032 1945 dotem
1048 1888 1103 1946 'rc-

145 1967 281 2048 legatam⁵
299 1973 360 2029 sihi.

41 2114 135 2164 196oa
196 2126 260 2167 nm.
275 2126 340 2168 xvt.
372 2126 415 2169 nn
431 2107 537 2167 nonam
553 2124 749 2166 onencmnrn
767 2103 770 2188 l
786 2124 882 2166 turns
895 2123 1051 2166 vrnvnrmr

552 2207 689 2249 vxosnn.

207 2286 230 2352 1'.
256 2287 426 2366 “Aliquando
447 2294 490 2347 nir
510 2301 537 2349 et
550 2308 626 2352 ‚uxor
646 2294 717 2348 inter
731 2309 761 2348 se
782 2292 900 2348 solidum
919 2308 1017 2366 capere
1036 2308 1099 2366 pos·

145 2386 226 2447 sunt,
247 2376 324 2431 uelut
339 2379 362 2431 si
378 2383 492 2448 uterque
506 2373 549 2430 vel
568 2375 698 2431 alteruter
713 2392 807 2433 corum
822 2376 942 2431 nondum
957 2378 1015 2431 eius
1029 2384 1100 2431 aeta·

145 2466 180 2517 tis
195 2464 265 2522 sint,
286 2455 321 2511 ’a'
337 2475 389 2529 qna
404 2458 447 2514 les
461 2458 562 2513 liberos
577 2461 677 2531 exigit,
697 2458 724 2514 id
740 2468 783 2516 cst
796 2452 840 2515 si8
856 2460 899 2515 uir
913 2461 1002 2515 minor
1016 2475 1100 2516 anuo-

145 2613 270 2672 quaestum
285 2607 410 2655 facientem
424 2607 448 2656 h.
464 2609 480 2657 l.
496 2610 635 2664 emineret,-
653 2610 755 2658 scilicet
773 2609 935 2671 confundens
952 2610 1030 2673 palam
1044 2624 1101 2662 cnm

145 2680 222 2727 lenam
236 2679 322 2725 statim
337 2677 372 2725 nd
385 2677 454 2727 hanc
467 2692 551 2727 nocem
565 2678 741 2728 aberraverat.
800 2676 819 2745 ι)
834 2679 986 2728 mauricianis
1001 2686 1024 2728 et
1038 2678 1100 2745 (pro

145 2747 343 2809 mauricianfflt,
362 2754 390 2797 at
399 2746 474 2814 pato)
494 2748 552 2797 Vnt.
567 2750 724 2798 Mauricianus
744 2758 768 2798 ct
781 2750 838 2799 edd.
863 2750 923 2799 Via.
940 2749 994 2799 FtI.
1009 2766 1037 2813 p.
1052 2761 1099 2802 tna.

147 2818 269 2868 Fortasse
281 2818 331 2867 hoc
344 2824 382 2867 est
394 2817 452 2876 SC„
467 2820 535 2881 qaod
549 2821 674 2869 laudatar
687 2820 718 2868 L.
729 2831 764 2871 aa.
779 2822 802 2881 §-
813 2831 847 2871 ιο.
866 2820 899 2869 D.
914 2820 947 2869 de
960 2822 1014 2869 rita
1028 2828 1099 2883 nupt.

145 2888 190 2954 (2³,
205 2887 237 2955 2).
264 2886 318 2938 nea
330 2890 403 2938 multi
417 2889 536 2939 Maurici
544 2892 633 2954 primo
645 2893 731 2940 seculo
746 2890 928 2940 indecoribus
944 2891 1028 2953 fuere.

147 2956 170 3024 ²)
184 2973 279 3009 menses
299 2959 357 3009 Vat.
372 2974 480 3010 mensum
494 2960 533 3009 ed.
547 2960 596 3025 Bp.
649 2958 668 3025 ⁰)
687 2959 736 3020 Qut
750 2967 809 3009 erat
817 2962 910 3023 pneris
924 2975 1014 3020 nonas,
1025 2963 1099 3023 pael-

145 3032 179 3079 lis
193 3037 306 3080 octonas.
333 3030 398 3081 Fest.
412 3046 452 3093 ep.
467 3047 490 3079 n.
502 3028 643 3080 ‘Laconici’
659 3046 688 3093 p.
697 3042 744 3082 120.
765 3030 882 3081 Macrod.
897 3029 952 3079 Sat.
968 3044 989 3092 1,
1004 3043 1036 3083 to.
1061 3030 1099 3093 Of.

145 3103 221 3150 etiam
239 3104 287 3165 lep.
309 3100 382 3150 Flac.
402 3101 500 3151 Malao.
513 3112 546 3151 oo.
620 3098 642 3166 ⁴)
657 3102 709 3149 eius
728 3101 786 3149 Vnt.
802 3108 888 3150 uatum
907 3116 941 3149 ιω
960 3108 1013 3151 etue
1029 3120 1062 3143 =
1078 3108 1100 3149 et

146 3186 217 3231 osor3
235 3172 274 3221 uir
287 3184 322 3219 eac
334 3172 463 3235 geminato
476 3180 492 3219 d
506 3170 625 3220 vocabuli
643 3172 736 3220 honortt
751 3172 822 3235 leci,-
840 3172 875 3234 cf.
890 3178 941 3221 not.
956 3183 969 3222 a
983 3172 1020 3221 ad
1031 3182 1052 3228 n,
1067 3183 1099 3223 an.

145 3242 258 3302 coniuges
271 3242 312 3290 ed.
327 3240 375 3305 Bp.
396 3241 435 3304 Ofi
452 3240 505 3289 PII.
516 3256 545 3303 p.
555 3252 602 3291 stt.
656 3238 676 3305 Β)
690 3248 771 3304 potest
784 3240 896 3305 (factum
909 3256 946 3290 sc.
960 3256 995 3289 eo:
1008 3254 1038 3303 pe
1048 3256 1099 3303 pro

146 3310 183 3375 re)
198 3312 299 3372 legatam
318 3310 377 3361 Vnt.
392 3309 507 3376 (capere)
521 3317 601 3372 potest
615 3312 715 3373 legatam
729 3312 769 3361 ed.
783 3310 832 3375 Bp.
853 3310 892 3373 Cf.
909 3310 962 3361 ΠΙ.
974 3326 1002 3374 p.
1017 3322 1065 3361 tta.

147 3377 169 3444 ⁶)
185 3380 224 3442 Cf.
243 3380 348 3429 Tertull.
363 3383 431 3444 apol.
446 3393 468 3430 n
482 3381 513 3429 de
527 3394 626 3444 money.
643 3392 676 3431 16.
691 3380 788 3431 Sozam.
803 3382 862 3429 hist.
877 3382 940 3429 eccl.
956 3393 977 3437 1,
986 3392 1007 3431 9.
1028 3378 1057 3429 F.
1068 3378 1099 3429 Α.

146 3448 275 3513 schillinp
288 3448 406 3499 Bemerlc.
416 3466 445 3514 p.
459 3461 507 3500 noo.
581 3446 602 3514 ἵ)
617 3458 657 3499 aut
676 3450 733 3499 Vnt.
749 3466 785 3501 ac.
801 3452 865 3501 mole
880 3451 1011 3513 explicata
1026 3464 1047 3498 a.

148 3514 169 3581 8)
183 3526 224 3567 aut
237 3521 331 3568 inserit
343 3518 401 3584 Bp,
417 3520 485 3583 qnod
497 3534 549 3568 non
563 3527 600 3568 est
614 3520 691 3569 haias
705 3523 763 3570 loci.
812 3568 814 3571 .
