2542 3909
487 198 522 234 nx
540 198 625 234 suero
642 197 764 235 nummo.
1041 177 1103 242 729

153 333 242 384 menta
258 325 347 399 mulie,
369 341 448 399 quam
463 324 552 384 debita
573 342 591 382 n
602 365 732 385 ......
748 341 832 400 pones
846 327 966 400 perditos
982 333 1106 382 maneant

152 409 193 466 sib
210 449 336 467 ......
355 425 420 466 nere
447 416 636 467 contractuum
663 407 870 484 'tergiuersatio
897 403 955 466 nu¹
975 450 1104 471 ......
1132 454 1134 458 .

152 494 384 568 interpretationis
405 492 514 550 iusidias
536 495 683 565 pertimesc
703 535 859 554 ......
881 493 942 550 talis
964 495 1107 550 accesserit

151 579 314 650 ignauorum
329 616 460 637 ......
476 567 489 606 ²
516 575 549 634 Si
569 579 640 651 quid
659 593 785 650 umquam
807 593 862 649 quo
877 570 925 654 (o)
949 575 1015 633 fisco
1037 577 1107 633 iacta

153 659 274 718 uenditio
288 663 379 732 possit
390 659 519 734 infrtnpr‘,
535 663 709 719 auctoritate
720 664 859 730 rescripti
865 661 959 730 fuerit
969 665 1106 732 impetro·

153 751 222 815 tum,
242 744 293 815 his,
315 758 384 817 quae
404 751 499 800 contra
520 744 664 818 utilitatem
678 745 845 818 prouisiouis
862 745 948 801 buius
962 747 1107 815 rescripto

154 833 232 900 sunt,
246 829 344 885 nuilus
359 827 541 898 obtemperet,
563 830 703 902 magisque
718 826 853 900 obreptiui
867 828 1042 902 praerogati.
1057 869 1064 884 .
1077 867 1106 884 ..

153 910 239 976 tatur,
268 927 329 968 cum
352 911 417 968 hoec
438 912 474 966 sit
494 913 635 968 commissa
657 928 703 967 sec
718 950 848 969 ......
867 918 949 988 atque
974 911 1106 968 luxuriam

153 994 224 1050 ierne
247 992 379 1050 dehemus
394 1032 525 1051 ......
541 995 647 1052 Lucano
663 995 769 1067 saepius
792 996 853 1050 uiuo
868 994 961 1050 nedem
976 1033 1105 1051 ......

153 1093 202 1154 per
216 1093 340 1135 somnum
356 1086 383 1135 et
398 1076 489 1150 gulam
502 1085 583 1150 atque
599 1078 744 1134 lasciuiam
760 1118 891 1134 ......
908 1078 1025 1133 alienare
1038 1075 1109 1133 ueiie

153 1177 203 1218 neo
223 1178 305 1235 posse
325 1158 423 1217 deiend
441 1201 572 1220 ......
589 1176 649 1216 mus
663 1169 706 1216 est
720 1161 758 1216 itn
778 1169 864 1216 status
885 1160 964 1217 debet
987 1177 1047 1216 esse
1070 1160 1109 1217 ie·

154 1284 286 1301 ......
302 1243 442 1315 concedit,
465 1243 511 1316 qui
533 1251 561 1298 et
582 1245 610 1299 in
632 1243 780 1300 satisfactio
797 1286 804 1300 .
821 1283 829 1298 .
846 1286 853 1300 .
871 1285 878 1299 .
895 1283 902 1298 .
920 1285 927 1298 .
946 1285 953 1299 .
970 1285 977 1301 .
994 1285 1001 1301 .
1018 1282 1027 1299 .
1045 1285 1052 1299 .
1069 1229 1214 1300 pposito]

154 1335 211 1398 tas,
233 1328 284 1383 nisi
305 1327 421 1382 forsitan
441 1327 469 1382 hi
484 1327 587 1399 copiam
604 1366 735 1384 ......
753 1343 810 1401 que·
825 1326 982 1399 repetendi,
1003 1343 1065 1383 cum
1081 1328 1110 1382 in
1123 1303 1196 1371 ΗΟ·

154 1412 329 1485 praeteritum
345 1448 475 1466 ......
493 1411 533 1465 uis
556 1412 675 1466 omniurn
698 1427 789 1468 rerum
811 1410 905 1465 multis
927 1427 979 1464 cn.
997 1450 1004 1466 .
1021 1453 1028 1467 .
1045 1427 1110 1467 cum

154 1498 240 1552 etiam
253 1494 421 1564 minoribus,
443 1495 468 1550 si
482 1494 597 1566 quondo
613 1495 713 1569 aliquid
728 1511 822 1552 eorum
842 1510 893 1566 pro
912 1491 1048 1550 fiscalibus
1063 1494 1110 1549 de·

153 1577 218 1636 bitis
232 1579 419 1636 adiudicatur
434 1579 617 1650 emptoribus,
633 1582 810 1651 repetitionis
821 1577 950 1652 facultas
964 1579 993 1633 in
1004 1582 1110 1634 omnem

153 1663 339 1735 intercipiatur
359 1654 500 1730 aetatem,³
522 1678 614 1735 neque
634 1666 663 1719 in
687 1666 828 1736 inteprum
849 1665 1038 1719 restitutionis
1058 1662 1110 1717 ud·

153 1747 287 1801 minicuio
308 1759 353 1798 res
376 1743 506 1800 obnoxiae
529 1745 735 1802 necessitutibus
754 1748 879 1816 publicis
893 1749 935 1802 eis
949 1747 1111 1818 redduntur

155 1831 262 1884 aetatis
276 1831 400 1898 ratione,
416 1844 502 1900 quam
517 1831 629 1900 saepius
645 1844 787 1900 respexere
802 1829 890 1903 leges,
913 1829 976 1900 quia
991 1827 1110 1900 parendo

149 1913 250 1982 potius
269 1911 380 1982 tepibus
399 1924 448 1966 res
463 1925 534 1966 suos
554 1913 631 1967 tueri
645 1927 694 1968 eos
715 1917 842 1982 oportet,
863 1928 950 1984 quom
966 1917 995 1965 ut
1010 1908 1110 1965 desidie

2 2000 19 2042 t*
154 1995 252 2050 mereri
266 2007 347 2066 posse
363 2008 393 2048 se
407 1994 525 2049 credent
547 2009 647 2050 eurum
667 1997 759 2067 ispum
774 1998 932 2062 auxilium,
953 2008 1028 2065 quus
1044 1994 1109 2048 ittu-

154 2078 235 2134 dunt.
263 2076 332 2134 Dat.
347 2075 402 2132 itit.
419 2075 456 2134 id.
472 2075 542 2134 Nou.
557 2077 692 2139 Treueris.
709 2071 788 2133 Αοε.4
803 2119 810 2133 .
828 2119 835 2134 .
853 2119 885 2135 ..
911 2077 1109 2132 Valentiniano

155 2157 322 2216 nobilissimo
343 2175 429 2232 puero
445 2167 472 2215 et
489 2158 594 2216 Victore
609 2154 715 2216 conss.⁵
758 2160 806 2218 ’Et
820 2165 923 2218 iterum
938 2161 1008 2216 data
1024 2199 1032 2214 .
1049 2198 1057 2215 .
1072 2159 1112 2214 ud

157 2245 380 2318 ..consulerem
407 2244 562 2315 prouinciae
584 2243 773 2317 Lugdunensis
794 2237 917 2320 primae6
937 2242 1060 2300 Modesto
1082 2249 1110 2298 et

155 2325 306 2384 iiarr’mbeo
321 2317 430 2383 conss.⁷
1148 2336 1152 2340 ’

217 2405 269 2468 38.
291 2403 304 2444 ⁸
316 2449 445 2466 .....
468 2408 519 2464 bus
541 2418 647 2466 tantum
669 2410 771 2484 praedii
793 2412 888 2468 rustici
910 2412 946 2467 sit
966 2401 1207 2480 interdictafflfffl

157 2532 287 2550 ......
308 2491 413 2550 nulium
436 2491 555 2550 debitum
578 2493 707 2550 doceatur
727 2495 816 2552 haec.
833 2536 840 2550 .
858 2536 865 2549 .
882 2535 889 2550 .
907 2537 914 2551 .
932 2535 939 2550 .
956 2493 1109 2568 supplicans

85 2593 144 2642 [ssu]
156 2576 296 2654 Eugrafius
311 2593 399 2634 memo
416 2615 544 2633 ......
561 2576 594 2632 ad
609 2578 726 2650 speciem
745 2577 829 2635 suerit
844 2581 1001 2636 ementitum
1017 2616 1109 2634 .....

154 2666 190 2720 itu
206 2678 250 2719 res
266 2669 342 2736 gesta
357 2657 499 2735 probatur,
516 2669 546 2715 ut
561 2659 685 2732 precibus
701 2664 866 2734 continetur,
883 2704 890 2719 .
908 2703 915 2721 .
932 2705 939 2718 .
1002 2701 1010 2716 .
1025 2661 1109 2717 inisse

155 2748 288 2821 suggerit,
303 2745 402 2802 inuste
413 2744 561 2814 carissime,
576 2747 691 2801 aestimo
707 2785 812 2802 .....
829 2762 885 2802 rem
900 2748 947 2816 sit,
962 2762 997 2801 nn
1010 2746 1039 2800 in
1052 2760 1109 2801 rem

154 2832 214 2887 eius
228 2847 337 2887 uersum
354 2869 486 2886 ......
502 2829 526 2884 si
541 2843 586 2884 res
596 2828 695 2884 minori
709 2829 846 2902 proiuisse
860 2831 981 2902 potuerit
995 2866 1108 2888 ......

229 3027 249 3096 ι)
269 3031 296 3081 V
298 3031 317 3080 ⁶¹.
333 3033 372 3082 ed.
388 3031 503 3083 Momms.
518 3030 742 3094 tergiuersntionum
761 3029 819 3078 Vnt.
871 3025 892 3093 ¹)
911 3028 954 3078 Tb.
971 3027 997 3078 0.
1008 3029 1111 3092 perpit:

157 3099 246 3152 ‘Etsi
266 3103 329 3166 quid
349 3118 471 3165 unquaur,
494 3109 521 3150 ut
541 3118 558 3150 a
577 3103 642 3163 fisco
659 3100 735 3162 facta
753 3100 867 3148 venditio
886 3099 969 3161 possit
988 3097 1110 3162 infringi,

154 3173 310 3223 auctoritate
328 3172 452 3235 rescripti
468 3172 554 3234 fuerit
572 3173 747 3233 impetratum,
765 3171 852 3219 nutius
869 3168 1034 3231 obtemperet,
1053 3183 1110 3218 cum

154 3239 241 3292 etiam'
262 3248 309 3292 etc.
348 3240 433 3307 (Unde
450 3243 585 3306 sequentia
600 3241 713 3291 Momms.
732 3237 865 3304 restituit.)
939 3235 960 3303 8)
983 3235 1053 3298 Quae
1070 3252 1109 3287 se-

154 3320 276 3377 qunntur,
290 3327 337 3378 epo
351 3308 463 3362 restitui.
536 3307 558 3376 ⁴)
574 3311 612 3360 De
625 3311 676 3360 buc
689 3309 878 3374 subscriptione
891 3309 943 3359 nid.
958 3308 1060 3358 Haenet
1073 3308 1110 3357 ad

157 3383 202 3434 Tu.
223 3383 480 3447 G.p.1018.not.t.
555 3378 576 3446 ⁶)
595 3397 619 3430 a.
639 3392 686 3432 369.
760 3377 845 3447 ⁰)Sie
863 3395 897 3429 en
922 3378 950 3428 V
951 3379 971 3429 ⁶.
995 3380 1109 3428 restituit

153 3453 267 3504 Momms.
320 3450 341 3518 τ)
355 3469 379 3502 a.
394 3463 441 3504 sus.
493 3449 514 3517 8)
531 3451 569 3514 Of.
585 3451 617 3500 l..
632 3464 644 3503 1
655 3467 700 3514 pr.
715 3453 738 3513 ᾖ.
753 3462 773 3501 s.
793 3452 825 3501 L.
836 3461 856 3502 n.
871 3452 911 3513 ἐξ.
927 3462 960 3501 m.
976 3461 1010 3501 nn
1030 3449 1061 3498 D.
1076 3449 1109 3498 de

152 3524 205 3576 reb.
220 3541 273 3576 eor.
289 3521 333 3590 (27,
347 3523 379 3590 9).
