2542 3909
466 246 502 280 ott
519 245 632 281 usumve
651 246 730 280 mult
747 247 778 282 n.
1063 240 1104 297 45

139 374 192 446 lex,
207 370 374 428 cuicuimodi
387 371 472 427 luerit
485 370 540 435 ille,
556 372 638 427 etiam
651 373 675 427 si
685 372 867 445 perniciosum
878 373 978 446 aliquid
987 374 1106 448 poptdus

139 458 285 530 acceperit.
316 472 384 528 ergo
406 462 448 511 est
462 454 506 511 lex
518 457 654 510 iustorum
668 456 885 530 iniustorumque
902 456 1051 527 distinctio,
1073 458 1106 515 ad

138 540 212 597 illam
228 540 445 611 antiquissimam
460 546 488 593 et
497 555 588 595 rerum
601 540 720 595 omnium
730 541 878 614 prinoipem
889 557 1015 613 expresso
1027 551 1106 597 natu·

138 640 204 686 ram,
219 622 348 696 adquam
362 622 437 696 leges
452 623 591 679 bominum
607 623 772 699 diriguntur,
788 640 856 697 quae
866 625 1000 698 supplicio
1015 627 1106 700 inpro-

140 707 190 765 bos
202 705 342 776 adficiunt,
358 705 507 762 detendunt
522 723 553 762 ac
566 714 680 764 tuentur
693 705 790 765 bonos.

203 790 248 847 Vl.
270 790 306 857 Q.
328 789 467 847 Praeclare
480 790 628 863 intellego,
643 807 694 847 nec
708 807 775 847 uero
788 792 841 847 iam
854 792 931 847 oliam
948 809 1010 849 esse
1024 792 1104 850 ullam

138 876 230 947 legem
246 882 315 949 puto
330 890 386 929 noo
400 873 483 929 modo
497 872 657 945 habendam,
672 874 721 931 sed
736 890 771 930 ne
785 874 970 949 appellandam
985 877 1103 950 quidem.

204 957 254 1016 14,
276 957 318 1014 M.
341 958 428 1030 Igitur
442 965 473 1013 tu
489 958 571 1013 'litias
586 966 614 1013 et
628 956 755 1031 Apuleias
770 958 847 1032 leges
862 957 949 1015 nullas
965 962 1064 1032 putasl

205 1043 240 1112 Q.
264 1041 323 1115 ligo
339 1058 404 1097 uero
420 1057 454 1097 ne
468 1040 558 1097 Liuias
574 1042 691 1114 quidem.

204 1127 246 1183 M.
262 1124 295 1180 Et
308 1133 394 1198 recte,
409 1141 478 1199 quae
488 1127 648 1198 praesertim
660 1140 715 1180 uno
727 1125 863 1181 uersiculo
878 1134 988 1183 senatus
1003 1136 1104 1200 puncto

141 1212 273 1285 temporis
293 1208 413 1266 sublatae
428 1211 496 1265 sint:
512 1208 556 1265 len
571 1217 662 1264 autem
675 1207 732 1280 illa,
747 1210 824 1266 cuius
836 1209 1043 1284 uimerplioaui,
1058 1227 1105 1268 ne·

140 1310 195 1368 que
209 1294 273 1350 tolli
287 1308 376 1367 neque
391 1292 514 1367 abrogari
531 1301 633 1366 potest.

210 1376 242 1443 Q.
265 1376 313 1432 llas
335 1384 365 1433 tu
385 1378 472 1450 igitur
493 1377 569 1451 leges
591 1375 700 1450 rogabis
716 1375 853 1449 uidelicet,
874 1393 943 1451 quae
958 1395 1104 1453 numquam

143 1459 319 1535 abrogentur.
654 1482 657 1485 ·

193 1544 248 1601 .M.
271 1543 358 1614 Certe,
381 1546 404 1600 si
427 1544 508 1600 modo
531 1551 656 1617 acceptae
677 1543 812 1602 aduobus
829 1543 907 1601 uobis
922 1553 1011 1602 erunt.
1046 1546 1105 1619 sed,

140 1636 172 1686 ut
183 1631 227 1686 uir
241 1628 415 1685 doctissimus
434 1628 501 1685 lecit
517 1627 594 1683 Plato
610 1636 693 1701 atque
707 1628 777 1684 idem
794 1630 969 1701 grauissimus
985 1630 1106 1704 pbdoso·

140 1714 258 1788 phorum
274 1712 403 1782 omnium,
427 1713 473 1785 qui
488 1713 613 1785 princeps
629 1711 663 1767 de
678 1727 708 1768 re
722 1710 830 1784 publica
844 1715 1007 1787 conscripsit
1020 1714 1105 1771 idem·

141 1814 195 1871 qne
214 1796 359 1869 separatim
379 1794 413 1851 do
432 1795 539 1869 legibus
555 1796 624 1864 eius,
644 1794 672 1851 id
687 1795 752 1851 mibi
766 1796 848 1852 eredo
864 1812 926 1853 esse
941 1797 1104 1871 faciundum,
1162 1828 1165 1831 ·

140 1890 181 1947 ut,
197 1882 275 1955 prius
291 1896 371 1954 quam
387 1882 471 1953 ipsam
483 1878 571 1953 legem
582 1880 706 1950 recitem,
721 1878 754 1936 de
765 1881 822 1935 eius
833 1879 901 1953 legis
913 1880 991 1937 laude
1004 1882 1105 1954 dicem3

142 1963 215 2037 quod
230 1964 302 2020 idem
316 1972 345 2019 et
358 1962 499 2020 Zaleucum
515 1970 543 2018 et
557 1961 726 2019 Charondam
740 1963 837 2019 iecisse
848 1964 937 2031 uideo,
954 1981 1036 2039 quom
1047 1969 1105 2040 qui·

143 2048 204 2105 dem
218 2047 257 2103 illi
268 2064 325 2105 non
336 2047 418 2103 studii
429 2056 457 2103 et
469 2046 668 2118 delectationis,
682 2047 730 2102 sed
745 2048 784 2103 rei
800 2047 921 2120 publicae
938 2066 1018 2105 causa
1029 2050 1105 2124 leges

142 2130 297 2189 ciuitatibus
318 2132 375 2187 suis
395 2132 575 2205 scripseruntx
597 2146 667 2204 quos
687 2131 806 2186 imitatus
821 2130 897 2187 Plato
913 2131 1039 2189 uidelicet
1053 2135 1107 2192 lroc

142 2230 252 2290 quoque
275 2214 344 2289 legis
365 2216 474 2289 putauit
495 2230 565 2286 esse,
588 2212 752 2288 persuadere
773 2213 883 2286 aliquid,
905 2231 960 2270 non
976 2218 1063 2273 omnia
1078 2220 1103 2274 ui

143 2316 174 2357 ac
188 2300 267 2355 minis
282 2315 392 2372 cogere.

205 2379 247 2441 16.
270 2382 304 2453 Q.
327 2381 415 2449 Ouidi
443 2382 517 2456 quod
538 2380 683 2438 Zaleucum
703 2380 787 2436 istum
808 2389 890 2457 negat
912 2381 997 2438 ullum
1020 2383 1106 2443 luisse

144 2467 286 2524 Timacus?

208 2551 248 2607 M.
269 2553 306 2606 At
328 2550 545 2624 Theophrastus,
567 2557 662 2606 auctor
683 2548 754 2605 haud
775 2549 895 2607 deterior
916 2568 974 2608 mea
997 2553 1105 2625 quidem

143 2636 278 2691 sententia
308 2631 457 2710 (meliorem
479 2634 555 2689 multi
578 2634 727 2701 nominant)
754 2643 946 2691 commemorat
974 2631 1015 2692 et¹
1039 2654 1104 2695 uero

140 2720 227 2795 ipsius
243 2720 326 2782 ciues,
342 2721 429 2789 nostri
444 2718 568 2788 clientes,
580 2716 667 2773 bocri.
698 2716 745 2772 sed
760 2719 819 2773 siue
834 2718 885 2775 luit
900 2721 958 2775 siue
973 2736 1028 2777 non
1042 2721 1104 2794 luit,

142 2803 210 2859 nibil
224 2802 258 2859 ad
272 2818 345 2859 reme
367 2800 506 2877 loquimur
519 2803 592 2876 quod
606 2800 734 2857 traditum
747 2810 799 2858 est.

204 2882 232 2943 7.
253 2886 294 2943 Sit
304 2886 390 2959 igitur
404 2887 456 2942 boc
469 2887 548 2942 iama
565 2887 698 2959 principio
714 2901 872 2959 persuasum
889 2886 1004 2960 ciuibus,
1020 2888 1105 2946 domi·

141 2988 193 3028 nos
214 2986 274 3028 esse
290 2972 408 3026 omnium
422 2986 515 3026 rerum
529 2986 560 3027 ac
574 2969 761 3025 moderatores
775 2970 841 3027 deos
856 2987 952 3045 eaque,
974 2988 1043 3047 quae
1057 2992 1105 3048 ge·

142 3065 247 3128 rantur,
269 3070 363 3112 eorum
385 3054 445 3129 geri
466 3052 566 3110 iudicio
589 3054 754 3125 eonomine,
777 3056 940 3129 eosdemque
955 3058 1057 3131 optime
1071 3058 1105 3115 de

143 3154 244 3213 genere
259 3140 398 3195 hominum
414 3138 511 3195 mereri
525 3145 553 3193 et
568 3137 654 3211 qualis
670 3139 786 3211 quisque
799 3141 852 3211 sit,
874 3140 937 3213 quid
954 3149 1025 3212 agat,
1041 3142 1105 3215 quid

142 3224 169 3279 in
184 3240 214 3281 se
229 3223 365 3294 admittat,
381 3239 433 3297 qua
448 3230 547 3292 mente,
563 3238 615 3295 qua
629 3223 728 3295 pietate
742 3224 815 3281 eolat
828 3223 987 3297 religiones,
1006 3225 1106 3281 intueri

141 3309 303 3381 piorumque
323 3315 352 3363 et
371 3308 514 3380 impiorum
535 3306 635 3362 habere
655 3308 797 3364 rationem.
828 3310 869 3364 lris
885 3308 955 3362 enim
970 3306 1051 3363 rebus
1065 3309 1105 3363 irr-

114 3380 118 3389 ’
141 3390 223 3448 butae
242 3400 346 3449 mentes
368 3391 438 3447 baud
454 3407 518 3447 sane
539 3390 723 3447 abhorrebunt
744 3391 776 3447 ab
798 3395 858 3450 utili
876 3397 921 3444 aut
935 3407 951 3443 a
966 3405 1030 3446 uero
1044 3407 1105 3447 sen·

215 3569 236 3639 ²)
250 3581 436 3623 commemorant
449 3572 552 3622 Alaea.
572 3572 602 3621 V.
