2542 3909
445 221 504 259 om
520 223 612 261 memo.
631 206 666 260 11.
681 211 795 263 83-85.
1035 210 1099 276 239

144 371 225 413 taam
247 368 311 412 esse
329 345 454 427 peterc.¹-
492 354 568 411 ande
587 355 621 411 de
641 356 745 430 pupillo
766 358 874 432 quidem
890 360 1044 433 quaeritur,
1066 376 1099 417 on

144 440 268 495 'nummis
293 438 339 509 iis,
362 452 434 513 quos
454 446 566 496 mutuos
588 438 672 506 dedit,
695 438 727 497 ob
750 456 801 513 eo,
823 446 870 517 qui
891 444 1003 517 acecpit,
1031 460 1099 501 con·

145 526 251 593 mmor,
269 530 277 586 t
292 524 387 597 alipta
402 524 510 580 notione
523 538 572 580 eos
587 526 715 598 persequi
730 528 833 599 possit,
856 528 982 603 quoniam
1002 531 1068 593 sitsi
1081 546 1099 585 a

142 608 307 680 possidente
330 607 477 664 uindicari
498 622 554 663 non
579 602 697 682 potest²
738 604 791 667 88.
812 610 860 667 ’At
882 628 915 670 es
940 610 1099 675 contrario!

34 748 38 755 .
145 706 241 749 omnes
259 705 311 747 rer
322 697 382 747 tam
402 694 532 763 mancipi
544 684 651 765 paom³
672 706 724 751 neo
738 696 853 769 mancipi
869 694 1029 754 mulieribus
1048 691 1054 772 Ι
1072 703 1151 761 etto,

20 764 31 880 s
144 773 256 849 pupillis
270 778 332 832 eine
345 775 446 831 tutoris
466 776 628 832 auctoritate
648 776 720 834 salai
742 787 870 851 possunt,
894 781 1018 853 quoniam
1040 796 1098 837 me-

77 864 134 915 [16⁴]
144 859 238 915 liorem
253 856 440 916 condicionem
461 872 536 915 soom
553 858 643 917 iacere
664 860 697 916 iis
718 861 799 918 etism
814 864 872 919 sine
894 864 992 921 tutoris
1007 872 1099 921 sueto·

144 944 224 999 litote
237 956 398 1000 concessam
412 949 464 999 est.
501 938 550 1001 84
572 943 664 1018 ltaque
678 944 702 999 si
717 944 825 1003 debitor
839 949 980 1019 pecuniam
995 946 1098 1022 popilio

144 1025 244 1098 soluat,
260 1026 322 1084 iacit
337 1026 447 1101 quidem
462 1028 605 1100 pecuniam
618 1027 730 1101 pnpilli,
749 1028 798 1086 scd
813 1031 872 1103 ipse
887 1046 942 1089 noo
957 1030 1099 1103 liberatus,

145 1112 206 1185 quio
236 1110 337 1168 nollem
363 1110 556 1185 obligationem
581 1111 702 1185 pupillus
728 1116 786 1170 sine
812 1116 913 1172 tutoris
939 1114 1099 1173 anctoritate

143 1194 293 1252 dissoluerc
312 1202 421 1270 potest,
440 1194 494 1251 ’eoi
514 1208 568 1252 nee
589 1189 693 1252 ιιΙΙίιιε4
712 1198 753 1253 rei
773 1196 901 1255 alienatio
921 1200 979 1256 sine
1000 1200 1099 1255 tutoris

144 1281 303 1337 auctoritate
317 1294 445 1337 concesso
459 1287 517 1348 eet3
532 1287 576 1336 eet
590 1288 679 1336 mmen
691 1281 714 1337 si
725 1296 758 1337 es
769 1296 800 1338 es
811 1284 925 1356 pecunie
936 1282 1100 1357 locupletior

143 1363 229 1420 iectus
251 1365 298 1436 eit,
320 1371 348 1420 et
367 1363 454 1420 siloc
474 1370 561 1437 petet,
581 1376 631 1438 pet
651 1366 837 1439 exceptionem
862 1366 918 1424 doli
941 1366 1004 1423 moli
1025 1383 1098 1425 eom·

143 1449 247 1505 moueri
260 1455 362 1523 potest.
392 1444 439 1505 85.
454 1446 558 1504 llolieri
573 1462 641 1503 nero
656 1450 734 1505 ctiam
750 1450 809 1505 sine
824 1452 923 1507 tutoris
938 1452 1099 1509 auctoritate

143 1539 218 1590 recte
232 1531 304 1588 solui
317 1538 425 1605 potest:
444 1546 506 1589 nom
522 1533 569 1605 qui
582 1530 680 1598 saluit,
696 1531 826 1590 liberetur
841 1533 1022 1609 obligatione,
1037 1536 1099 1609 quis

142 1630 187 1673 res
207 1629 258 1673 noo
277 1616 409 1690 mancipi,
430 1622 463 1671 ot
482 1617 604 1689 proxime
623 1616 752 1679 diximus,
772 1633 832 1674 see
852 1618 989 1677 dimittere
1003 1617 1100 1677 molier

143 1702 225 1757 etiem
243 1701 304 1757 sine
321 1702 422 1757 tutoris
436 1701 600 1757 auctoritate
614 1708 722 1773 potest:
744 1716 906 1777 quemquam
927 1704 1099 1776 leemosi,

144 1786 169 1840 si
183 1784 294 1857 accipiet
308 1785 467 1857 pecooiom3
482 1790 510 1839 ot
524 1785 547 1839 si
562 1798 617 1839 oon
631 1786 760 1859 occipiat,
783 1795 826 1842 set
841 1782 969 1844 ’habere⁶
984 1788 1100 1845 sedicet

147 1876 175 1925 et
190 1883 240 1941 pet
254 1868 484 1943 acceptilationem
500 1866 567 1925 uelit
581 1866 734 1925 debitorem
749 1870 808 1927 sinc
823 1872 924 1927 tutoris
940 1873 1100 1930 auctoritate

145 1950 271 2023 liberare,
286 1966 341 2007 non
355 1959 457 2026 potest.

218 2116 239 2186 ¹)
253 2120 349 2171 More
361 2120 526 2171 restitutione
538 2120 567 2170 in
581 2121 621 2170 ed.
635 2130 657 2173 t.
672 2121 737 2171 ioca
750 2122 787 2171 ad
799 2136 915 2173 mammos
922 2125 1020 2187 popilii
1033 2128 1100 2175 mata

141 2192 194 2255 fide
211 2198 373 2256 consamptoo
389 2192 536 2241 retuleram.
572 2190 626 2241 Sed
643 2207 677 2241 ex
700 2188 757 2251 Vct,
775 2208 832 2243 tom
849 2191 920 2243 Stes
938 2200 1056 2255 testetur,
1075 2202 1101 2246 et

147 2260 274 2314 Gischeni
289 2263 412 2313 lectiones
425 2261 449 2311 lt.
465 2262 481 2311 l.
497 2263 685 2312 incertissimas
698 2277 753 2312 esse
767 2277 814 2313 nec
827 2264 914 2313 sideri
927 2263 964 2313 ihi
980 2265 1013 2315 de
1032 2268 1100 2315 mala

140 2334 194 2396 fide
206 2340 291 2383 actam
301 2333 394 2396 foisse,
408 2333 459 2382 iam
472 2334 528 2383 alia
537 2334 570 2396 ci.
584 2348 674 2383 aeram
686 2346 786 2383 sensam
796 2333 858 2383 mili
868 2334 959 2385 videor
967 2343 1100 2387 assecutae

144 2418 207 2453 esse.
234 2400 365 2467 Scriptum
381 2401 465 2467 faisse
478 2404 573 2467 posui:
590 2402 647 2453 moi.
667 2417 724 2453 uero
743 2419 759 2467 p
778 2404 854 2455 motui
870 2409 874 2463 i
890 2405 1007 2455 ostionem
1025 2422 1039 2456 a
1057 2421 1099 2456 reo

143 2488 198 2538 pec.
212 2481 321 2537 repetere
334 2480 415 2537 potest
427 2474 467 2523 s’ti
481 2481 524 2523 sot
544 2488 571 2524 ee
584 2481 684 2538 pellere.
713 2474 802 2525 Minas
815 2476 906 2539 placet
919 2474 1004 2541 Kritp.
1024 2479 1100 2527 ctiam

143 2545 274 2596 audacias
285 2546 383 2607 sappi:
401 2542 504 2595 ‘molier
521 2560 584 2595 aero
601 2547 703 2595 minime
724 2545 773 2596 lloa
790 2546 865 2595 moda
884 2552 993 2610 repetere
1011 2555 1099 2610 potest,

143 2618 249 2665 setila:
266 2615 328 2665 dari
341 2614 393 2665 eidi
405 2612 549 2679 oportete';
564 2618 634 2667 nullo
649 2616 723 2667 modo
738 2617 921 2666 admittendam
936 2617 1100 2668 Mommsemi:

146 2683 239 2751 ‘nepae
252 2693 335 2735 tamen
347 2687 440 2736 stricto
453 2688 509 2736 iare
523 2693 605 2749 petere
619 2693 700 2750 potest
714 2686 761 2736 sibi
775 2702 819 2736 cos
833 2688 895 2737 dari
908 2686 1046 2751 oportoro’.

146 2752 167 2823 ²)
181 2756 268 2807 Etiam
281 2757 345 2807 ltoec
358 2759 485 2807 sententio
494 2770 529 2807 es>
544 2757 571 2807 V
572 2753 594 2791 ⁸²
606 2758 684 2807 aliter
698 2764 774 2821 atque
784 2757 823 2807 ed.
834 2768 855 2809 t.
870 2759 1030 2809 restituenda
1037 2761 1099 2823 fait.

146 2826 226 2877 Notos
237 2828 322 2891 foisse
331 2828 411 2891 posui
424 2828 452 2876 ia
463 2825 553 2895 ἔφη),
566 2828 613 2877 nisi
628 2834 653 2877 et
666 2827 812 2891 possidente.
846 2827 964 2894 Vestipia
982 2844 1004 2878 o.
1020 2831 1100 2893 possi-

145 2897 214 2948 dente
235 2906 261 2947 et
280 2897 398 2947 uindicari
416 2906 544 2961 apparent
564 2900 591 2947 ia
612 2896 704 2948 Seded.
725 2896 895 2949 Blaltmionis.
931 2899 994 2949 Atto
1016 2902 1100 2965 suppl.

144 2967 229 3034 Krtip.
239 2970 294 3018 alia
309 2968 421 3018 Momms.
472 2964 494 3035 ⁸)
511 2968 602 3018 (ideal.
616 2976 720 3020 secutos
733 2970 844 3018 restitui.
891 2966 913 3034 ⁴)
930 2970 1048 3020 Correai.
1065 2972 1099 3035 ef.

142 3049 164 3098 t,
174 3050 208 3091 54.
227 3040 282 3103 quis
296 3039 383 3089 nollios
397 3039 490 3090 deinde
500 3046 562 3103 post
578 3039 688 3089 alienatio
703 3039 795 3089 addita
804 3054 866 3090 voce
881 3039 903 3089 ei
915 3040 941 3090 0.
956 3041 1013 3091 edd.
1024 3042 1101 3089 etiam

142 3125 213 3159 meae
222 3111 337 3174 priores.
398 3106 419 3175 ⁶)
433 3112 451 3159 i.
466 3125 488 3159 e.
503 3117 634 3173 acceptam
647 3108 750 3167 hahere,
764 3116 789 3158 et
800 3110 915 3174 fortasse
929 3111 1029 3160 occcidit
1045 3108 1100 3161 ‘ao-

144 3177 263 3243 csptam'.
289 3180 327 3244 Cf.
338 3193 359 3231 1.
373 3180 396 3229 Ι.
411 3179 480 3244 qaid.
494 3180 560 3233 mod.
578 3179 627 3231 obl.
638 3182 690 3231 toll.
707 3179 738 3244 (t,
748 3178 794 3245 tt).
809 3180 840 3228 L.
857 3190 876 3231 t.
891 3180 923 3228 D.
934 3181 967 3229 de
980 3182 1099 3244 acceptil.

144 3249 190 3315 (lt,
203 3249 228 3316 4)
241 3258 267 3300 et
280 3251 353 3314 infra
367 3262 388 3311 t,
404 3262 450 3303 tot.

143 3355 357 3367 ——n—-u—n-

214 3413 239 3487 ξ.
255 3421 297 3471 83.
319 3419 357 3483 Cf.
373 3420 397 3482 §-
412 3430 433 3473 2.
449 3418 472 3469 I.
487 3421 531 3470 cit.
541 3435 586 3484 pr.
601 3418 624 3469 I.
640 3419 672 3470 de
686 3426 754 3470 aact.
769 3426 814 3468 tot.
830 3416 862 3485 (1,
876 3415 920 3484 21).
965 3412 1100 3485 §84012

142 3490 166 3553 5.
181 3500 201 3539 s.
217 3490 239 3542 Ι.
255 3492 299 3540 cit.
314 3490 375 3555 ibip.
394 3490 524 3555 iiteopltil.
541 3491 593 3541 Oto.
611 3488 672 3554 Tap.
688 3503 713 3541 ιι
729 3491 785 3539 init.
856 3486 881 3557 ξ.
898 3490 940 3541 85.
962 3489 1000 3551 Cf.
1016 3500 1036 3549 e,
1052 3498 1099 3541 itt.

143 3561 197 3611 Oia.
212 3563 229 3610 l.
244 3578 267 3611 ct
281 3558 402 3629 proxime]
416 3563 439 3623 ξ.
453 3573 494 3618 tit..¹
537 3627 541 3630 ⁸
