2542 3909
164 196 182 251 8
254 200 276 234 0.
297 195 459 232 SEMPRONIVS
478 192 626 229 uvmnrtvs
647 205 680 213 ···
698 194 726 227 Ι.
745 193 834 228 1vrt1vs
854 192 1033 230 ducenteno.

327 314 386 381 ³¹²0.
410 312 687 379 SEMPRONIVS
709 314 962 380 'PVDITANVS

539 419 600 485 (uos.
616 434 638 469 a.
653 436 676 470 u.
691 418 749 485 cett).

455 513 840 591 Magistratuum.¹

225 626 248 688 1.
270 628 418 684 Tuditanus
434 628 518 684 refert
533 626 602 683 libro
618 630 699 683 tertio
715 630 931 701 magistratuum,
946 629 1125 705 decemuiros,

164 716 210 787 qui
231 712 323 770 decem
344 712 441 768 tabulis
459 712 524 767 draus
546 712 721 784 addiderunt,
743 713 776 769 de
796 712 978 770 intercalando
993 717 1168 789 populumta]

163 814 286 871 rogasse.
302 827 344 838 —
357 796 474 852 Maerob.
491 796 547 851 Sat.
566 796 594 865 1,
613 795 660 851 13.
677 797 706 867 3.
722 796 772 852 21.

227 880 258 939 2.
275 928 281 941 .
299 924 305 937 .
323 921 330 936 .
346 889 377 937 ut
391 882 419 937 iu
434 882 626 936 commentario
642 883 723 936 tertio
739 880 842 937 decimo
857 879 886 935 G.
898 880 1024 937 Tuditani
1039 891 1124 955 patet,

164 968 224 1039 quia
241 967 383 1039 imperium
399 966 487 1020 minus
503 974 621 1038 praetor.
638 966 723 1020 maius
739 964 819 1020 habet
833 964 940 1037 consul,
952 973 980 1021 et
995 968 1127 1023 aminare

165 1052 278 1124 imperio
294 1052 378 1106 maius
393 1057 439 1105 aut
456 1051 565 1105 maioris
581 1048 685 1120 collega
701 1050 791 1120 rogari
809 1049 868 1105 iure
883 1066 938 1105 nou
953 1044 1071 1123 potest²
1085 1080 1128 1091 -

164 1134 286 1190 Messalla
301 1134 371 1208 apud
388 1132 455 1189 Geil.
473 1132 522 1205 13,
541 1130 588 1188 15.
605 1133 633 1203 3.
650 1131 679 1189 b.

486 1294 542 1370 *Q
566 1293 805 1361 OOSOONIVS

323 1401 447 1469 (incertae,
466 1401 510 1449 sed
528 1401 598 1449 huius
618 1402 676 1464 tere,
694 1409 721 1450 ut
738 1401 840 1464 ridetur,
859 1399 964 1465 aetatis).

226 1491 245 1552 L
267 1494 325 1549 Hoc
350 1494 421 1549 idem
443 1485 607 1547 Cosconius³
633 1493 661 1547 iu
689 1491 838 1547 actionibus
860 1491 954 1548 scribit
976 1500 1127 1566 praetorem

165 1594 305 1634 accensum
329 1576 438 1632 solitum
462 1592 522 1631 esse
544 1573 649 1646 iubere,
673 1574 718 1630 ubi
740 1577 764 1630 ei
786 1574 928 1631 uidebatur
949 1577 1044 1634 horam
1067 1596 1127 1635 esse

166 1664 282 1731 tertiam,
305 1660 456 1729 inclamare,
479 1660 573 1715 horam
596 1675 656 1714 esse
670 1660 789 1730 tertiam,
813 1661 931 1732 itemque
946 1663 1084 1719 meridiem
1100 1672 1128 1719 et

165 1748 258 1803 horam
274 1737 398 1801 nonam.4
411 1774 453 1784 —
470 1744 553 1798 Varro
569 1742 602 1797 de
618 1742 647 1796 L.
662 1742 691 1798 L.
709 1743 737 1813 6,
755 1743 783 1799 9.
796 1743 823 1815 S.
840 1742 890 1800 89.

336 1906 398 1972 *tt
421 1904 594 1971 IVNIVS
618 1904 955 1972 GRACCHANVS

359 2011 396 2077 (C.
416 2012 551 2075 Sempronii
570 2012 672 2061 Gracchi
691 2018 720 2094 tr.
739 2013 772 2075 pi.
791 2010 930 2078 aequalis).⁶

511 2104 784 2167 commentariti

227 2210 252 2274 l.
272 2212 378 2270 Celeres
401 2211 452 2269 sub
475 2212 588 2268 Romulo
612 2212 776 2285 regibusque
791 2220 856 2268 sunt
870 2213 1007 2287 appellati,
1029 2213 1128 2270 deinde

165 2299 307 2361 desumus,
329 2305 425 2371 postea
449 2296 569 2369 trossuli,
592 2312 654 2351 cum
676 2296 804 2369 oppidum
826 2298 854 2352 iu
869 2297 964 2354 'luscis
986 2299 1052 2353 citra
1066 2297 1127 2353 Vol·

239 2458 259 2527 ¹)
278 2460 349 2521 Quae
364 2460 433 2509 Ptin.
451 2458 482 2508 N.
497 2459 532 2507 H.
549 2471 583 2522 19,
598 2471 631 2511 19.
647 2460 823 2510 exaudiebat
841 2462 939 2512 decimo
953 2464 1030 2512 tertio
1044 2461 1127 2521 babet,
1160 2512 1166 2520 ,

161 2532 327 2599 probabilius
340 2531 376 2579 ad
388 2532 444 2579 elue
458 2532 565 2579 annales
579 2530 739 2593 referuntur.
769 2528 791 2597 ²)
802 2532 841 2595 Cf.
856 2533 930 2595 infra
944 2532 981 2582 M.
996 2533 1129 2583 Valeriam
1160 2525 1165 2537 ¹

167 2604 314 2654 Messallam
325 2614 344 2652 1.
375 2597 395 2666 ⁸)
407 2600 467 2650 Cum
477 2602 583 2650 eundem
596 2602 628 2650 de
642 2602 720 2651 rebus
730 2605 908 2667 grammaticis
920 2606 1057 2667 smapmsee
1068 2620 1128 2654 coa·

165 2682 215 2725 stet
230 2672 324 2741 (Vara.
340 2672 371 2721 de
385 2671 417 2721 L.
432 2671 464 2721 L.
481 2684 501 2733 5,
511 2682 531 2723 5.
542 2674 565 2734 5.
576 2684 609 2723 96.
624 2671 695 2721 Suet.
710 2676 754 2723 uit.
773 2673 830 2723 Ter.
844 2672 877 2739 5.)
890 2677 976 2724 malim
990 2690 1058 2724 nanc
1073 2691 1129 2725 cum

167 2746 275 2794 Hertza'o
282 2750 405 2801 statuere,
413 2758 464 2793 aon
473 2744 499 2791 in
508 2743 715 2793 actionibooeum
722 2745 770 2794 lroc
777 2747 923 2807 scripsisse,
930 2745 1129 2809 scdscripsisse,

162 2822 311 2879 praetorem
319 2816 346 2861 ia
355 2813 499 2863 actionibus
506 2830 545 2873 ea,
557 2830 621 2878 quae
630 2821 781 2879 sequuntur,
791 2817 904 2865 iussisse.
923 2816 963 2865 De
972 2816 1130 2866 Hostilianas

166 2885 311 2935 actionibus
327 2884 378 2933 uid.
392 2884 442 2933 Cic.
458 2885 490 2934 de
504 2893 569 2935 orat.
580 2897 600 2946 1,
610 2896 644 2937 at.
655 2888 678 2947 ξ.
690 2896 737 2936 945.
762 2882 783 2949 ⁴)
795 2885 833 2948 Cf.
846 2885 1025 2937 Censorinus.
1054 2885 1129 2951 ⁵)De

166 2956 214 3005 boc
229 2955 263 3017 cf.
279 2955 310 3003 L.
322 2955 452 3005 Marcialio
467 2956 584 3006 delanio
597 2956 707 3005 Graccb.
720 2955 810 3005 Comen.
821 2962 892 3019 part.
903 2966 924 3004 1.
935 2967 954 3005 9.
974 2956 1056 3017 Dorp.
1067 2968 1128 3006 1941.

166 3034 191 3075 et
205 3026 241 3075 M.
256 3026 338 3075 Hertz
357 3026 388 3075 de
403 3026 479 3075 Iunio
497 3026 606 3075 Graecia.
626 3027 692 3088 disp.
712 3026 816 3074 adiecta
835 3040 921 3076 contra.
936 3026 968 3073 de
983 3025 1015 3072 L.
1033 3025 1129 3075 Cinciia

166 3096 253 3145 Berol.
274 3108 333 3147 1849.
345 3112 373 3160 p.
388 3108 414 3148 88
427 3112 495 3161 seqq.
531 3094 551 3161 6)
569 3096 623 3145 Hic
637 3097 728 3143 titulus
741 3096 834 3143 nititur
847 3094 948 3157 quidem
961 3101 1059 3143 tantum
1073 3097 1129 3147 loco

171 3167 250 3217 Vara.
261 3169 292 3217 de
302 3168 333 3216 L.
345 3167 377 3216 1..
388 3180 409 3230 6,
420 3180 440 3219 9.
451 3170 473 3229 5.
485 3177 518 3219 95.
533 3168 579 3215 hoc
594 3168 673 3228 ipsum
688 3161 817 3226 ‘iniigium’
834 3165 950 3226 scriptum
965 3164 1044 3213 iuueni
1060 3165 1084 3214 iu
1098 3166 1128 3216 tt.

166 3239 226 3287 iunii
237 3240 426 3299 commentariis,
440 3238 487 3287 sed
496 3240 556 3301 quia
567 3237 632 3285 idem
646 3237 681 3283 sit
694 3237 733 3284 sic
744 3235 779 3284 M.
790 3234 883 3283 Iunius
897 3250 954 3283 cum
967 3243 1064 3294 nostro,
1078 3238 1129 3285 iam

167 3325 222 3359 cum
235 3310 345 3359 Hertaa'o
360 3324 411 3358 aon
425 3307 521 3356 dubito.
545 3306 605 3369 Ipse
621 3304 792 3354 Gracchanus
804 3306 897 3368 scipsit
910 3306 986 3355 etiarn
1002 3303 1045 3356 ‘de
1055 3314 1128 3371 pote·

166 3377 284 3429 statibus'
302 3379 402 3436 librum,
417 3384 502 3425 notam
516 3392 551 3425 ecc
566 3376 618 3424 Cic.
633 3376 666 3423 de
682 3377 730 3440 129.
740 3388 761 3438 9,
772 3387 806 3439 99,
815 3388 849 3427 49.
869 3376 900 3425 J..
912 3389 973 3441 lpr.
985 3380 1007 3439 ξ.
1019 3390 1039 3427 1.
1054 3379 1086 3427 D.
1098 3379 1129 3427 cle

166 3450 234 3513 offic.
250 3456 345 3512 quaest.
361 3446 392 3514 (1,
403 3448 438 3511 19)
453 3453 477 3495 et
487 3446 554 3510 Lyd.
569 3446 601 3494 de
615 3461 681 3510 may.
692 3458 712 3508 1,
722 3458 756 3498 94.
774 3463 845 3512 quem
855 3450 946 3509 locum,
961 3465 1018 3499 cum
1027 3449 1129 3514 Lydum

165 3536 213 3570 saa
228 3527 374 3569 tautameos
387 3518 502 3581 Digestis
516 3517 631 3569 hausisse
647 3525 751 3577 constet,
766 3520 902 3571 omisimus.
