2542 3909
418 202 597 239 1vn111³svnn1
616 204 687 239 snus.
706 186 740 239 V.
760 192 802 240 33.
1025 191 1091 256 559

127 348 199 391 TIT.
216 346 328 388 xxxm.
355 347 397 388 DE
413 326 618 392 oaumouitsvs
634 350 677 391 m·
690 349 802 393 Pontus
818 350 1090 401 Aesmnunmtouvnn

197 440 223 500 1.
249 436 305 497 ¹Ne
321 440 434 498 liberum
450 444 510 515 quis
526 451 553 498 et
568 444 688 500 solutum
709 444 821 500 haberet
844 444 984 503 arbitrium
1005 456 1091 504 retra·

126 526 245 585 otandae
261 534 289 581 ot
303 526 471 601 reuocandas
492 529 661 599 sententiae,
682 536 710 584 et
724 522 842 601 ’poena²
863 537 890 585 et
906 538 1029 605 tempora
1043 550 1089 607 ap-

126 608 312 686 pellatoribus
331 611 491 684 praestituta
512 620 583 667 sunt.
628 609 757 678 Quodnisi
780 614 851 669 iuste
881 615 1089 689 appellauerint‚

127 688 275 768 tempona³
290 693 323 750 ad
338 693 486 751 cauendum
502 696 529 750 in
544 711 632 768 poena
648 696 837 769 appellationis
854 699 974 770 quinque
985 698 1090 756 dierum

127 780 292 854 praestituta
315 786 387 839 suut.
425 778 512 852 Igitur
533 795 642 835 motans
664 796 697 835 eo
720 782 747 835 in
769 780 847 851 loeo,
871 779 915 838 ubi
931 784 1087 856 appellauit,

128 878 230 921 cauere
245 861 337 933 debet,
352 870 383 917 ut
399 878 430 917 ex
446 862 489 919 die
504 856 694 937 acceptarum⁴
709 863 860 920 litterarum
876 868 998 922 continui
1011 869 1088 941 quin·

128 962 186 1021 qua
208 946 264 1001 dies
287 954 487 1020 computentur.
535 949 557 1003 si
587 962 652 1002 uero
675 947 799 1021 longius,
828 948 903 1005 salua
925 941 1090 1028 ²(dierum)⁵

129 1030 349 1087 dinumeratione
364 1022 498 1086 'itinenis6
514 1032 633 1105 quinque
650 1030 706 1086 dies
721 1048 782 1087 oum
804 1048 836 1089 eo
852 1034 929 1105 ipso,
945 1050 1000 1106 quo
1016 1034 1088 1090 litte·

128 1131 175 1170 ras
191 1114 338 1187 acceperit,
359 1122 558 1188 computantur.
599 1110 629 1174 ¹2.
652 1114 690 1169 Ne
706 1117 766 1189 quis
781 1117 808 1171 in
824 1118 974 1189 captionem
990 1116 1089 1174 uerbo·

128 1214 191 1253 rum
206 1200 233 1253 in
249 1190 388 1255 oauendo⁷
403 1198 519 1268 ineidat,
541 1198 771 1278 expeditissimum
788 1208 843 1271 ost,
867 1217 981 1273 poenam
1002 1203 1088 1275 ipsam

51 1292 115 1341 [464]
129 1282 177 1339 uel
205 1281 267 1355 quid
295 1281 367 1338 aliud
393 1298 443 1355 pro
470 1299 501 1339 ea
523 1281 672 1356 deponere:
702 1286 907 1340 necesseenim
930 1286 1088 1343 nonhabet

128 1381 291 1439 sponsorem
309 1367 368 1438 quis
386 1364 440 1421 ’uel
459 1362 736 1444 (fidepromissorem)
752 1362 994 1425 fideiussoremue⁸
1012 1369 1089 1441 dare,

128 1457 177 1506 aut
197 1443 343 1522 praesens9
365 1465 439 1517 esse3
463 1449 511 1505 sed
532 1452 555 1506 si
578 1459 676 1507 eontra
697 1466 758 1507 eum
774 1452 856 1508 luerit
870 1455 1087 1526 pronuntiatum,

129 1534 235 1609 perdit,
265 1531 337 1606 quotl
360 1532 496 1606 deposuit.
547 1530 575 1591 3.
604 1533 716 1601 Quoties
740 1536 767 1591 in
789 1553 877 1610 poena
900 1537 1087 1611 appellationis

129 1620 255 1687 cauetur,
271 1620 327 1673 tam
343 1631 507 1689 unusquam
523 1618 614 1691 plures
629 1616 819 1691 fideiussores,
841 1622 863 1676 si
878 1620 969 1677 idonei
984 1616 1089 1698 'sint‚¹⁰

129 1702 185 1757 dari
202 1708 332 1775 possunt:
349 1699 450 1758 sulioit
463 1703 533 1757 enim
550 1704 628 1758 etlam
644 1718 694 1775 pet·
707 1718 792 1759 unum
804 1703 935 1761 idoneum
946 1704 1087 1763 indemni-

130 1780 211 1842 tati¹¹
227 1800 330 1859 poenae
352 1784 466 1843 consuli.
510 1782 541 1843 4.
564 1785 591 1841 Si
612 1785 705 1859 plures
721 1782 914 1861 'appellent,¹²
929 1804 981 1845 una
997 1792 1088 1846 cautio

130 1867 245 1941 suflicit,
268 1877 296 1925 et
317 1870 340 1924 si
362 1880 431 1924 unus
454 1863 599 1942 ’caueat,¹³
620 1869 745 1926 omnibus
766 1872 861 1934 uincit.
904 1870 932 1930 ὅ.
957 1864 1086 1929 ¹⁴cuma

130 1952 251 2028 pluribus
270 1953 412 2009 sententiis
432 1962 612 2027 prouocatur,
634 1954 757 2027 singulae
779 1956 918 2011 cautiones
938 1955 1088 2029 exigendae

130 2046 194 2094 sunt
215 2045 243 2093 et
265 2036 299 2093 de
321 2037 436 2111 singulis
451 2039 546 2111 poenis
562 2037 748 2111 spondendum
764 2047 816 2095 est.
859 2033 888 2097 6.
910 2038 1004 2095 llodus
1019 2056 1086 2113 poe·

131 2138 195 2194 nae,
210 2123 238 2178 in
254 2136 306 2195 qua
322 2123 383 2194 quis
399 2136 493 2177 oauene
508 2120 604 2192 debet,
627 2122 781 2194 specialiter
802 2123 830 2179 iu
852 2124 976 2179 cautione
998 2124 1087 2197 expri-

204 2349 252 2399 itt.
271 2350 411 2400 XXXIII.
452 2348 472 2417 1)
489 2351 527 2415 Of.
546 2350 626 2401 Tacit.
643 2351 675 2400 A.
690 2363 724 2410 ιι,
741 2362 775 2403 es.
795 2351 827 2402 L.
842 2363 862 2403 a.
877 2352 917 2414 55.
933 2364 953 2403 e.
969 2364 990 2403 a.
1012 2352 1038 2402 0.
1053 2353 1087 2403 de

131 2421 222 2484 adpell.
243 2419 279 2486 (t,
298 2421 342 2487 ti).
409 2418 430 2487 ²)
449 2422 528 2472 Multi
547 2422 608 2472 cdd.
630 2436 722 2485 poenae
741 2423 797 2480 alii,
816 2423 873 2471 edd.
939 2418 1085 2487 ⁸)Matim:

131 2506 218 2555 poena,
241 2492 287 2540 nisi
312 2492 374 2541 iuste
395 2492 580 2555 appellamini,
602 2500 626 2541 et
647 2500 718 2555 temp.
741 2508 795 2555 app.
817 2500 905 2555 praest.
928 2499 989 2546 sunt.
1014 2494 1082 2543 'iem-

131 2576 196 2626 pom.
260 2558 283 2625 ⁴)
300 2561 338 2624 Of.
353 2572 378 2620 5,
393 2572 426 2612 84.
492 2561 513 2627 ⁶)
527 2562 664 2625 Suppleoi;
683 2563 783 2611 excidit
801 2562 832 2612 ob
854 2562 954 2612 diuum.
979 2571 1085 2627 utputo

132 2633 206 2681 etiam
221 2630 264 2679 m.
285 2631 344 2680 Vat.
359 2642 405 2682 168.
431 2631 470 2695 Of.
485 2632 516 2679 L.
532 2644 565 2683 88.
586 2634 609 2694 ἓ.
624 2645 645 2683 1.
669 2632 700 2682 D.
715 2647 750 2682 eae
769 2632 836 2697 quib.
856 2648 926 2683 oeus.
948 2636 1000 2683 mai
1015 2632 1046 2699 (a,
1060 2634 1085 2701 o)

131 2700 162 2752 L.
177 2712 196 2750 1.
212 2700 244 2749 D.
259 2703 283 2750 si
297 2703 355 2765 puis
369 2708 436 2751 caut.
452 2701 483 2767 (a,
498 2700 534 2768 11)
549 2702 581 2753 L.
596 2714 664 2766 apr.
678 2703 711 2754 D.
726 2703 840 2753 dederi.
855 2706 921 2769 eipn.
936 2702 980 2770 (oo,
995 2705 1039 2771 1a).

133 2768 211 2836 Μὶν
227 2770 314 2821 Cnido.
330 2774 363 2835 ej.
379 2772 464 2833 integri
479 2769 529 2837 (vel
543 2773 649 2838 interim)
669 2774 730 2823 odd.
746 2775 803 2823 edd.
830 2774 868 2838 Cf.
889 2774 933 2823 Fr.
959 2775 1016 2825 Vat.
1037 2788 1086 2827 162.

134 2838 153 2907 ⁷)
169 2841 232 2890 Nam
244 2842 359 2905 formula
373 2844 429 2891 eiua
439 2846 576 2902 cautionis,
587 2860 644 2893 eum
653 2859 688 2893 eae
698 2847 755 2894 iure
765 2847 980 2895 extraordinario
990 2850 1085 2909 veniat,

132 2914 201 2961 nulla
218 2915 356 2975 proposita
377 2920 423 2962 est.
497 2911 518 2979 8)
537 2915 575 2963 uel
597 2916 793 2964 ildeinssoremne
812 2917 884 2964 multi
906 2916 968 2965 Cdd.
988 2917 1084 2966 fideius-

132 2996 237 3031 soremue
256 2980 305 3046 (nel
325 2984 490 3033 fideiussorem
505 2984 597 3051 pauci)
616 2987 673 3045 ulii,
691 2986 748 3036 edd.
809 2983 831 3050 ⁹)
854 2984 928 3045 Quod
943 2988 1084 3049 promissio

132 3054 218 3118 exipit.
244 3052 391 3114 Posaeasor,
407 3056 451 3119 qui
461 3057 598 3119 pecuniam
608 3071 659 3106 non
669 3056 782 3119 deponit,
794 3071 936 3119 quanquam
947 3072 997 3106 non
1006 3060 1084 3106 satie·

132 3124 182 3181 dot,
196 3138 288 3174 enuere
303 3132 384 3174 tomen
399 3140 501 3177 necesse
515 3126 597 3175 labet.
615 3126 647 3175 L.
663 3137 696 3177 to.
716 3126 747 3175 D.
764 3128 808 3191 qui
821 3126 911 3175 sotisd.
926 3122 957 3191 (a,
972 3124 996 3191 a)
1032 3126 1086 3177 Sed

132 3196 202 3257 inops
216 3197 349 3259 appellare
359 3210 409 3245 non
420 3198 526 3261 poterit.
541 3197 572 3245 L.
583 3208 603 3247 s.
619 3198 641 3258 §-
652 3208 672 3247 a.
688 3196 719 3245 D.
731 3197 815 3247 mand.
825 3195 870 3262 (tt,
880 3194 912 3261 1).
962 3194 994 3264 ιο)
1006 3198 1085 3248 Multi

133 3264 189 3314 Odd.
211 3272 266 3314 sunt
284 3267 344 3325 olii,
363 3266 421 3316 edd.
483 3264 516 3333 ¹¹)
532 3266 622 3317 Malim
642 3268 763 3316 securitati
783 3265 828 3333 (ex
846 3267 968 3316 demniiati
988 3284 1044 3318 eum
1059 3270 1082 3317 in

131 3350 162 3384 ece
177 3336 347 3399 praecedenti
365 3350 388 3385 m
407 3338 508 3401 factum
525 3336 662 3403 uideatur).
725 3335 757 3404 ¹¹)
778 3333 939 3389 Gdd.5.1't'’.
964 3340 1084 3403 appellant

132 3408 214 3465 ceteri,
229 3407 287 3456 edd.
342 3403 374 3473 ιε)
390 3408 430 3472 qul
449 3416 545 3470 emeat,
565 3408 640 3458 uincit
660 3408 703 3458 Cd.
718 3421 752 3461 to.
771 3409 810 3458 De
824 3424 853 3459 re
868 3408 903 3472 of.
927 3408 959 3458 L.
974 3420 1007 3460 ιο.
1023 3412 1045 3472 §-
1060 3422 1082 3460 4.

131 3476 160 3525 D.
174 3478 204 3527 de
218 3478 312 3541 appell.
330 3476 374 3544 (te,
390 3478 421 3544 1).
490 3475 521 3537 14)
539 3479 576 3543 Cf.
591 3478 623 3527 L.
639 3490 665 3531 lt
675 3493 719 3542 pr.
739 3480 771 3529 D.
786 3480 841 3530 eod.
855 3479 887 3529 L.
903 3490 928 3530 tt
938 3496 982 3544 pr.
1003 3480 1035 3529 D.
1050 3480 1083 3530 de

131 3548 218 3598 iuried.
233 3548 264 3614 (i,
279 3546 312 3613 1).
