2542 3909
148 171 192 229 40
494 175 652 213 rr.uv1.1.1vs
670 173 770 211 cronno.

211 299 260 361 63.
277 301 312 359 A.
329 301 448 359 laudata
459 300 565 375 quidem
581 318 595 357 a
612 310 641 357 te
656 300 778 373 grauiter
792 307 820 355 et
834 315 915 355 uere:
932 299 979 355 sed
995 317 1119 374 quorsus

149 389 201 445 boo
215 386 354 461 pertinet?

212 471 252 527 M.
274 470 392 525 Primum
409 468 439 525 ad
456 485 498 541 ea,
513 468 656 542 Pomponi,
676 466 823 539 dequibus
839 468 925 523 acturi
939 466 992 522 iam
1008 484 1117 540 sumus,

150 572 220 629 quae
233 562 309 610 tanta
321 569 381 609 esse
392 552 535 621 uolumus;
550 568 604 608 non
623 552 693 607 enim
705 559 794 617 erunt,
810 551 862 606 nisi
874 566 906 606 ea
917 550 1032 622 luerint,
1043 552 1118 609 unde

149 638 195 695 illa
210 645 328 707 manant,
345 636 523 709 amplissima3
545 634 641 691 deinde
655 634 724 691 laeio
739 644 768 690 et
782 632 909 690 lubenter
924 643 960 705 et,
977 642 1009 690 ut
1023 652 1117 709 spero,

150 729 235 795 reete,
256 720 329 794 quod
345 736 412 791 eam,
434 721 532 793 quoius
546 718 636 775 studio
653 727 749 774 teneor
763 734 887 791 quaeque
901 734 944 773 me
958 734 1031 790 eum,
1054 720 1118 793 qui·

151 820 266 879 eumque
282 821 351 875 sum,
368 804 468 874 effecit,
484 820 538 859 non
554 818 666 877 possum
681 800 790 857 silentio
806 803 966 875 praeterire.

214 890 248 947 A.
271 888 340 945 Vero
356 888 420 944 laois
436 896 462 944 et
478 888 575 943 merito
591 894 621 943 et
633 888 688 961 pie,
713 885 819 959 luitque
833 885 870 951 id,
886 894 916 941 ut
930 885 1006 957 diois,
1020 888 1048 941 in
1063 887 1119 944 boo

151 989 277 1029 sermone
292 972 454 1032 faciundum.

470 1090 580 1143 LIBER
599 1088 797 1143 SECVNDVS.

214 1186 234 1240 l.
255 1182 280 1242 1.
303 1186 339 1241 A.
361 1184 413 1239 Sed
435 1185 522 1253 uisne,
544 1183 671 1256 quoniam
692 1190 721 1236 ot
739 1183 805 1237 satis
825 1182 878 1236 iam
894 1180 1059 1238 ambulatum
1075 1191 1120 1239 est

152 1278 181 1327 et
197 1268 244 1325 tibi
260 1267 331 1323 aliud
348 1266 451 1322 dicendi
468 1268 573 1322 initium
589 1266 750 1321 sumendum
766 1273 817 1337 est,
832 1265 923 1321 looum
938 1274 1075 1322 mutemus
1090 1275 1119 1323 et

153 1355 183 1409 in
199 1350 297 1422 insula,
319 1366 386 1424 quae
402 1358 443 1405 est
460 1350 487 1405 in
503 1348 634 1413 Fibreno,
652 1366 726 1420 nam,
750 1350 862 1423 opinor,
877 1350 903 1404 id
920 1348 958 1403 illi
973 1349 1052 1405 alteri
1067 1350 1119 1406 iio·

153 1436 220 1493 mini
235 1452 333 1491 nomen
350 1441 401 1506 est,
418 1434 535 1489 sermoni
550 1432 656 1505 reliquo
672 1433 764 1488 demus
780 1449 889 1506 operam
902 1432 1048 1489 sedentes?

147 1527 149 1530 '
217 1519 257 1577 M.
282 1518 351 1573 Sane
366 1516 488 1590 quidem3
505 1533 564 1571 narn
580 1516 627 1571 illo
643 1515 704 1572 loeo
716 1516 893 1572 libentissime
905 1517 981 1572 soleo
994 1518 1044 1585 uti,
1060 1519 1119 1574 siue

158 1604 223 1676 quid
238 1618 342 1657 meeum
358 1603 416 1673 ipse
433 1604 535 1674 cogito,
551 1602 608 1655 siue
624 1608 670 1655 aut
686 1599 749 1673 quid
765 1600 854 1655 scribo
869 1607 915 1656 aut
929 1599 1002 1673 lego.

217 1681 244 1742 2.
266 1685 299 1742 Α.
323 1683 464 1757 Equidem,
480 1687 525 1757 qui
541 1702 612 1740 nuno
627 1684 799 1757 potissimum
815 1684 869 1740 buo
883 1683 1014 1756 uenenum,
1026 1686 1119 1742 satiari

154 1786 209 1827 non
226 1784 307 1843 queo,
327 1766 534 1841 magnificasque
550 1768 627 1823 uillas
644 1776 672 1823 et
692 1770 844 1841 pauimenta
862 1784 1012 1824 marmorea
1030 1778 1060 1825 et
1080 1768 1118 1825 la·

155 1862 251 1930 questa
270 1860 342 1908 teota
364 1861 523 1915 contemno;
547 1852 644 1907 duetus
660 1868 725 1908 uero
741 1868 880 1925 aquarum,
897 1868 971 1924 quoe
983 1852 1029 1928 isti
1043 1852 1118 1909 Nilos

147 1947 183 2008 et
198 1936 313 2010 Euripos
334 1944 444 2007 uocant,
465 1938 525 2009 quis
545 1952 609 2005 non,
632 1952 693 1991 oum
714 1935 781 1991 haee
795 1935 893 2007 uideat,
915 1937 1055 1992 inriserit?
1070 1939 1119 1993 ita·

156 2039 219 2095 que,
241 2027 271 2076 ut
288 2027 318 2075 tu
332 2019 413 2094 paulo
430 2028 491 2075 ante
506 2019 539 2075 de
556 2020 617 2092 lege
634 2026 662 2075 st
677 2019 709 2074 de
724 2020 783 2075 iure
797 2020 932 2076 disserens
947 2019 979 2074 ad
995 2028 1119 2077 naturam

156 2104 291 2161 referebas
308 2106 406 2174 omnia,
422 2103 461 2160 sio
475 2105 502 2159 in
514 2104 556 2159 bis
568 2105 633 2177 ipsis
643 2103 734 2175 rebus,
750 2120 818 2176 quae
830 2102 863 2158 ad
875 2105 1025 2178 requietem
1037 2104 1119 2160 animi

156 2189 418 2264 delectationemque
434 2196 614 2262 quaeruntur,
630 2196 726 2243 natura
741 2186 905 2243 dominatur.
928 2203 980 2261 qua
995 2204 1025 2243 re
1040 2197 1120 2246 antea

155 2274 281 2347 mirabar,
301 2272 367 2329 nibil
390 2274 459 2327 enim
475 2273 516 2327 his
533 2274 560 2326 iu
577 2272 643 2327 loeis
659 2272 711 2327 nisi
726 2287 788 2326 sara
803 2279 832 2328 et
846 2278 952 2328 montes
968 2270 1119 2345 cogitabam

155 2360 247 2431 itaque
262 2364 293 2411 ut
307 2356 421 2412 lacerem
436 2363 464 2409 et
479 2354 647 2409 orationibus
661 2354 806 2409 inducebar
817 2356 873 2411 luis
885 2363 912 2410 et
923 2354 1056 2425 uersibus,
1070 2355 1119 2410 sed

157 2440 282 2511 mirabar,
298 2447 328 2493 ut
344 2438 407 2509 diri,
422 2445 450 2492 te
467 2446 520 2492 tarn
536 2437 614 2493 ualde
630 2438 682 2493 boo
695 2436 756 2493 loeo
772 2437 912 2495 delectari:
932 2455 1005 2495 nuno
1024 2447 1119 2495 contra

157 2524 240 2579 miror
256 2532 292 2593 te,
308 2538 368 2578 oum
385 2520 467 2576 Roma
483 2520 563 2592 absis,
579 2537 691 2593 usquam
707 2523 799 2594 potius
814 2538 884 2578 esse.

240 2602 267 2665 3.
289 2606 330 2662 M.
356 2604 411 2678 Ego
428 2620 505 2674 uero,
521 2621 582 2660 oum
597 2604 661 2661 lieet
675 2604 761 2678 pluris
771 2605 828 2662 dies
841 2605 945 2678 abesse,
960 2606 1119 2679 praesertim

157 2691 209 2747 boo
224 2699 348 2762 tempore
362 2690 439 2757 anni,
459 2694 487 2743 et
507 2690 785 2745 amoenitatembano
800 2686 847 2765 (et)
864 2683 1063 2746 salubritatem¹
1080 2706 1121 2746 se·

157 2791 238 2848 quor,
263 2790 326 2829 raro
346 2780 437 2828 autem
457 2770 530 2827 lieet.
567 2772 614 2828 sed
638 2773 762 2828 nimirum
785 2790 828 2829 me
849 2773 899 2829 alia
915 2790 1121 2847 quoqueeausa

157 2857 283 2929 delectat,
299 2872 367 2930 quae
384 2863 411 2910 te
426 2871 481 2910 non
496 2856 606 2929 attingit
620 2858 667 2913 ita.

220 2940 254 2997 Α.
276 2939 348 3007 Quae
365 2939 472 2995 tandem
488 2941 537 2995 ista
553 2957 631 2996 causa
648 2941 709 2996 est?

221 3023 263 3081 M.
287 3022 369 3095 Quia,
384 3025 407 3080 si
422 3039 516 3079 uerum
532 3023 660 3097 dicimus,
682 3024 748 3080 haee
762 3031 804 3079 est
817 3040 876 3079 mea
890 3031 918 3081 et
933 3025 1014 3082 buius
1028 3024 1121 3083 fratris

157 3109 210 3167 mei
226 3124 354 3181 germana
369 3109 470 3181 patria:
492 3108 537 3164 bio
558 3110 628 3164 enim
644 3110 698 3164 orti
713 3110 797 3182 stirpe
812 3110 995 3183 antiquissima
1013 3126 1121 3179 sumus;

157 3193 202 3248 hie
216 3208 302 3264 saera,
318 3191 363 3247 bio
378 3208 473 3265 genus,
489 3193 532 3248 hio
546 3194 677 3248 maiorum
692 3190 776 3249 multa
792 3193 918 3267 uestigia.
948 3194 1011 3267 quid
1026 3193 1122 3269 plura?

158 3276 227 3332 bano
248 3275 325 3331 uides
347 3276 452 3340 uillam,
476 3284 507 3331 ut
529 3292 601 3332 nuno
623 3276 731 3349 quidem
753 3281 811 3349 est,
833 3276 934 3333 lautius
957 3276 1121 3334 aedificatam

157 3361 242 3433 patris
258 3363 345 3415 nostri
361 3359 462 3432 studio,
479 3361 601 3432 quicum
617 3368 690 3415 esset
704 3358 808 3417 infirma
823 3360 990 3435 ualetudine,
1006 3362 1050 3418 bio
1064 3361 1122 3419 lere

232 3486 253 3557 ¹)
266 3458 401 3541 banc-odd.
417 3489 468 3539 AB
482 3490 573 3538 lbt'tne
587 3490 661 3537 tune?
752 3487 757 3495 ’
