2542 3909
193 189 255 253 852
343 206 400 242 vna.
415 204 519 241 cvrvsn.
534 204 620 239 rvssc.
635 202 819 239 consvmsaro.
835 184 893 239 vlt.
908 190 986 240 3-8.

193 346 221 391 et
231 344 326 391 contra
341 334 443 390 iudices
459 333 534 389 licuit
545 331 673 403 iudicare)
685 341 731 388 aut
745 334 767 387 si
779 334 815 387 ita
828 341 1003 403 conuenerat,
1016 340 1046 387 ut
1057 334 1157 389 iudicii

192 417 330 475 uinculum
353 410 540 473 solueretnri¹
575 413 604 474 8.
626 414 699 490 Ergo
722 417 810 489 pactio
833 416 890 489 ipsa
912 415 1002 473 ludicii
1025 416 1156 473 ordinem

192 511 221 558 et
235 502 458 557 constitutionem
474 497 601 556 'infirmat
621 494 717 572 atque²
732 499 868 574 discingit,
892 500 965 573 quod
981 508 1071 555 tamen
1094 517 1156 557 non

192 584 362 658 paciscendo,
374 584 423 641 sed
438 583 564 640 donando
579 582 639 639 lieri
653 584 798 656 potuisset,
815 582 963 641 secundum
985 585 1155 641 sententiam

192 668 280 725 Paulli
300 669 421 740 iuridici,
450 670 528 725 cuius
554 668 702 723 sententias
725 668 967 723 sacratissimorum
995 668 1156 741 principum

193 754 260 809 scita
274 768 381 825 semper
396 750 535 822 uelitum,
551 752 592 808 'ac
605 749 702 807 diualis
718 743 904 820 constitutio,i
920 744 1096 807 'declarant⁴

276 833 307 892 4.
329 835 414 892 Paulli
428 844 545 892 sentent.
560 835 580 891 l.
596 833 641 890 lib.
661 829 727 911 (tit.)
743 834 776 889 de
790 842 861 906 pact.
871 828 897 889 :⁶

235 920 289 976 Neo
303 929 398 975 contra
413 919 497 993 leges,
509 935 561 975 nec
571 928 666 975 contra
675 918 762 974 bonos
773 933 863 974 mores
875 919 974 991 pacisci
990 922 1166 992 possumus*

275 1000 303 1060 d.
325 1002 391 1059 ltem
406 1002 467 1059 eod.
484 1002 531 1059 lib.
546 1011 575 1058 et
589 1004 631 1057 tit,
641 994 670 1057 :⁶

235 1088 346 1144 Pactum
361 1096 454 1145 contra
470 1088 511 1142 ius
527 1094 572 1142 aut
589 1086 799 1142 constitutiones
814 1094 860 1141 aut
873 1084 900 1141 S.
913 1084 942 1141 C.
955 1086 1154 1159 interpositum

235 1170 301 1227 nilril
316 1172 446 1227 momenti
460 1170 550 1226 habet.

277 1250 307 1315 d.
328 1253 395 1311 item
410 1270 444 1311 ex
457 1269 573 1327 corpore
587 1251 672 1307 Paulli
687 1252 720 1308 de
735 1258 805 1326 pant.
821 1260 849 1308 et
863 1244 1040 1309 conuentis:⁷

235 1338 300 1395 Post
314 1353 371 1393 rem
385 1336 527 1393 iudicatam
547 1344 665 1411 pactum,
686 1337 738 1393 nisi
757 1335 912 1393 donationis
934 1352 1012 1393 causa
1027 1338 1153 1411 interpo-

235 1430 324 1492 natur,
340 1423 444 1478 seruari
459 1437 514 1478 non
528 1414 680 1493 'oportet.³

277 1501 303 1563 7.
327 1503 458 1578 intelligis
474 1513 635 1560 memoratae
656 1505 786 1577 pactionis
806 1505 1027 1560 constitutionem
1042 1504 1151 1561 iuridici

194 1590 311 1646 auctoris
326 1589 469 1644 sententiis
486 1580 632 1643 ’uacuam⁹
656 1585 732 1657 Quid,
747 1589 865 1659 inquam,
878 1586 992 1643 ulterius
1007 1590 1152 1661 requiren-

194 1671 275 1727 dumi
306 1670 373 1726 llicit
393 1685 455 1743 pars
470 1669 595 1725 aduersa:
618 1667 703 1726 ‘Paeti
718 1686 811 1726 sumus
826 1669 911 1726 libero
934 1670 1056 1742 arbitrio,
1072 1671 1151 1727 nullo
1163 1690 1220 1738 [rto]

194 1755 319 1829 cogentis
341 1755 466 1828 imperio,
481 1746 599 1810 ’sicut¹⁰
613 1752 692 1809 bonis
707 1740 827 1809 moribus
843 1746 1023 1812 'consonat¹¹
1046 1754 1075 1810 Si
1090 1772 1151 1811 cer·
1250 1778 1251 1787 ¹

195 1847 262 1911 turn,
278 1855 333 1896 non
344 1847 438 1895 contra
450 1837 501 1893 ’ius
513 1852 576 1894 esse
587 1845 640 1894 aut
648 1831 674 1871 ¹²
685 1846 795 1893 senatus
807 1838 940 1910 consulta,
953 1854 1020 1911 qnae
1031 1837 1152 1896 iudicata
1250 1886 1251 1895 ,

194 1933 258 1980 sunt
273 1925 361 1997 prius,
386 1922 493 1979 ellectni
515 1922 721 1977 contradantur:
745 1915 819 1977 ἀῑ13
841 1921 874 1977 do
897 1922 950 1992 lits,
973 1938 1041 1995 quae
1065 1921 1149 1979 alter·

194 2009 291 2064 cationi
303 1996 452 2080 'superesse
467 2015 628 2076 noscuntur,
646 2004 691 2060 ’sit
706 2004 805 2078 dignus
815 1998 840 2038 ¹⁴
863 2022 893 2062 ac
907 2004 1003 2079 legalis
1018 2022 1149 2063 numerus

193 2091 320 2161 indicum,
344 2090 389 2163 qui
413 2096 510 2146 cuncta
532 2088 612 2145 ’latae
634 2090 785 2145 sententiae
807 2082 1028 2145 moderationeff
1049 2090 1150 2147 discin-

194 2174 264 2248 gat?
273 2168 299 2208 ¹⁰
334 2172 364 2230 8.
379 2172 458 2229 Certe
472 2174 496 2228 si
511 2188 622 2229 neeesse
638 2181 690 2244 est,
706 2173 814 2228 rusticis
829 2171 1012 2246 improbisque
1027 2174 1149 2230 moribus

160 2284 167 2293 ·
194 2257 294 2331 aliquid
310 2256 423 2330 amplius
439 2254 575 2327 satisfieri,
590 2257 642 2329 ipsi
658 2255 727 2327 dno,
744 2272 813 2329 quos
828 2256 946 2329 praelata
961 2256 1082 2313 carthola
1098 2274 1150 2315 no·

189 2407 335 2471 petentibus
349 2406 532 2473 impostoribus,
546 2421 597 2470 per
610 2408 743 2473 delepatos
756 2406 863 2465 iudices,
878 2422 985 2470 quorum
998 2414 1050 2457 tum
1064 2411 1150 2459 maior

192 2493 314 2528 numerus
328 2480 450 2528 constitui
463 2477 568 2527 solebat.
601 2478 660 2527 Vid.
677 2477 767 2539 Praef.
825 2474 845 2541 ¹)
860 2476 927 2527 Edd.
943 2485 968 2527 et
981 2493 1070 2538 uncos,
1083 2494 1149 2543 quas

189 2551 331 2613 posuimus,
342 2556 366 2597 et
374 2551 499 2613 interrop.
509 2550 610 2613 sipnum
620 2550 750 2613 ipnorant.
789 2542 811 2612 ¹)
822 2546 866 2595 Em
874 2547 991 2612 Poppaei
1001 2551 1034 2611 ej.
1044 2550 1149 2598 infirmat

194 2632 255 2680 quas
269 2618 326 2666 edd.
391 2614 414 2681 ⁸)
429 2619 446 2666 i.
461 2632 482 2666 e.
493 2618 605 2680 perinde
618 2633 651 2667 aa
665 2619 760 2667 divalis
774 2619 921 2667 constitutio
938 2616 1148 2684 (temperantes).

199 2687 258 2735 Vid.
273 2685 376 2735 Handii
393 2686 501 2736 Purseli.
516 2685 577 2750 dp.
592 2698 640 2737 tto.
672 2686 741 2746 Quae
756 2694 872 2751 potestas
886 2690 1034 2751 particulae
1053 2704 1080 2737 ac
1096 2705 1149 2740 non

190 2771 321 2821 perpensa
342 2756 440 2819 effecit,
461 2763 490 2805 ut
509 2759 583 2804 varie
603 2758 630 2804 in
651 2756 699 2805 ltoe
720 2760 776 2807 loeo
795 2760 989 2821 interpretando
1010 2767 1149 2809 erraretur
1249 2774 1250 2823 3

194 2826 329 2893 (Zeitscltr.
342 2827 364 2889 f.
377 2826 465 2891 pescli.
481 2824 552 2875 RW.
566 2824 646 2874 XIII.
658 2841 686 2889 p.
697 2837 730 2877 to.
741 2826 786 2892 os).
811 2828 863 2878 Neo
877 2843 937 2878 vero
952 2830 1022 2878 dixit
1036 2830 1149 2879 diuslem

194 2898 406 2955 constitutionem,
420 2898 482 2960 quia
492 2898 563 2961 ipsae
573 2896 735 2946 Constantini
744 2906 768 2947 et
781 2897 917 2949 Theodosii
930 2906 954 2948 et
968 2900 1150 2949 Valentiniani

194 2971 262 3033 lepos
276 2967 318 3030 (L.
333 2978 353 3016 s.
369 2978 389 3018 t.
408 2966 451 3019 tn
469 2968 495 3018 G.
510 2968 541 3017 de
555 2982 622 3030 resp.
639 2969 718 3031 prud.
734 2981 754 3025 1,
769 2966 791 3032 t)
810 2968 859 3019 lroe
877 2970 1076 3019 additamentum
1095 2986 1148 3020 non

194 3036 365 3088 continebant.
399 3038 514 3102 Denique
535 3038 620 3087 dinslis
639 3040 664 3087 ei
684 3045 722 3087 est
743 3038 851 3089 diuorum
873 3040 1019 3103 principum,
1041 3055 1150 3104 quorum

193 3109 389 3158 constitutiones
403 3110 430 3158 in
447 3108 584 3159 maistam
598 3108 803 3159 continebantur.
876 3106 899 3175 ⁴)
913 3110 1019 3159 declaret
1034 3111 1096 3161 Par.
1113 3122 1148 3161 tt.

193 3179 451 3231 declarauitPar.td.
504 3176 673 3244 ⁶)I.1.§.4.
726 3176 905 3241 Β)Ι.1.ἓ.4·.
981 3178 1148 3247 ⁷)I.1.§.5.

195 3244 216 3309 Β)
231 3247 276 3294 Ex
290 3248 364 3297 Paul.
377 3251 435 3313 epit.
446 3256 525 3312 potest
538 3250 597 3300 edd.
648 3246 669 3313 θ)
684 3248 775 3298 Malim
788 3250 892 3299 nacuari.
946 3247 979 3315 10)
995 3252 1037 3300 tibi
1048 3258 1071 3300 et
1081 3251 1147 3303 Par.

193 3327 228 3366 tt.
248 3316 294 3364 sibi
310 3317 372 3366 Par.
388 3330 421 3369 so.
488 3316 520 3382 ¹¹)
535 3320 700 3368 coaststedd.
767 3315 801 3382 ¹²)
816 3320 880 3369 iussa
895 3322 990 3371 etedd.
1017 3320 1151 3383 Scriptum
1188 3372 1192 3377 ,

192 3386 319 3446 fueraut
334 3401 386 3435 esse
402 3395 448 3437 ant.
502 3386 535 3452 ¹⁸)
551 3396 575 3437 et
588 3389 646 3437 edd.
700 3384 733 3452 ¹⁴)
747 3388 778 3437 sit
792 3389 884 3450 dignius
901 3390 963 3439 Par.
974 3403 1008 3442 tt.
1027 3392 1048 3440 si
1063 3392 1150 3453 dignus

196 3454 260 3503 Par.
274 3466 308 3505 so.
375 3454 407 3521 ¹⁵)
422 3458 468 3507 lata
486 3460 604 3507 sententis
623 3458 744 3509 moderata
763 3458 854 3507 ratione
870 3460 933 3508 Par.
948 3472 981 3511 tt.
1003 3462 1084 3526 Pupp.
1100 3462 1151 3511 lata

195 3524 311 3572 sententia
326 3527 488 3577 moderatione
503 3528 566 3576 Par.
582 3539 615 3578 so.
677 3524 709 3592 ¹⁶)
723 3526 805 3592 Sipna
819 3530 918 3579 citandi
932 3544 979 3580 nos
993 3532 1150 3581 addidimus.
1248 3532 1249 3581 i
