2542 3909
321 232 382 267 uos.
402 233 434 266 nr
453 232 513 266 non.
532 231 622 267 uuovu
641 231 748 266 counnr.
767 214 788 266 Ι.
808 219 849 268 12.
871 220 912 268 13.
1027 214 1088 278 651

139 361 296 433 Claudium,
324 364 425 434 optime
447 344 607 434 imperator,
636 369 665 417 et
685 360 836 417 Euaristum
859 362 993 436 cognoui,
1022 361 1094 435 quod

139 445 269 502 Claudius
290 443 356 516 Lupi
380 443 450 500 iilius
473 445 500 500 in
522 445 666 516 conuiuio,
688 445 752 501 dum
774 462 841 518 sago
864 445 993 517 iactatur,
1016 445 1095 518 culpa

140 529 214 584 diarii
231 527 343 583 Euaristi
359 529 395 583 ita
411 527 479 583 male
494 538 620 602 acceptus
635 529 731 592 luerit,
756 537 787 585 ut
809 537 871 601 post
884 528 955 585 diem
971 530 1095 603 quintum

140 620 303 668 moreretur.
346 613 435 684 Atque
463 611 621 684 apparebat,
650 612 751 668 nullam
773 613 936 669 inimicitiam
963 611 1039 669 ’cum
1062 629 1095 669 eo

140 690 276 752 Euaristi¹
305 695 398 752 luisse.
443 694 490 750 sed
513 690 688 768 cupiditatls²
709 695 814 770 culpam
838 695 1015 752 coercendum
1039 712 1095 752 cre·

140 780 212 853 didi,
235 788 265 836 ut
280 781 363 835 ceteri
378 779 498 835 eiusdem
514 781 609 834 aetatis
631 783 745 836 iuuenes
761 778 977 835 emendarentur.
1020 779 1095 835 ideo·

141 879 196 937 quc
211 863 292 918 Mario
309 862 431 918 Euaristo
447 859 524 933 urbe,
544 862 619 918 ltalia
634 863 671 918 ’ct
686 856 839 936 prouincia³
853 863 956 918 Baetica
972 864 999 918 in
1015 863 1095 936 quiu-

141 947 289 1020 quennium
304 946 447 1015 interdiu,
468 955 496 1002 et
511 945 630 1018 decroni,
648 957 680 1001 ut
694 945 822 1019 impendii
836 945 926 1002 ’causa
942 941 1010 1005 its}
1041 945 1095 1001 duo

140 1031 212 1086 milia
228 1032 296 1104 patri
319 1024 449 1087 ’iuuenis⁵
465 1029 636 1102 persolueret
651 1027 801 1100 Euaristus‚
824 1029 897 1102 quod
919 1028 1096 1085 ’manifestata

141 1123 199 1170 erat
219 1107 297 1170 eins⁶
312 1123 463 1186 paupertas.
500 1113 571 1168 Velis
593 1113 765 1169 rescribere'
801 1109 829 1170 3.
851 1111 936 1168 Verba
955 1115 1095 1186 rescripti:

141 1197 269 1253 ‘Poenam
282 1197 355 1252 ilarii
366 1195 481 1252 Euaristi
496 1205 580 1267 reete,
592 1197 718 1267 Taurine,
733 1197 889 1253 moderatus
904 1213 934 1252 es
946 1197 1096 1253 admodum

141 1275 269 1354 culpac:⁷
293 1280 377 1336 refert
399 1281 468 1336 enim
491 1281 567 1335 etin
590 1279 734 1336 maioribus
757 1279 876 1351 delictis,
902 1280 1028 1337 consulto
1051 1280 1097 1336 ali·

141 1364 206 1438 quid
223 1364 389 1432 admittatur,
404 1379 437 1418 au
453 1361 539 1420 casu!
582 1361 612 1421 4.
634 1363 666 1418 Et
681 1379 744 1419 sanc
759 1365 785 1420 iu
802 1363 926 1420 omnibus
940 1363 1096 1421 criminibus

141 1449 278 1504 distinctio
293 1447 360 1503 baec
381 1441 508 1522 'poenael
528 1455 574 1503 aut
594 1440 745 1503 ’iustitiam9
765 1463 917 1520 prouocare
933 1445 1027 1520 debet,
1050 1455 1098 1504 aut

141 1539 383 1604 temperamentum
398 1531 548 1587 admittere.

204 1615 270 1688 Kap.
287 1615 339 1670 illl.
376 1613 591 1672 Modestinus
614 1614 706 1671 libro
729 1615 1011 1672 diiicrentiarum
1033 1613 1097 1672 sub

141 1699 249 1756 titulo
269 1698 308 1754 de
328 1697 526 1755 scientibus
549 1707 580 1755 et
602 1699 854 1772 ignorantibus
876 1699 1098 1772 generaliter

141 1783 312 1856 loquitur:
350 1780 375 1839 1.
398 1781 594 1856 Nonnunquam
609 1799 659 1855 per
677 1784 857 1855 ignorantiam
878 1782 1097 1854 delinquentibus

142 1869 206 1922 iuris
230 1864 316 1922 ciuilis
338 1867 417 1922 uenia
438 1866 521 1922 tribui
542 1866 627 1934 solet,
650 1867 673 1920 si
689 1865 769 1921 modo
784 1864 926 1921 remincti
942 1867 1020 1937 quis,
1041 1882 1097 1921 non

142 1952 209 2006 iuris
231 1953 356 2024 ignoret:
378 1949 457 2024 ’quac
478 1943 614 2005 scilicet¹⁰
636 1948 750 2004 consilio
773 1947 993 2020 delinquentibus
1020 1965 1097 2022 prae·

142 2036 208 2090 stari
223 2050 278 2090 non
293 2033 373 2090 solet.
418 2032 533 2106 Propter
548 2032 619 2105 quod
633 2033 812 2087 necessarium
828 2039 885 2102 cst,
901 2031 989 2087 addita
1004 2032 1098 2087 distin-

142 2121 232 2174 ctione
254 2117 440 2188 considerare,
463 2125 554 2172 utrum
577 2118 679 2172 sciente
698 2131 731 2170 an
753 2117 897 2188 ignorante
919 2115 1010 2188 aliquo
1033 2115 1097 2189 quid

142 2210 250 2276 gestum
265 2208 445 2274 proponatur.
490 2197 528 2255 Et
549 2199 691 2274 reliqua.

206 2283 270 2358 liap.
293 2283 359 2339 xttt.
402 2283 527 2340 Paulus
555 2283 645 2339 libro
674 2290 707 2338 et
730 2282 840 2339 titulo
864 2298 929 2354 quo
952 2276 1097 2357 snpra¹¹

143 2367 168 2426 1.
193 2367 243 2436 nui
259 2367 342 2424 telum
356 2367 486 2424 tutandae
500 2367 596 2423 salutis
611 2382 692 2423 causa
706 2368 794 2439 gerit,
814 2382 870 2422 non
886 2365 995 2422 uidetur
1011 2367 1098 2422 bomi-

68 2470 131 2520 [554]
143 2454 183 2508 nis
200 2451 337 2509 occidendi
354 2467 432 2507 causa
447 2460 567 2524 portare.
609 2446 636 2508 2.
661 2449 718 2506 Teii
739 2457 828 2505 autem
848 2449 1027 2523 appellatione
1042 2466 1098 2506 non

143 2544 247 2591 tantum
262 2535 364 2592 ferrum
380 2537 543 2600 continetur,
560 2533 608 2590 sed
621 2549 709 2599 omne,
727 2533 800 2607 quod
815 2533 931 2590 nocendi
944 2550 1022 2591 causa
1034 2551 1098 2608 por·

143 2629 154 2675 t
171 2627 181 2674 t
203 2631 230 2674 iii
243 2628 294 2676 esi.

155 2637 169 2676 a
184 2636 201 2676 u
214 2699 316 2764 Explicit
330 2699 412 2750 titulus
427 2699 456 2748 de
471 2699 566 2748 sicariis
581 2706 605 2747 et
618 2697 755 2756 homicidis,
768 2713 826 2747 casu
840 2698 878 2748 uel
892 2697 1022 2748 uoluntate.

218 2893 238 2960 ¹)
253 2909 306 2944 cum
317 2893 415 2943 euaristi
425 2891 455 2943 B.
475 2892 573 2942 euaristi
588 2892 628 2941 Vi.
645 2892 744 2941 ebaristi
758 2891 806 2941 Va,
822 2889 1097 2941 combibissetis.

145 2960 168 3030 ¹)
182 2965 273 3014 Malim
292 2964 446 3028 stupiditatis.
512 2959 533 3028 ³)
549 2977 561 3010 e
577 2963 701 3026 prouincia
719 2962 764 3011 Ve.
783 2963 906 3024 prouincia
925 2960 956 3009 B.
983 2961 1025 3010 Vi.
1039 2961 1097 3010 edd.

144 3032 166 3099 ⁴)
181 3034 297 3084 causaB.
317 3034 358 3083 Vi.
373 3033 468 3086 ed.Bl.
488 3048 584 3083 causam
603 3032 649 3082 Ve.
700 3030 787 3097 ⁶)eius
804 3031 934 3083 cddedd.
986 3028 1098 3096 ⁰)mani-

144 3105 203 3154 lesia
218 3107 295 3154 luerat
309 3106 360 3153 eius
381 3100 422 3152 Vi.
442 3105 566 3154 manifesta
585 3105 636 3152 eius
656 3103 733 3151 iuerat
750 3100 781 3151 B.
810 3101 855 3150 Vc.
870 3100 927 3184 edd.
993 3098 1014 3184 l)
1029 3101 1062 3150 L.
1076 3114 1096 3154 5.

142 3177 167 3310 li
181 3175 405 3295 {limittit
419 3172 572 3310 bibile.
587 3169 1098 3307 biblffbfid‘ddld'sibf‘ltfill

147 3313 179 3381 ¹⁰)
194 3315 335 3380 Suspicor:
347 3316 456 3380 quaema
471 3313 541 3380 (quae
556 3315 643 3379 uenia).
697 3310 730 3379 ¹¹)
748 3302 790 3376 ΟΧ(
801 3312 833 3361 L.
849 3325 882 3362 11.
897 3314 937 3375 ἐξ.
948 3326 968 3364 t.
979 3323 1000 3364 t.
1015 3312 1048 3362 Ι),
1063 3313 1099 3362 od

143 3388 192 3452 lep.
208 3387 259 3438 Iul.
274 3387 306 3437 de
320 3389 346 3436 vi
355 3385 427 3450 publ.
443 3384 488 3452 (48,
501 3384 534 3450 6).
