2542 3909
172 216 236 280 524
453 234 524 269 trun
541 233 640 269 rantra
660 233 734 268 saur.
753 213 801 268 IV.
821 220 860 269 11.

172 372 202 433 6.
219 367 316 432 ¹Serto
328 374 414 448 gradu
425 376 539 432 ueniunt
551 391 633 447 supra
644 375 771 443 tritauus,
784 374 904 430 tritauia:
920 371 989 428 inlra
1002 373 1138 448 trinepos,

172 460 311 533 trineptis:
326 475 358 514 er
370 457 482 532 obliquo
493 458 587 515 lratris
598 467 627 514 et
639 460 743 514 sororis
753 457 884 531 abnepos,
893 455 1032 530 abneptis:
1046 457 1138 514 fratris

170 542 313 618 patruelis,
328 545 433 599 sororis
447 543 588 617 patruelis,
605 543 719 614 amitini,
735 543 871 613 amitinae,
886 540 1054 613 consobrini,
1070 558 1138 599 eon·

173 626 298 684 sobrinae
310 643 407 701 nepos,
419 629 526 701 neptis3
543 629 632 701 patrui
644 628 744 700 magni,
757 628 853 682 amitae
870 641 993 700 magnae,
1009 626 1140 685 auunculi

173 713 274 786 magni,
288 720 452 768 materterae
466 728 582 785 magnae
596 728 699 785 nepos,
715 712 822 784 neptis,
842 709 870 766 id
886 719 928 766 est
948 710 1071 784 ’propius
1091 728 1139 766 so·

172 795 253 867 britti,
268 797 383 870 propius
398 789 538 852 sobrinae²
553 794 640 866 lilius,
658 793 729 866 filia,
745 796 792 869 qui
806 787 938 852 ’sobrini³
952 793 1135 869 appellantur.

173 879 271 955 quibus
285 878 327 937 'ex
342 873 447 937 latere⁴
460 889 618 936 accrescunt
639 880 796 954 propatrui,
816 880 977 953 proamitae,
998 895 1138 953 proauun·

172 964 237 1035 culi,
251 972 465 1040 promaterterae
480 962 571 1034 lilius,
586 962 658 1034 filia3
681 961 843 1038 abpatruus,
864 963 998 1039 abamita,
1022 964 1050 1020 bi
1071 973 1140 1020 sunt

171 1049 250 1106 abaui
269 1050 377 1124 paterni
395 1049 481 1106 irater
501 1056 529 1105 et
543 1066 638 1118 soror3
661 1047 863 1119 absumamus,
883 1047 1079 1118 abmatertera,
1109 1047 1138 1103 bi

86 1133 89 1139 ’
171 1142 237 1190 sunt
251 1133 361 1191 abaniae
375 1143 503 1208 pateruae
518 1143 710 1208 maternaeque
731 1131 815 1190 irater
835 1140 863 1188 et
884 1148 979 1202 soror,
1002 1132 1138 1206 abanique

171 1213 311 1274 materni.⁵
346 1211 372 1274 7.
398 1211 532 1292 ⁸Septimo
555 1219 643 1293 gradu
666 1219 713 1292 qui
735 1224 800 1274 sunt
822 1217 946 1290 cognati,
969 1225 1044 1274 recta
1065 1217 1138 1273 liuea

171 1319 254 1376 supra
275 1302 401 1376 inlraque
423 1303 541 1376 propriis
563 1302 717 1359 nominibus
739 1317 794 1358 non
817 1300 1002 1375 appellantur:
1032 1301 1080 1358 sed
1103 1317 1138 1357 ex

171 1396 329 1444 transuersa
350 1386 421 1444 linea
443 1387 620 1443 continentur
640 1386 730 1442 fratris
745 1387 885 1442 sororisue
900 1379 1070 1460 'adnepotes
1091 1386 1138 1441 ad·

171 1464 303 1545 neptes;⁷
319 1470 474 1529 consobrini
491 1462 746 1549 ⁹(cansobrinaene
758 1477 952 1542 pronepotes,
965 1476 1137 1543 proneptes,

172 1556 283 1612 sobrini
300 1547 507 1632 sobrinaene)⁸
528 1553 576 1611 filit
596 1553 732 1630 tiliaeque.
768 1551 797 1611 8.
814 1549 1019 1612 isnccessionts
1034 1555 1137 1611 idcirco

172 1638 274 1714 gradus
293 1648 400 1713 septem
422 1641 565 1696 constituti
586 1648 661 1710 sunt,
685 1641 747 1714 quia
770 1639 885 1696 ulterius
907 1655 956 1713 per
977 1655 1068 1696 rerum
1090 1655 1139 1694 na·

171 1732 261 1779 turam
278 1740 329 1841 poen
343 1724 453 1780 nomina
467 1725 601 1797 inueniri,
631 1740 682 1781 nee
696 1726 752 1781 ulta
772 1723 978 1782 suceedentibus
993 1726 1139 1798 prorogari

171 1814 274 1882 potest.
405 1809 415 1826 ’
970 1817 972 1822 ·

170 1979 385 1988 —-—.——-

173 2099 271 2142 tantum
284 2093 345 2151 sint,
360 2091 392 2141 ab
407 2094 512 2158 apnatis
525 2093 720 2142 discernantur.
746 2092 784 2156 Cf.
800 2099 851 2142 not.
866 2101 887 2143 5.
946 2087 966 2157 ¹)
982 2091 1021 2154 Cf.
1032 2091 1139 2156 Lopr.

173 2162 204 2211 L.
216 2175 250 2213 ro.
265 2165 289 2226 5.
301 2175 334 2215 lt.
350 2163 383 2210 Ι).
397 2163 422 2212 b.
437 2171 455 2212 t.
522 2159 544 2228 ²)
558 2163 671 2226 proprius
690 2163 781 2212 subrini
799 2162 911 2225 proprius
928 2163 1040 2212 subrinae
1057 2163 1101 2213 Cd.
1116 2177 1138 2214 t.

172 2234 261 2297 prioris
281 2234 373 2283 sobrini
392 2235 505 2297 propriae
524 2234 636 2282 sobrinae
658 2233 699 2284 Cd.
714 2246 748 2284 ts.
773 2233 894 2297 propioris
911 2233 1002 2282 sobrini
1017 2235 1140 2298 plerique

174 2304 236 2354 Cdd.
251 2305 309 2354 edd.
332 2303 370 2367 Os.
385 2311 437 2356 not.
453 2318 465 2357 t
475 2321 504 2368 p.
511 2320 555 2367 pr.
621 2300 643 2368 ³)
658 2304 704 2354 Em
715 2304 800 2355 Contii
809 2307 841 2368 ej.
853 2304 992 2353 consobrini
1004 2303 1067 2354 Cdd.
1078 2305 1138 2355 edd.

173 2372 195 2440 ⁴)
213 2373 402 2425 Omnestd.a
416 2375 491 2424 latere
505 2375 564 2424 edd.
617 2372 638 2440 ⁶)
650 2375 688 2438 Cf.
700 2383 772 2427 noto
777 2391 806 2439 p.
813 2391 857 2438 pr.
914 2371 935 2439 ⁶)
952 2374 990 2437 Cf.
1002 2374 1033 2424 L.
1044 2387 1065 2426 a.
1081 2377 1104 2438 §-
1116 2388 1137 2427 1.

172 2446 204 2495 t.
215 2458 249 2496 ιο.
264 2448 288 2508 §-
298 2458 333 2496 18.
347 2445 379 2494 D.
394 2445 420 2494 Ιι.
435 2453 453 2494 t.
520 2442 541 2510 ⁷)
557 2445 683 2496 Nonnulli
698 2446 760 2496 Cdd.
772 2446 887 2508 adnepos,
902 2445 1012 2508 adneptis
1027 2461 1062 2495 em
1076 2447 1140 2496 aliis

171 2517 229 2566 edd.
282 2512 304 2580 8)
318 2514 405 2576 Haec,
425 2531 491 2580 quae
504 2518 620 2575 restitui,
635 2518 779 2576 excidisse,
798 2518 854 2566 ueri
867 2523 905 2566 est
918 2518 1042 2575 similius,
1061 2533 1138 2582 qnam

171 2587 241 2651 qnod
254 2587 303 2636 alii
316 2588 452 2636 uoluerunt
461 2601 514 2650 pro
528 2588 666 2637 consobrini
680 2587 864 2653 corripendum
878 2587 977 2636 sobrini.
1005 2587 1065 2638 Hoc
1079 2595 1137 2637 tan·

171 2665 223 2706 tum
241 2671 325 2722 penna
343 2665 511 2721 copnatornm
531 2659 641 2708 Paullus
660 2674 694 2708 em
711 2659 818 2722 septimo
839 2658 925 2722 prada
950 2667 1136 2717 consummarat,

171 2728 241 2792 quod
253 2742 283 2778 eo
296 2727 432 2791 referendi
444 2736 521 2796 erant
534 2729 640 2780 sobrino
654 2728 792 2780 sobrinave
802 2730 858 2778 nati
867 2735 982 2787 nataeve,
993 2744 1057 2793 qnos
1066 2733 1137 2780 solos

167 2806 279 2863 praetor
292 2814 327 2848 ex
340 2801 446 2862 septimo
458 2801 546 2866 produ
560 2801 596 2850 ud
609 2801 667 2851 bon.
673 2802 862 2863 possessionem
871 2799 1006 2851 vocabant.
1030 2799 1065 2850 Et
1076 2801 1136 2864 for-

171 2877 240 2920 tasse
253 2877 314 2919 ante
327 2870 408 2920 fratris
422 2873 524 2922 excidit
537 2872 606 2920 inira.
673 2867 693 2935 ⁹)
710 2870 748 2934 Cf.
759 2871 813 2922 Ine
822 2886 866 2934 pr.
886 2870 983 2928 ΜΛ.
1046 2867 1078 2934 ¹⁰)
1093 2871 1136 2921 Ea

170 2942 237 2990 enim
250 2939 315 3005 (uita
330 2942 494 3005 defunctum,
513 2944 557 2992 cni
569 2940 731 3005 succeditur)
746 2943 900 2992 terminatur
917 2944 1022 2992 saeculo
1040 2941 1083 3006 (L.
1099 2953 1133 2993 aa.

169 3012 202 3061 D.
217 3013 249 3062 de
264 3012 347 3076 usnsr.
362 3024 383 3075 t,
398 3028 417 3064 1.
438 3013 527 3065 Genea.
541 3024 575 3075 ta,
590 3025 624 3064 ts.
639 3024 673 3064 16.
698 3012 785 3063 Emod.
800 3025 839 3074 te,
853 3010 903 3077 to),
922 3020 1017 3076 septem
1036 3019 1135 3063 tantam

165 3082 317 3146 pubertates
330 3091 368 3142 et,
378 3099 429 3147 per
443 3085 499 3143 bas,
511 3085 695 3149 pancrationes
713 3085 873 3140 continerem
892 3098 939 3134 nec
954 3085 1044 3136 melior
1059 3099 1135 3150 qnam

168 3153 285 3205 directae
300 3162 465 3204 transversae
479 3157 563 3205 tineae
577 3155 698 3206 condicio
717 3169 772 3204 esse
786 3161 885 3218 potest,
905 3170 970 3220 quae
986 3162 1084 3206 tantum
1099 3155 1136 3204 ad

169 3226 335 3277 imitationem
353 3226 471 3275 directae
493 3226 530 3275 ad
551 3225 619 3276 bona
639 3227 821 3289 defunctorum
843 3233 959 3276 uocatur.
993 3226 1052 3276 Hac
1072 3241 1134 3276 con-

168 3297 331 3358 templatione
340 3302 443 3346 stemma
454 3298 635 3361 copnata'onum
641 3296 839 3363 D'oroilliannm
849 3295 988 3362 (adiectum
1002 3297 1133 3360 lbeopbii.

168 3365 207 3417 ed.
222 3365 294 3417 Reiz.
309 3365 331 3415 I.
347 3364 618 3432 p.tt1)seaepradns
636 3369 771 3417 continens
790 3369 828 3416 ita
843 3369 942 3431 pictum
963 3375 1013 3428 est,
1032 3375 1060 3418 nt
1078 3369 1134 3418 lon·

165 3436 244 3500 paeni
257 3437 328 3486 senis
341 3450 452 3499 corpore
470 3438 715 3502 comprehendatur,
733 3453 815 3500 snpra
834 3439 957 3503 infraque
975 3446 1001 3488 et
1014 3437 1046 3489 ab
1062 3445 1133 3488 ntro-

168 3521 217 3569 qne
230 3508 312 3556 latere
326 3507 461 3557 eminentis
478 3507 687 3573 membranaeque
701 3507 818 3558 manibus
834 3509 958 3568 tenentis,
978 3524 1043 3574 qnae
1061 3511 1134 3560 solae

168 3581 226 3636 past
238 3578 295 3625 eins
308 3575 403 3626 obitum
417 3580 563 3628 memoriam
574 3581 681 3644 pencris
690 3579 882 3644 propapabnnt.
