2542 3909
179 208 242 274 388
460 222 521 259 oarr
538 222 635 259 mrsrm.
655 204 702 261 lv.
724 209 865 259 rao-126.

180 386 211 425 ex
234 377 373 440 tempore,
396 364 444 421 sed
467 367 547 422 etiam
563 382 594 421 ex
616 380 734 439 persona
754 361 896 419 dilatoriae
912 362 1087 435 exceptiones
1107 362 1158 418 in-

179 452 367 525 telleguntur,
397 450 491 523 quales
513 459 579 506 sunt
600 450 786 523 cognitoriae,
815 447 892 503 uelut
913 447 937 502 si
959 448 999 518 is,
1029 448 1076 521 qui
1097 464 1158 521 per

117 572 119 578 ι
180 536 297 592 edietum
320 535 492 608 cognitorem
515 534 578 591 dare
599 550 655 590 non
677 540 786 607 potest,
809 548 860 606 per
880 534 1053 605 cognitorem
1074 541 1154 605 agat,

180 620 225 676 uel
247 617 297 693 ic,
320 612 388 693 pui¹
412 619 492 675 dandi
515 618 622 693 quidem
638 618 791 691 cognitoris
813 618 855 672 ius
878 617 985 689 lrabeat,
1008 632 1070 672 eum
1091 616 1155 689 det,
1257 623 1258 662 1

180 706 223 762 cui
251 722 306 761 non
333 705 397 761 licet
425 706 597 779 cognituram
625 705 778 776 suscipere:
807 717 867 757 nam
895 702 919 756 si
945 701 1078 758 obiciatur
1100 718 1153 757 ex·
1257 719 1258 730 ¹

180 790 270 863 ceptio
294 790 457 864 cognitorla,
480 790 503 844 si
525 790 583 863 ipse
605 787 669 844 talis
691 790 760 859 erit,
783 795 814 842 ut
835 788 859 842 ei
874 802 928 842 non
952 786 1032 843 liceat
1053 788 1153 859 cogni·

180 883 268 931 torem
291 874 365 945 dare,
388 872 447 948 ipse
470 889 552 948 agere
575 880 682 946 potest:
706 873 729 927 si
744 888 813 928 uero
831 872 969 945 cognitori
991 888 1046 928 nou
1069 871 1153 927 liceat

181 960 353 1033 cognituram
377 960 527 1033 suscipere,
552 972 602 1032 per
623 957 705 1013 alium
728 957 898 1030 cognitorem
922 965 969 1014 aut
990 972 1040 1030 per
1061 964 1153 1011 semet

179 1046 267 1117 ipsum
294 1043 406 1100 liberam
430 1042 510 1099 habet
532 1042 629 1117 agendi
651 1050 834 1116 potestatem,
863 1048 890 1096 ct
916 1050 969 1097 tam
992 1042 1046 1097 hoc
1068 1056 1151 1115 quarn

111 1127 226 1185 231.illo
248 1128 330 1185 modo
355 1129 458 1184 euitare
480 1119 641 1205 ²(potest)²
662 1128 864 1200 exceptionem:
890 1126 991 1199 quodsi
1013 1120 1151 1202 dissiimu·

178 1213 273 1269 laverit
293 1220 320 1269 et
343 1204 426 1269 eum³
451 1228 501 1286 per
523 1214 695 1287 cognitorem
719 1212 826 1286 egerit,
855 1227 912 1267 rem
935 1211 1037 1285 perdit.
1081 1208 1150 1269 126.

178 1298 234 1354 Sed
253 1298 436 1371 peremptoria
460 1297 566 1370 quidem
583 1298 743 1370 exceptione
765 1297 788 1352 si
803 1312 866 1352 reus
888 1313 939 1370 per
954 1312 1074 1353 errorem
1091 1312 1148 1351 non

177 1382 263 1438 luerit
289 1399 370 1454 usus,
398 1382 425 1437 in
455 1382 593 1455 integrum
616 1382 772 1437 restituitur
797 1380 952 1437 adiciendae
977 1382 1147 1455 exceptionis
1163 1391 1225 1444 [ooo]

177 1468 277 1541 gratia:
302 1466 427 1522 dilatoria
452 1482 520 1522 uero
546 1467 570 1521 si
595 1482 651 1522 non
677 1466 766 1536 luerit
786 1482 869 1539 usus,
897 1483 930 1522 an
954 1468 983 1522 in
1008 1468 1149 1541 integrum
1244 1539 1247 1542 Ι

176 1551 360 1623 restituatur,
382 1551 530 1625 quaeritur.

242 1629 308 1695 126.
324 1635 462 1691 Interdum
478 1636 579 1705 euenit,
604 1642 635 1690 ut
652 1636 786 1709 exceptio,
808 1652 877 1708 quae
892 1636 978 1710 prima
994 1635 1061 1691 iacle
1075 1637 1150 1691 iusta

177 1718 319 1791 uideatur,
347 1720 440 1793 inique
461 1728 559 1776 noceat
581 1720 681 1775 actori:
711 1720 784 1793 quod
807 1736 869 1777 cum
891 1720 1004 1793 accidit,
1028 1720 1078 1777 alia
1100 1719 1149 1775 ad·

176 1803 295 1860 iectione
311 1820 380 1877 opus
402 1812 444 1860 cst
462 1802 608 1861 adiurandi
631 1804 731 1881 actoris
752 1806 855 1878 gratia:
878 1821 947 1878 quae
969 1804 1084 1861 adiectio
1103 1820 1147 1861 re·

179 1886 295 1962 plicatio
307 1897 437 1969 uocatur,
461 1890 521 1962 quia
537 1905 588 1963 per
603 1904 661 1945 eam
676 1888 825 1962 replicatur
840 1899 922 1963 atque
940 1888 1088 1946 resoluitur
1102 1890 1148 1944 uis

180 1975 364 2047 exceptionis:
389 1975 488 2030 namsi
506 1972 583 2030 uerbi
598 1975 687 2044 gratia
701 1981 798 2047 pactus
813 1976 864 2030 sim
881 1982 988 2046 tecum,
1010 1990 1044 2030 uc
1063 1990 1148 2048 pecu·

178 2058 266 2129 uiam,
289 2074 369 2133 quam
386 2060 451 2115 mihi
466 2058 559 2132 debes,
581 2067 640 2115 ate
654 2067 791 2132 peterem,
812 2058 909 2115 deinde
926 2069 1024 2133 postea
1039 2060 1066 2115 iu
1082 2075 1146 2116 eon·

178 2144 290 2199 trarium
305 2146 377 2219 pacti
393 2147 489 2217 simus,
504 2145 531 2200 id
547 2152 597 2216 est,
614 2150 646 2199 ut
660 2150 754 2216 petere
769 2143 836 2199 mihi
850 2143 946 2216 liceat,
966 2151 1008 2217 et,
1029 2148 1052 2199 si
1068 2160 1145 2218 agam

179 2236 287 2300 tecum,
306 2231 422 2303 excipias
445 2238 486 2300 tu,
508 2238 538 2285 ut
558 2230 594 2283 ita
615 2228 723 2283 demum
745 2228 810 2283 mihi
831 2228 1029 2300 condemneris,
1053 2231 1076 2285 si
1091 2246 1145 2286 non

154 2330 157 2335 ·
180 2315 356 2385 conuenerit,
381 2330 488 2369 nesam
504 2314 646 2388 pecuniam
666 2320 806 2386 peterem,
828 2321 911 2370 nocet
933 2314 998 2369 mihi
1021 2315 1145 2389 exceptio

176 2399 248 2470 pacti
264 2400 409 2467 conuenti3
433 2414 549 2471 namque
564 2396 741 2454 nihilominus
759 2397 812 2455 hoc
829 2414 924 2455 uerum
940 2406 1042 2471 manet,
1065 2399 1145 2455 etiam

176 2482 200 2535 si
219 2490 316 2554 postea
335 2483 362 2537 in
383 2483 548 2537 contrarium
568 2483 640 2555 pacti
660 2497 769 2553 sumus3
792 2481 840 2539 sed
863 2485 925 2556 quia
945 2484 1070 2557 iniquum
1093 2492 1144 2555 est,

176 2580 219 2620 mc
249 2564 354 2621 excludi
381 2567 555 2639 exceptione,
580 2564 722 2640 replicatio
746 2567 811 2623 milri
834 2566 914 2623 datur
935 2584 967 2624 cx
989 2569 1145 2641 posteriore

249 2764 270 2834 ¹)
284 2768 359 2820 Haec
381 2769 406 2820 0.
426 2778 451 2821 et
470 2772 527 2824 edd.
547 2787 598 2823 raon
616 2772 726 2828 iaderam
745 2773 815 2837 quod
831 2787 893 2822 aero
907 2775 990 2837 poulo
1004 2780 1065 2838 post
1083 2781 1144 2823 ante

177 2853 231 2888 eum
241 2840 282 2889 det
294 2840 389 2891 liabent
402 2857 414 2891 s
425 2865 459 2884 =
470 2843 521 2906 sed,
536 2840 640 2894 videtur
654 2845 796 2908 aliquando
805 2859 841 2894 ex
854 2836 891 2908 isti
905 2852 1056 2909 corruptum
1064 2845 1143 2909 idque

176 2918 265 2963 nostro
289 2913 347 2963 loco
371 2915 565 2965 restituendum.
631 2911 707 2983 ¹)H.
727 2918 744 2965 l.
763 2916 793 2979 pia
808 2922 871 2979 post
891 2915 994 2966 enirn-re
1012 2917 1144 2967 caecidisse

172 2982 310 3046 probabile
323 2992 377 3043 θείς
396 2992 456 3035 ante
474 2994 523 3035 tam
542 2986 617 3037 laedet
631 2988 670 3036 ed.
685 2986 734 3052 Bp.
809 2983 891 3053 ⁸)Sic
905 3003 975 3038 nunc
984 3004 1037 3052 pro
1051 3002 1105 3037 cum
1120 2994 1144 3036 et

177 3053 203 3103 0.
232 3063 258 3105 et
279 3058 385 3107 reiectis
407 3072 463 3107 meo
485 3059 648 3123 aliorumque
671 3061 715 3122 cjj.
739 3074 808 3108 nanc
828 3058 960 3122 facillima
980 3061 1143 3109 correctione

174 3128 287 3191 scripum
311 3143 364 3177 cum
384 3130 517 3194 intellege,
537 3144 609 3193 quem
627 3130 737 3179 dicarat
749 3130 844 3193 priore
861 3134 889 3179 et
903 3131 1053 3193 posteriore
1071 3145 1143 3189 curu,

175 3212 239 3260 quoa
257 3200 344 3263 aliquo
364 3200 437 3250 modo
457 3200 554 3249 diserte
572 3201 725 3265 significare
745 3200 893 3251 Gulussae
911 3216 982 3251 more
1000 3210 1073 3253 certo
1092 3217 1143 3252 non

174 3271 329 3331 supersedit.
349 3277 434 3319 utrum
448 3270 551 3321 acridae
565 3271 629 3334 quod
644 3271 665 3320 si
680 3286 714 3321 an
729 3271 815 3335 quodsi
826 3288 922 3337 parum
936 3271 1026 3336 refert.

247 3440 272 3512 ᾖ.
294 3444 353 3495 125.
380 3446 419 3509 Cf.
436 3448 637 3509 §§.5a.or.1es.
662 3448 694 3501 L.
714 3460 735 3499 a.
760 3448 866 3509 Queat.
882 3463 949 3498 reso.
969 3466 994 3499 n.
1005 3466 1035 3514 p.
1050 3448 1082 3515 (r,
1097 3449 1143 3515 ω).

175 3512 207 3561 L.
228 3526 302 3565 8.1a.
322 3528 356 3568 15.
382 3516 408 3566 C.
428 3518 460 3567 de
479 3532 537 3567 exc.
557 3516 593 3583 (a,
612 3518 658 3584 36).
731 3515 757 3586 §
779 3521 838 3571 126.
853 3542 887 3562 =
898 3534 942 3583 pr.
958 3519 980 3568 I.
1001 3521 1033 3569 de
1049 3523 1142 3586 reptio.

176 3580 212 3646 (e,
231 3582 276 3649 ιι).
