2542 3909
403 244 545 279 ovoonvs.
563 243 708 281 mmetvs.
726 242 882 279 Ausucum
1055 224 1116 288 869

163 390 230 447 τρος
243 391 278 449 τη
265 366 500 447 ίνιονριάρουμ
514 365 672 445 ἐνήχθη
642 389 696 445 την
715 375 946 429 enimsolusuere
956 373 1042 430 huius
1052 389 1119 431 con·

163 448 274 531 οίρχην,
296 450 348 511 καί
361 448 428 510 ἀντὶ
448 461 501 528 τῆς
516 448 605 523 είς
574 472 609 509 τα
624 449 695 530 χρή·
715 459 868 512 stitutionis
889 460 1013 527 speciem
1032 460 1119 512 anim·

163 557 241 613 ματα
261 535 424 611 καταδίκης
452 533 600 611 ἐξωρίσθη
622 532 695 615 πρὸς
716 541 846 605 aduertit,
856 543 1121 598 etsecundumeius

165 616 318 677 ε’νιαντόν·
347 611 465 677 είτα’
431 639 486 677 ονιι
510 616 639 695 ἐπείσθη
661 640 695 699 τη
716 624 895 679 traditionem
927 640 979 681 nos
1009 628 1120 697 finperc

163 698 313 775 ἀποφάσει
328 724 381 779 της
397 699 525 804 ἐξορίας·
545 701 696 762 καὶτοῦτο
715 706 863 801 debemus,
896 707 975 764 itanc
1002 708 1120 765 Petrum

163 781 301 862 μαθών*
288 806 304 843 ο
319 783 459 891 βασιλεὺς
479 780 569 857 αὐτὸς
591 783 620 858 ἐξ
640 783 695 844 αὖ·
714 791 885 846 iniuriarum
898 792 1077 847 actioneab
1066 796 1119 847 nti-

163 870 286 940 θεντίας
301 870 344 941 εἰς
358 877 502 946 πενταετῆ
520 868 627 947 χρόνον
641 864 695 928 ao}-
716 876 752 928 tio
768 880 937 930 conuentum
952 882 979 929 et
996 878 1056 931 uice
1067 890 1120 946 pe·

163 951 216 1012 τὸν
225 951 405 1055 ἐξώρισεν,
448 951 500 1012 καί
538 951 696 1051 ἐπήγαγεν,
716 973 866 1013 cantoriae
877 959 1120 1015 condemnationis

164 1029 256 1096 αὐτὸν
276 1059 317 1114 μη
337 1032 525 1114 ητιμοίσθαι,
547 1057 582 1095 ον
571 1029 692 1094 ’διά
664 1058 695 1095 το
714 1044 744 1096 in
755 1058 862 1097 annum
874 1044 1031 1114 retepatum
1044 1042 1120 1113 suis·

163 1119 256 1198 βάρος
271 1128 324 1197 τῆς
339 1122 479 1198 τιμωρίας
495 1128 546 1197 τῆς
559 1115 640 1191 ἕξ’
601 1128 697 1179 αυτοῦ
715 1140 761 1180 se:
756 1125 874 1180 demde
881 1128 1118 1181 sententiaerete

164 1213 216 1265 τοῦ
231 1203 374 1303 βασιλέως
386 1201 606 1279 ἐπενεχθείσης,
621 1200 695 1261 itte
712 1208 836 1281 potionis
850 1224 907 1265 non
925 1209 1119 1279 obtemperas-

164 1286 261 1346 διὰ
234 1309 267 1347 το
281 1282 372 1365 βάρος
393 1295 446 1363 της
465 1285 585 1365 πρώτης
603 1307 695 1345 κατοι-
714 1306 761 1347 se·
783 1293 860 1363 quod
881 1308 945 1347 cum
962 1295 1121 1363 imperator

163 1369 260 1446 δίκης,
275 1366 350 1430 ὄπ’
333 1367 394 1428 απὸ
409 1370 448 1451 τῷ
463 1368 585 1470 άρχοντι
598 1369 696 1471 κρινό-
714 1378 877 1431 rescivisset
879 1390 960 1446 ipse
969 1390 1009 1432 ese
1020 1382 1119 1431 aucto·
1146 1402 1148 1410 ι

163 1474 251 1531 μενος
262 1429 696 1553 άςῦβριστῆςάντίηρημάτων
715 1461 800 1514 ritate
815 1474 869 1515 suu
884 1462 913 1513 in
934 1462 1123 1531 quinquennii

164 1538 206 1609 είς
235 1536 351 1611 ἕξορίαν
380 1532 593 1614 κατεδικάσθη.
643 1535 695 1597 οὔ·
716 1550 827 1612 tempus
850 1558 913 1598 eum
934 1546 1072 1617 retepauit
1093 1549 1121 1598 et
1195 1562 1204 1574 ²

164 1643 221 1693 τως
236 1614 292 1681 οὖν
306 1620 382 1699 ἔχων
396 1618 412 1681 ὁ
427 1620 628 1700 θεμαστισμδς
644 1630 697 1699 της
716 1628 847 1696 subiecit,
859 1641 922 1683 eum
934 1644 992 1683 non
1003 1642 1065 1684 esse
1077 1630 1120 1683 in·

164 1704 335 1780 διατάξεως,
350 1727 406 1763 κατ
407 1701 552 1763 ὀὐδὲν”
536 1722 696 1765 επταισται.
713 1710 857 1779 famatum
869 1728 926 1767 non
937 1718 1062 1782 propter
1077 1726 1121 1767 se·

164 1785 261 1846 ἐάν
229 1810 285 1865 γαρ
293 1786 326 1846 ἐν
336 1788 533 1889 τῇπενταετία
543 1787 697 1890 νρήσωμεν
716 1796 862 1848 ueritatem
875 1808 990 1863 poenae
1006 1796 1067 1849 ab
1056 1809 1120 1863 ipso

164 1868 196 1929 τὸ
211 1872 403 1947 βεβαρῆσθαι
417 1866 521 1946 αὐτὸν,
517 1847 608 1929 οὐδὲ
622 1868 696 1940 ὅλως
713 1879 848 1947 principe
863 1893 888 1933 er
885 1878 1047 1950 inflictae,
1070 1879 1122 1933 sed

164 1976 184 2029 η
172 1948 352 2025 διάταξις
335 1969 517 2056 catatonum
509 1953 697 2031 σωθείησαν
711 1967 836 2031 propter
851 1962 1031 2016 seueritatem
1041 1964 1119 2031 prio·

165 2038 197 2096 οί
227 2033 316 2096 κόποι
351 2044 404 2097 τοῦ
434 2035 696 2134 μνημονεοθὲντος
715 2046 757 2099 ris
779 2044 1032 2110 condemnationis,
1056 2060 1120 2099 cum

164 2129 349 2227 περιφανοῦς
365 2112 539 2199 άνδρὸς,’
512 2143 554 2193 εις
567 2118 695 2201 άπὲραν·
714 2144 733 2182 u
769 2130 941 2200 mapistratu
976 2127 1121 2183 iudicatus

165 2224 217 2263 τον
231 2204 286 2281 τὴν
300 2203 413 2265 οίκείαν
431 2205 628 2265 διδασκαλίαν
643 2228 695 2282 pu·
714 2213 888 2267 iniuriarum
917 2214 1029 2267 nomine
1057 2213 1120 2267 loco

165 2285 310 2366 ριζόμενοι
331 2283 418 2346 ἕν’
380 2296 462 2370 αοττβ
481 2295 522 2370 τῷ
539 2280 695 2388 πονήματι.
712 2297 905 2365 pecuniariae
911 2296 1119 2365 poenaeodre

5 2373 6 2380 ’
95 2367 301 2442 [seinamma
309 2349 490 2449 1είπεν,’
472 2394 518 2431 οτι
537 2368 629 2449 ηνίκα
651 2374 696 2433 δι·
713 2380 883 2449 topationem
903 2380 1058 2434 damnatus
1077 2395 1120 2435 es·

164 2450 422 2532 πλασιαζόμενος
408 2476 424 2514 ο
440 2454 546 2559 χρόνος
566 2464 618 2534 τῆς
633 2452 696 2530 ἕξο-
715 2468 766 2517 set.
781 2460 920 2533 Itaquesi
929 2466 1119 2531 speciescon·

165 2539 230 2618 ρίας
245 2534 466 2618 ὑπερβαίνει
436 2561 470 2597 τα
486 2536 589 2598 δέκα”
573 2557 638 2617 ετη·
657 2562 697 2612 ην
715 2548 868 2601 stitutionis
882 2546 955 2601 isaeo
972 2553 1024 2616 est,
1048 2546 1120 2603 nituit

163 2620 220 2702 γάρ
231 2620 321 2699 τυχὸν
332 2623 392 2694 είς
389 2622 418 2696 ἐξ
432 2619 587 2695 ἕνιαοτοδς
599 2620 631 2683 ἐκ
644 2632 696 2700 της
715 2634 767 2699 est,
789 2630 865 2701 quod
878 2630 1017 2702 offendat.
1045 2630 1120 2687 Nam

164 2703 344 2784 ἀποφάσεως
359 2704 533 2784 ἕξορισθείς
557 2706 623 2768 τότε
641 2704 696 2768 οὐκ
714 2715 740 2768 si
760 2715 937 2784 accipiamus
956 2730 1019 2771 eum
1037 2718 1119 2787 quin·

165 2788 227 2849 ἔστι
240 2788 431 2851 διπλασίου”
413 2812 495 2863 ετονς
509 2786 695 2868 ηκαταδίκη,
715 2799 833 2869 quennii
850 2814 947 2867 poena
969 2804 1120 2854 oneratum

164 2868 238 2933 etto
254 2874 399 2951 διηνεκως
422 2872 583 2977 ἕξορίζεται.
622 2872 696 2933 άλίδι
715 2884 908 2949 esse‚ommno
919 2896 976 2936 non
984 2884 1120 2938 consistet

165 2963 252 3015 τοῦτο
279 2954 336 3034 μὲν
364 2958 396 3017 τὸ
425 2954 607 3038 ἀνάγνωσμα
639 2948 699 3018 άπὸ
717 2966 880 3019 constitutio
889 2970 917 3019 et
923 2966 1061 3035 peribunt
1072 2982 1119 3021 su

164 3038 281 3100 τοῦθ’.
302 3042 364 3144 βιβ
386 3050 448 3102 των
467 3047 501 3101 δε
523 3046 612 3101 officio
635 3062 698 3117 pro·
716 3047 802 3102 dores
822 3051 971 3104 memorati
996 3046 1120 3105 illustris

164 3121 304 3183 οοοεοίίσ2
327 3119 363 3184 06
384 3124 477 3202 μόνον
497 3120 601 3224 αὐτὸς,
624 3121 697 3185 etate
716 3132 1120 3201 uiriininfinitumdoctrinam

162 3203 248 3265 καθ’
235 3228 252 3266 ο
274 3230 355 3285 ηρως
377 3199 568 3280 Εὖδόξιος’
548 3207 695 3289 ανήγαγε·
715 3229 797 3270 suam
824 3217 1016 3287 tarpientes
1006 3218 1119 3288 inipso

238 3421 258 3489 1)
274 3424 417 3483 Patricius,
432 3426 726 3477 ouiustiaotenusuerbo
739 3426 891 3478 dilataturus
900 3433 993 3479 attulit.
1042 3426 1062 3495 2)
1078 3431 1119 3481 [ll-

158 3495 239 3557 pioni
251 3492 383 3559 'penninos
401 3496 482 3547 libros
501 3499 663 3561 inspexerat,
683 3514 717 3547 en
736 3499 826 3563 quibus
845 3500 977 3563 depromta
996 3509 1033 3550 est
1051 3502 1083 3551 L.
1098 3514 1119 3553 8.

162 3564 197 3616 D.
211 3566 243 3615 de
253 3581 331 3628 poen.
347 3566 391 3631 (48,
406 3566 450 3633 21).
