2542 3909
149 216 213 263 VIII
522 212 730 260 PRAEFATIO.

149 365 285 447 tinebat,
309 363 397 429 illam
420 362 500 445 dico,
524 361 788 446 quemadmodum
809 363 889 427 fines
910 364 996 427 inter
1016 364 1110 428 iuris·

149 448 351 534 prudentiam
374 451 405 511 et
427 450 563 531 cognata
584 446 763 510 litterarum
785 466 904 530 genera
925 447 993 532 regi
1015 447 1108 512 debe·

149 535 236 615 rent,
266 534 302 595 ut
328 552 389 596 nec
421 530 525 595 aliena
551 530 731 611 miscuisse,
766 551 826 594 nee
851 531 1031 595 necessaria
1058 532 1109 596 vel

150 620 225 699 apta
259 618 343 680 certe
372 617 404 679 et
432 614 524 679 utilia
553 614 697 678 omisisse
726 613 858 678 viderer.
902 613 987 679 Sane
1014 615 1108 680 facile

149 702 293 785 poteram
316 698 458 795 defungi,
481 698 506 762 si
530 718 637 761 eorum
658 699 785 762 tantum
803 698 937 762 nomina
951 719 1107 782 sequerer,
1189 755 1193 758 .

149 784 203 869 qui
236 786 268 847 et
300 803 386 847 nuuc
419 780 636 845 iurisconsulti
665 780 761 865 vulgo
789 781 953 863 feruntur,
988 786 1020 846 et
1045 784 1108 846 iam

149 869 378 951 imperatorum
400 869 505 929 aetate
527 863 622 948 vulgo
644 864 837 929 ferebantur.
870 863 932 930 Sed
955 865 995 928 ad
1017 866 1108 930 iuris·

150 950 352 1035 prudentiam
388 950 490 1034 magis
527 969 622 1031 quam
658 949 698 1013 ad
734 948 974 1013 iurisconsultos
1010 950 1108 1014 totius

150 1035 254 1119 operis
277 1034 359 1098 ratio
381 1054 432 1097 me
456 1031 657 1115 conferebat,
688 1035 720 1097 et
740 1035 777 1096 ut
797 1032 1030 1116 iurisconsulti,
1054 1034 1110 1130 qui

149 1124 275 1202 proprie
297 1118 511 1201 appellantur,
542 1115 638 1180 etiam
666 1115 730 1179 alia
751 1116 867 1196 multa,
895 1137 975 1200 quae
998 1117 1110 1181 adius

151 1223 216 1266 non
238 1202 418 1285 pertinent,
442 1200 578 1265 scribere
601 1198 721 1281 solent,
750 1200 797 1264 ita
818 1200 887 1281 alii,
915 1221 996 1284 quae
1017 1200 1108 1264 iuris-

149 1284 338 1369 prudentiae
366 1286 451 1349 sunt.
497 1283 647 1365 Accedit,
671 1283 754 1365 quod
776 1284 912 1348 maxime
934 1288 1010 1347 ante
1032 1283 1109 1349 an-

150 1390 256 1433 sarum
278 1372 433 1452 tempora,
457 1367 600 1432 nondum
620 1370 767 1431 accurate
781 1367 927 1433 discretis
942 1368 1109 1433 hominurn

150 1452 277 1534 stadiis,
311 1472 377 1515 non
402 1455 470 1516 tam
498 1450 592 1515 facile
620 1450 653 1514 in
683 1471 810 1533 unoquo
833 1473 872 1515 ue
900 1450 1036 1534 dixeris,
1066 1474 1109 1515 an

149 1535 368 1620 iurisprudens
397 1534 572 1599 censendus
598 1534 641 1597 111
661 1555 772 1599 11111.
812 1473 878 1600 bed
901 1539 933 1598 et
956 1536 983 1599 si
1005 1536 1110 1620 magis

151 1620 191 1685 ad
219 1621 408 1703 argumenta
441 1619 595 1682 librorum
622 1618 792 1702 respicias,
825 1640 909 1683 nova
937 1618 1110 1684 difficultas

150 1704 298 1769 exoritur.
344 1701 425 1768 Cum
458 1703 543 1765 enim
571 1704 639 1766 1010
669 1702 775 1784 priore
802 1724 895 1785 aevo,
928 1724 970 1768 ne
996 1704 1109 1787 primis

151 1787 277 1871 quidem
300 1785 472 1851 Caesarum
493 1785 690 1869 temporibus
713 1787 869 1869 exceptis,
891 1787 1109 1851 iurisconsulti

172 1871 339 1954 raeprimis
362 1872 457 1935 etiam
480 1870 519 1935 in'
536 1870 603 1934 iure
625 1870 809 1953 pontificio,
832 1870 977 1954 augurali
999 1872 1032 1933 et
1051 1892 1108 1954 pu·

149 1894 234 2019 blico
250 1957 461 2035 versarentur,
477 1956 586 2018 tamen
601 1953 666 2017 iam
681 1954 720 2017 ad
735 1954 832 2018 finem
844 1956 996 2038 vergente
1008 1953 1110 2017 libera

150 2060 215 2121 rep.
238 2038 359 2101 multae
380 2038 457 2101 iuris
479 2036 562 2101 sacri
585 2040 616 2099 et
638 2038 756 2119 publici
779 2040 886 2122 partes
908 2040 941 2103 et
963 2038 1108 2121 antiqua·

149 2143 221 2186 rum
249 2121 356 2205 legum
385 2123 591 2185 monumenta
612 2121 708 2185 etiam
731 2121 773 2185 ab
794 2121 880 2204 aliis,
909 2122 964 2205 qui
985 2121 1055 2186 loro
1078 2126 1112 2186 et

150 2204 371 2289 respondendo
406 2224 536 2287 operam
569 2226 634 2269 non
668 2205 800 2289 dabant,
833 2206 965 2271 tractari
997 2209 1110 2289 coepta

150 2293 235 2374 sunt,
259 2290 378 2372 partim
399 2289 525 2371 quidem
547 2288 647 2371 ipsius
667 2310 742 2353 usus
762 2290 879 2373 gratia,
902 2290 1020 2372 partim
1035 2311 1110 2354 vero

151 2374 247 2438 etiam
260 2376 297 2436 ut
310 2372 414 2455 magis
430 2372 637 2455 antiquitates
652 2372 880 2455 historiamque
890 2373 1001 2455 populi
1013 2371 1108 2436 Rom.

151 2456 200 2521 vel
241 2456 380 2540 priscam
416 2454 567 2538 loquendi
602 2455 863 2521 consuetudinem
900 2454 1107 2535 illustrarent,

151 2560 245 2622 quam
273 2541 309 2602 ut
336 2539 600 2622 iurisprudentiae
622 2540 827 2621 inservirent,
851 2538 952 2603 donec
973 2538 1108 2622 impera·

151 2626 255 2687 torum
278 2624 380 2687 aetate
403 2626 435 2686 et
455 2624 591 2689 maxime
612 2626 687 2706 post
707 2622 815 2708 gentis
829 2621 928 2686 Iuliae
943 2621 1108 2686 interitum

150 2708 212 2771 hoc
242 2704 418 2771 litterarum
447 2727 549 2791 genus
572 2729 591 2771 a
613 2706 831 2791 grammaticis
854 2708 886 2770 et
908 2706 1109 2788 antiquitatis

151 2791 380 2855 scrutatoribus
413 2792 541 2875 proprie
575 2794 715 2854 exerceri
748 2793 781 2853 et
810 2811 829 2854 a
860 2788 1111 2872 iurisprudeutia

150 2874 247 2959 plane
269 2874 410 2957 disiungi
432 2878 580 2957 coeptum
603 2875 662 2937 est.
699 2872 751 2938 Sic
773 2873 819 2952 fit,
842 2875 879 2937 ut
899 2872 984 2937 haud
999 2873 1110 2955 paucis

151 2960 185 3022 in
208 2958 297 3023 libris
318 2959 458 3023 incertus
480 2958 622 3037 haereas,
647 2959 754 3020 utrum
769 2956 1042 3045 iurisprudentiae,
1066 2978 1109 3021 11

151 3043 222 3107 aliis
248 3043 366 3107 artium
394 3042 634 3122 litterarumque
662 3039 832 3121 generibus
859 3060 911 3104 eos
940 3040 1107 3104 attribuas.

151 3126 190 3191 In
210 3130 302 3191 tanta
323 3126 422 3209 igitur
437 3126 595 3189 certorum
610 3122 721 3187 finium
737 3123 931 3188 obscuritate
946 3122 1029 3188 hanc
1043 3123 1111 3189 fere

152 3211 307 3275 rationem
340 3208 445 3290 tenui,
478 3210 514 3270 ut
547 3206 843 3271 iurisconsultorum
877 3208 1020 3292 quidem,
1055 3208 1110 3290 qui

151 3295 278 3377 proprie
301 3293 463 3371 (licuntur,
487 3290 608 3372 omnia,
631 3310 712 3373 quae
733 3312 799 3355 non
821 3291 916 3375 plane
938 3291 1042 3355 aliena
1064 3313 1110 3356 es·

152 3382 223 3441 sent
246 3399 264 3441 a
287 3372 546 3519 iurisprudentia,
569 3374 762 3457 reciperem3
786 3379 962 3441 ceterorum
976 3396 1060 3459 vero,
1083 3376 1110 3440 si

150 3460 243 3526 modo
257 3462 332 3525 ante
347 3457 370 3521 il
384 3478 446 3539 am,
471 3478 565 3540 quam
581 3457 657 3540 dixi,
680 3462 817 3524 aetatem
833 3460 1039 3544 scripserant,
1063 3480 1110 3543 ea,
