2542 3909
158 237 220 302 182
465 254 528 289 oxu
545 254 651 289 rusrrr.
670 236 690 290 I.
710 240 820 291 36-39.

156 399 180 453 si
196 413 293 452 seruus
313 397 341 451 iu
357 399 363 461 t
379 396 458 451 bouis
473 397 538 468 tuis,
558 413 591 453 ex
605 398 664 453 iure
680 395 826 464 Quiritium
842 412 917 452 meus
934 396 996 463 erit,
1012 394 1125 451 latinus

156 480 264 556 quidem
282 484 286 546 l
303 497 318 536 a
339 490 366 536 te
381 480 442 537 solo
458 479 517 536 fierl
533 489 633 555 potest,
657 484 748 537 iterari
764 491 853 537 autem
869 498 884 535 a
899 498 953 551 me,
972 496 1026 536 non
1043 482 1124 536 etiam

149 582 172 621 ·a
188 574 215 620 te
231 574 323 638 potest
338 574 366 621 et
384 582 416 622 eo
432 564 514 622 modo
529 583 606 622 meus
621 566 735 622 libertus
752 565 792 622 lit.
823 574 865 621 set
880 573 908 621 et
923 567 1020 621 ceteris
1037 565 1124 620 modis

159 653 164 713 Ι
180 652 223 705 ius
235 647 379 716 Quiritium
395 658 557 707 consecutus
572 668 647 707 meus
665 651 779 707 libertus
795 648 835 707 fit.
865 649 1008 723 bonolrum
1024 657 1125 721 autem,

158 750 228 808 quae
243 751 314 792 nuno
332 729 396 791 aut¹
421 750 483 790 oum
502 737 526 790 is
540 737 687 807 morietur,
711 736 867 809 reliquerit,
891 734 940 790 tihi
962 735 1101 808 possessio
1119 737 1123 807 Ι

157 819 247 890 datur,
260 836 424 892 quoeunque
434 819 516 876 modo
527 821 570 875 ius
578 819 722 887 Quiritium
734 821 816 875 tuerit
828 823 1009 886 consecultus.
1028 818 1125 892 quodsi

156 905 234 960 ouius
250 912 277 959 et
288 906 316 959 in
328 902 408 959 bonis
419 912 447 960 et
459 921 490 960 er
502 906 561 961 iure
571 903 717 971 Quiritium
731 906 768 961 sit
777 906 967 976 manumissus,
983 903 1015 959 ah
1028 904 1125 960 eodem

155 987 263 1054 seilicet.
275 985 303 1044 et
317 989 429 1045 Latinus
444 987 503 1044 fieri
518 997 611 1062 potest
626 991 712 1045 etius
728 987 873 1056 Quiritium
888 990 1027 1063 consequi.

219 1069 269 1131 86.
294 1076 359 1133 Non
382 1082 479 1131 tamen
500 1078 672 1146 cuicumque
694 1076 803 1131 uolenti
823 1078 1024 1130 manumittere
1045 1077 1122 1130 lieet.
1136 1083 1192 1136 [110]

154 1153 201 1215 37.
218 1158 293 1216 Nam
307 1165 343 1233 is,
359 1164 409 1234 qui
423 1160 449 1214 in
466 1158 587 1215 fraudem
599 1159 767 1217 creditorum
783 1158 827 1214 uel
843 1160 870 1213 in
885 1159 1005 1214 fraudem
1017 1160 1126 1232 patroni

154 1246 332 1314 manumittit,
349 1243 415 1301 nihil
431 1245 498 1318 agit,
515 1246 576 1316 quia
591 1244 635 1299 lex
647 1244 722 1300 Aelia
734 1243 826 1299 Sentia
842 1242 946 1317 inpedit
960 1243 1124 1301 libertatem.

154 1323 203 1386 38.
223 1327 290 1383 ltem
312 1330 404 1385 eadem
426 1328 488 1402 lege
506 1329 606 1385 minori
620 1347 663 1385 xx
684 1345 817 1385 annorum
838 1327 947 1384 domino
969 1345 1024 1384 uon
1046 1327 1125 1383 aliter

104 1422 145 1475 10.
158 1413 348 1469 manumittere
370 1414 552 1489 permittitur,
580 1430 660 1486 quam
688 1416 712 1469 si
734 1412 852 1469 uindicta
876 1414 951 1486 apud
971 1406 1124 1489 conisilium

153 1498 225 1553 iusta
236 1513 317 1554 eausa
328 1497 548 1555 manumissionis
560 1497 707 1571 adprobata
718 1490 948 1555 ’manumiserit.²
973 1493 1023 1554 89.
1035 1496 1124 1553 iustae

155 1591 245 1637 autern
267 1599 364 1639 causae
386 1581 605 1638 manumissionis
627 1592 693 1638 sunt
715 1582 802 1638 ueluti
824 1584 847 1638 si
870 1584 930 1655 quis
953 1592 1055 1657 patrem
1078 1592 1124 1637 aut

154 1674 266 1721 matrem
289 1677 335 1723 aut
357 1668 546 1741 paedagogum
569 1676 617 1723 aut
638 1667 841 1724 conlactaneum
864 1669 1045 1725 manumittat.
1075 1668 1123 1723 sed

154 1759 182 1806 et
197 1748 259 1806 illae
275 1767 382 1823 causae,
405 1769 472 1826 quas
487 1753 613 1825 superius
633 1754 660 1808 in
676 1768 758 1808 seruo
781 1753 886 1807 minore
906 1770 971 1809 xxx
991 1769 1123 1809 annorum

154 1834 339 1910 exposuimus,
355 1837 388 1892 ad
403 1837 476 1892 huno
491 1853 601 1910 quoque
616 1854 720 1909 ossum,
741 1836 774 1892 de
790 1854 844 1910 quo
861 1836 1008 1910 loquimur,
1024 1836 1123 1893 adferri

154 1930 281 1992 possunt.
326 1922 391 1977 item
414 1937 446 1977 ex
470 1921 579 1978 diuerso
602 1922 651 1978 hae
674 1938 785 1992 causae,
815 1922 932 1994 quasin
955 1923 1059 1979 mtnore
1081 1941 1122 1979 xx

154 2021 288 2060 annorum
311 2006 422 2063 domino
444 2005 617 2078 rettulimus,
640 2007 744 2081 porrigi
767 2016 884 2079 possunt
906 2016 934 2061 et
956 2006 988 2061 ad
1012 2023 1122 2062 seruum

152 2176 256 2225 dubium
275 2178 407 2227 vocandus
426 2192 476 2227 non
496 2184 561 2226 erut.
639 2174 658 2241 ¹)
678 2177 732 2226 Per
747 2178 836 2226 eleros
854 2179 956 2226 litteras
971 2178 1123 2242 sinpatlnres

153 2248 179 2296 0.
198 2246 288 2298 Omisit
302 2246 355 2298 Kr.
370 2250 409 2301 ed.
425 2260 446 2298 2.
462 2249 490 2298 in
510 2256 632 2298 contextu
652 2264 701 2313 quo
718 2248 793 2309 santo
812 2265 835 2297 u.
856 2249 876 2297 is
895 2249 982 2297 alieno
1001 2251 1057 2298 loeo
1073 2264 1121 2312 po·

151 2321 203 2368 sita
214 2320 288 2382 ferri
301 2337 352 2371 non
362 2327 458 2383 potest,
472 2327 497 2368 et
506 2320 641 2378 miramur,
656 2320 725 2383 quod
738 2321 803 2369 einis
814 2317 885 2369 Rom.
896 2318 984 2368 liberti
998 2318 1123 2369 bonorum

147 2393 331 2454 possessionis,
350 2407 401 2441 non
416 2390 569 2441 hereditatis
582 2393 677 2440 mentio
688 2392 726 2453 fit.
755 2389 893 2455 Intellege:
912 2405 982 2449 nuuc,
998 2407 1054 2440 oum
1068 2390 1121 2440 La·

151 2463 222 2510 tinus
232 2463 336 2511 civitate
346 2469 443 2511 mutata
453 2464 575 2512 maiorem
590 2461 674 2524 (immo
684 2463 830 2520 maximnm,
845 2462 914 2526 quod
927 2477 993 2512 nouo
1005 2461 1122 2511 Romano

152 2532 245 2581 ciuitas
268 2547 302 2581 em
325 2534 449 2583 servitute
472 2541 554 2583 ortam
574 2533 717 2582 libertatem
735 2535 760 2583 ei
779 2530 907 2599 ossiynat)
927 2535 1021 2596 eapitis
1043 2534 1121 2582 demi·

152 2604 281 2653 nuttonem
296 2619 393 2667 passus
407 2606 483 2653 etium
501 2604 568 2654 bona
586 2620 635 2654 sua
650 2606 756 2664 amittit,
775 2620 841 2669 qnae
860 2604 896 2653 ad
913 2606 1122 2655 manumissorem

152 2689 203 2723 non
223 2675 275 2723 nisi
293 2675 364 2724 Data
382 2675 404 2724 b.
415 2692 445 2740 p.
460 2692 491 2725 ne
506 2677 642 2739 pertinere
657 2682 782 2739 possunt:
800 2683 826 2725 et
844 2677 938 2725 deinde
953 2691 1006 2725 oum
1024 2676 1044 2724 is
1060 2674 1122 2742 (iam

152 2745 219 2794 einis
233 2743 304 2795 Rom.
317 2746 417 2812 faetus)
432 2748 541 2807 moritur,
560 2763 608 2797 nee
627 2763 693 2812 quae
712 2755 764 2796 tum
778 2748 872 2796 amittit
887 2747 953 2797 bone
967 2748 1121 2797 hereditatis

151 2816 210 2864 iure
228 2830 263 2864 ex
281 2821 334 2862 ΧΙΙ
350 2817 445 2869 tabulis
463 2820 500 2868 ud
517 2835 585 2878 eum,
605 2820 650 2883 qni
669 2835 725 2868 eum
747 2835 798 2869 non
817 2834 852 2868 em
870 2821 888 2867 i.
907 2817 934 2879 Q.
950 2820 1017 2867 iuste
1031 2834 1120 2867 manu-

151 2888 265 2945 miserat,
275 2891 416 2951 pervenire
427 2896 557 2954 poterunt.
594 2888 665 2939 Sane
684 2890 746 2941 huie
760 2906 811 2940 non
822 2891 896 2953 fovet
910 2905 948 2949 eu,
971 2906 1036 2954 quoe
1051 2906 1120 2939 nune

151 2958 299 3007 dominatur
315 2960 389 3022 salsa
408 2961 440 3009 de
455 2977 511 3024 cop.
527 2962 700 3011 deminutione
715 2962 844 3011 doctrina.
872 2960 926 3010 Sed
939 2963 1017 3026 lonyn
1031 2962 1119 3024 dispu-

151 3030 216 3079 tatio
229 3030 356 3080 rotionem
374 3033 450 3081 etium
469 3032 565 3081 liabens
587 3030 648 3081 Gaii
661 3043 682 3089 a,
697 3045 723 3084 ta
742 3034 819 3082 liuius
839 3033 891 3082 loni
909 3039 1020 3082 nonest.
1059 3032 1119 3081 Vid.

151 3108 235 3149 nutem
245 3108 355 3164 praeter
370 3115 390 3162 1,
405 3115 445 3154 loo
459 3103 495 3152 ud
508 3114 529 3161 Ξ,
543 3114 582 3155 157
597 3110 687 3152 notata
701 3110 726 3154 et
738 3116 760 3164 tt,
776 3114 822 3155 158.
906 3099 926 3166 ²)
942 3103 1012 3152 luerit
1029 3102 1055 3152 0.
1076 3098 1122 3151 V⁵2

153 3172 211 3220 edd.
234 3172 273 3236 Cf.
288 3172 353 3223 Inst.
367 3170 413 3242 [si]
429 3170 526 3242 [luerit]
540 3175 579 3223 ed.
595 3174 644 3223 Kr.
660 3186 680 3224 2.

222 3328 266 3401 ἓξ.
281 3337 325 3385 36.
340 3338 382 3385 37.
398 3356 433 3377 =
442 3350 487 3398 pr.
502 3332 525 3383 I.
540 3334 608 3399 quib.
623 3351 659 3385 em
678 3350 749 3386 caut.
768 3351 877 3385 manum.
893 3333 925 3398 (1,
941 3332 974 3400 o).
1004 3333 1042 3397 Cf.
1063 3332 1117 3397 Ulp.

151 3415 220 3462 1,1t.
250 3400 292 3472 ·§.
308 3407 350 3455 38.
367 3428 401 3447 =
415 3408 438 3467 §-
453 3418 474 3456 t.
494 3404 583 3455 leod.
606 3405 644 3469 Of.
665 3406 720 3471 tltp.
736 3419 757 3464 1,
771 3418 805 3458 m.
832 3406 875 3456 tt.
891 3406 1039 3456 Dositn.1s.
1060 3405 1120 3454 hen

150 3475 224 3524 Flam
243 3474 315 3539 Salp.
331 3488 364 3528 28.
388 3477 420 3525 L.
435 3489 457 3527 4.
478 3476 504 3527 0.
519 3477 551 3526 de
569 3484 626 3527 teet,
646 3480 698 3527 mit.
719 3476 755 3542 (o,
774 3478 819 3542 21).
893 3472 919 3545 ξ.
934 3479 976 3527 39.
994 3476 1032 3539 Of.
1049 3488 1118 3534 1,19.

149 3547 173 3607 g.
188 3556 208 3595 tt.
233 3546 336 3610 Lquib.
357 3564 393 3597 ex
407 3564 429 3599 o.
449 3563 558 3597 manum.
579 3547 611 3612 (1,
625 3546 658 3612 6).
682 3548 714 3597 L.
729 3560 749 3598 9.
770 3557 1014 3599 11-1o.19.20.2o.
1038 3548 1071 3596 D.
1086 3548 1118 3597 de

149 3631 258 3665 nonnum.
281 3620 350 3667 vind.
370 3618 419 3685 (ιο,
439 3618 470 3686 2).
499 3620 531 3668 L.
551 3632 586 3670 21.
614 3620 647 3668 D.
667 3622 712 3684 qui
730 3626 754 3668 et
767 3635 784 3668 a
802 3619 869 3683 quib.
892 3634 1001 3668 monum.
1021 3618 1066 3685 (to,
1085 3618 1118 3683 9).
