2542 3909
351 200 454 235 noruru
472 200 579 237 vnrrsur
597 200 695 237 ruton.
714 183 812 238 XXIV.
832 189 945 239 ets-28.
1060 180 1120 247 607

166 331 278 405 partitio
294 323 495 401 appellatur:¹
517 337 548 386 ut
563 337 628 403 puts
644 322 727 409 (troc)
742 331 837 387 modo:
859 345 960 389 ussus
971 346 1049 387 uuus
1062 343 1124 387 ovu

167 428 257 473 struo
277 428 504 471 assumserunt
522 429 611 470 usuro
629 428 780 485 Pennino,
800 424 961 482 murorum
985 430 1038 487 quo
1059 428 1124 469 casu

167 498 273 554 dimidia
289 513 350 570 pars
365 496 500 553 honorum
516 492 616 555 ’Titio²
635 498 723 571 legata
740 497 861 554 uidetur:
882 505 975 572 potest
991 504 1080 557 sutem
1096 504 1124 553 ei

165 582 217 638 alio
232 596 312 654 pars,
328 580 404 637 uelut
418 583 499 637 tertia
512 580 590 637 uelut
605 590 716 655 quarta,
734 582 831 655 legari.

229 660 279 721 26.
305 658 501 721 ³Ususiruotus
522 666 608 739 legari
631 674 724 738 potest
744 666 803 722 iure
821 664 895 721 ciuili
910 681 1001 721 eorum
1022 680 1123 737 rerum,

166 742 305 822 ’quorum⁴
318 748 392 805 salus
410 749 560 805 substantia
574 748 773 805 utendiirueodi
792 748 920 823 ’potestus
936 756 978 805 est
997 758 1024 805 et
1039 749 1121 806 iacui·

89 838 157 888 [⁵1²]
168 827 238 901 tas;⁵
253 841 283 889 et
298 842 352 891 tem
366 833 535 908 singulorum
549 848 742 906 utrumquem
758 825 902 906 ρίιινίιιιιι.ὕ
929 828 976 889 27.
993 825 1124 890 ⁷Senatus

168 916 293 974 consulto
309 925 417 973 cautum
432 924 491 987 est,
516 924 546 971 ut
560 918 665 973 etiamsi
679 933 770 973 esrum
786 932 890 984 rerum,
911 932 980 990 quse
995 916 1022 971 in
1038 915 1123 973 abusu
1134 926 1231 979 200hu

168 1003 360 1072 continentur,
381 1008 492 1073 utputa
508 992 513 1077 )
531 1001 603 1071 uini,
625 1000 693 1071 olei,
717 1001 798 1056 tritici
820 999 993 1056 ususfructus
1015 999 1123 1073 legatus

168 1086 220 1155 sit,
240 1085 371 1159 legatario
386 1100 430 1140 sos
447 1083 602 1155 tradantur,
623 1083 794 1140 cautionibus
813 1084 980 1157 interpositis
996 1083 1029 1140 de
1044 1085 1123 1139 resti·

168 1168 277 1225 tuendis
292 1170 347 1239 eis,
362 1184 426 1226 oum
441 1168 612 1224 ususfructus
627 1166 661 1223 cd
675 1166 835 1242 legatarium
850 1170 988 1241 pertinere
1002 1166 1122 1227 desierit.
1178 1160 1191 1177 ⁸

231 1248 280 1309 28.
305 1246 477 1308 ⁸Ciuitotihus
501 1250 639 1323 omnibus,
662 1267 730 1325 quse
752 1251 803 1308 suh
825 1252 938 1325 irnperio
959 1252 1057 1325 populi
1071 1252 1124 1309 Ro·

168 1338 239 1392 msui
261 1344 339 1401 sunt,
363 1336 447 1410 legari
468 1343 576 1410 potest3
599 1334 682 1409 idque
703 1352 718 1390 a
740 1334 803 1391 diuo
819 1335 907 1392 Nerua
928 1333 1123 1407 introductum,

168 1427 264 1493 posteo
279 1436 294 1474 a
308 1427 403 1475 senatu
419 1426 530 1475 auctore
545 1416 686 1475 Hadriano
704 1418 860 1494 diligentius
879 1420 1056 1477 coustitutum
1071 1426 1122 1477 ost.

169 1640 243 1689 etad
255 1641 396 1704 marpinem
410 1639 541 1704 ablegata,
552 1648 645 1703 pastea
660 1642 686 1688 in
698 1641 750 1703 fine
764 1622 787 1701 ξ.
802 1650 835 1691 26.
850 1638 915 1690 ltaec
929 1640 1007 1690 uerba
1022 1641 1124 1691 intrusa

169 1724 231 1767 esse,
246 1710 308 1758 milri
318 1724 472 1773 persuasum
486 1717 531 1759 est.
590 1708 610 1775 1)
625 1710 699 1759 Haec
713 1724 812 1774 quoque
825 1710 903 1759 uerba
918 1712 983 1760 idem
998 1710 1125 1762 librarius

168 1781 194 1829 d.
209 1782 240 1838 t,
254 1781 298 1829 cai
310 1782 387 1829 unice
400 1782 555 1829 conveniunt
571 1778 618 1845 (cs.
635 1780 693 1829 Gai.
708 1791 733 1839 s,
747 1779 797 1844 254)
812 1782 914 1843 expulit
932 1788 956 1831 et
975 1783 1002 1831 in
1017 1783 1070 1843 fine
1089 1783 1123 1843 51¹,

169 1850 213 1900 udi
227 1850 284 1900 edd.
299 1866 330 1899 ea
343 1852 516 1909 retinuerunt,
531 1852 615 1915 inepte
624 1852 734 1906 locauit,-
747 1853 876 1913 expellere
886 1858 969 1899 autem
979 1865 1041 1900 sane
1050 1850 1123 1900 debe-

169 1921 220 1979 dat,
234 1920 322 1969 nisibi
336 1920 470 1970 constabat
483 1919 545 1985 (uid.
561 1928 613 1971 not.
628 1918 753 1986 anteced.)
758 1938 769 1977 ;
787 1922 890 1985 eiusque
905 1922 1065 1969 constantiae
1079 1936 1124 1969 ar-

167 1998 312 2057 punentum
326 1998 371 2048 est,
386 1992 456 2054 quod
469 1993 545 2040 etiam
561 1987 632 2040 ‘doc'
644 1997 736 2053 postea
751 1992 842 2047 omisit,
857 1990 1002 2040 arbitratus
1014 1991 1123 2049 scilicet,

168 2062 212 2111 irie
226 2064 367 2123 exemplum
383 2058 505 2110 ‘summae
519 2062 701 2110 uniuersorum
714 2076 801 2109 rerum
815 2057 926 2124 leputae’
942 2060 1085 2119 excidisse,
1099 2068 1125 2110 et

169 2128 267 2181 ‘modo'
283 2146 373 2180 nouam
386 2133 497 2194 speciem
510 2133 590 2196 lepati
603 2132 732 2193 incipere,
747 2144 812 2193 puae
826 2137 892 2179 esset
905 2132 1025 2193 pertitio.
1053 2130 1085 2179 In
1100 2146 1123 2180 u.

170 2198 341 2265 ‘appellatur’
356 2216 418 2251 rere
433 2202 530 2265 infelix
543 2201 616 2252 domo
629 2201 713 2251 haesit
727 2202 832 2263 ideoque
843 2202 961 2251 lacunam
971 2202 1077 2265 reliquit
1085 2199 1124 2267 (in

169 2288 220 2337 qua
233 2274 365 2322 recentior
378 2286 470 2321 manus
483 2273 513 2321 id
526 2287 560 2321 cx
574 2273 678 2336 inpenio
691 2269 836 2337 suppleuit),
851 2272 913 2335 quia
926 2286 955 2320 eo
970 2272 1035 2329 loeo,
1052 2287 1124 2335 quem

169 2344 221 2392 iam
234 2342 276 2391 liis
289 2342 375 2391 verbis
388 2344 577 2407 assignaverat,
587 2341 655 2391 ltanc
665 2342 893 2392 constructionem:
907 2356 966 2405 quse
977 2342 1070 2405 species
1081 2356 1125 2405 par

170 2412 232 2461 Titio
247 2414 275 2461 in
289 2414 401 2462 animum
414 2412 465 2461 sibi
478 2411 628 2463 inculcavit.
679 2408 700 2477 ²)
715 2410 865 2461 EaeSclrult.
877 2414 908 2475 ej.
920 2413 1019 2469 addidi,
1030 2428 1086 2461 cum
1096 2414 1124 2461 in

175 2483 233 2532 Vat.
249 2482 273 2532 lt.
290 2486 306 2532 l.
320 2484 458 2547 spatiolum
470 2480 534 2547 (non
549 2484 678 2532 intellecto
692 2497 728 2531 sc.
743 2482 776 2530 tio
791 2504 825 2525 π
840 2482 916 2543 Titi03
932 2482 953 2531 ei
963 2480 1010 2546 Bp.
1023 2480 1066 2548 ej.)
1081 2496 1124 2531 re·

170 2556 258 2603 lictum
271 2555 313 2603 sit.
339 2554 402 2604 Post
416 2568 468 2616 pro
487 2556 569 2603 altero
589 2554 654 2601 uelut
667 2554 751 2601 malim
765 2554 810 2601 uei.
876 2548 897 2618 ³)
914 2552 951 2615 Cf.
963 2568 1006 2615 pr.
1022 2554 1045 2614 §-
1061 2566 1081 2604 t.
1101 2552 1123 2602 I.

169 2624 202 2673 de
216 2624 299 2688 usufr.
313 2622 346 2690 (tt,
360 2622 392 2689 t).
416 2623 448 2672 L.
462 2625 546 2686 lofin.
570 2623 602 2671 Ι),
622 2624 654 2673 de
673 2624 756 2686 usufr.
771 2626 819 2687 lep.
835 2621 884 2689 (os,
899 2622 930 2687 2).
955 2622 1008 2674 etc.
1027 2622 1087 2687 Top.
1102 2636 1124 2677 a.

167 2694 297 2757 §itt-1⁷.
348 2692 371 2759 ⁴)
390 2693 530 2743 Videamus
543 2709 575 2743 ne
588 2694 636 2743 loe
648 2692 747 2756 factum
761 2695 795 2742 sit
808 2708 843 2742 eu·
856 2708 888 2757 qu
898 2691 960 2757 (pro
975 2690 1009 2757 q'o
1023 2715 1057 2735 =
1073 2695 1124 2758 qui-

168 2764 224 2830 bus)
239 2779 328 2814 esrum.
385 2762 408 2830 ὅ)
422 2771 501 2828 potest
514 2772 550 2814 ei.
566 2763 664 2813 incultas
685 2764 743 2813 Vat.
763 2770 842 2825 potest
861 2778 914 2811 esso
933 2764 1032 2813 incultus
1051 2766 1125 2820 edd.,·

169 2836 239 2900 quod
255 2837 370 2900 quamuis
388 2837 518 2885 molestum
532 2836 652 2892 tulissem,
667 2835 720 2883 nisi
734 2835 795 2882 illac
809 2841 884 2883 natae
899 2846 979 2897 aeque
990 2834 1072 2898 facile
1087 2836 1124 2883 ita

169 2913 197 2955 ut
211 2921 257 2970 epo
274 2906 342 2968 feci,
360 2907 559 2968 explicarentur
577 2912 602 2953 et
619 2902 745 2967 Ulpianus
758 2903 791 2952 L.
806 2915 839 2954 21.
858 2905 881 2965 ἕ.
896 2915 917 2953 s.
941 2903 973 2952 D.
989 2906 1020 2953 de
1034 2908 1123 2954 nouat.

169 2982 219 3025 aet.
240 2972 277 3039 (s,
294 2972 319 3040 4)
336 2977 442 3038 pariter
465 2972 626 3038 ‘facultatem
646 2981 671 3023 et
687 2970 849 3037 potestatem'
876 2975 1067 3031 coniunxisse&
1088 2976 1123 3038 cs.

169 3047 245 3094 etiam
262 3059 344 3108 supra
360 3057 394 3105 ut,
408 3056 442 3097 tn
516 3041 537 3109 ⁰)
557 3044 616 3094 Hoc
631 3044 748 3101 addidit,
768 3044 837 3107 quod
854 3045 931 3093 etiam
945 3046 1124 3095 uniuersorum

168 3128 257 3163 rerum
269 3128 391 3163 summam
410 3116 496 3179 lepori
509 3130 587 3177 posse
604 3122 682 3163 antea
700 3116 814 3163 dixerat.
850 3114 964 3163 Ceterum
983 3116 1017 3177 cf.
1032 3122 1083 3166 not.
1099 3127 1125 3167 10

168 3184 205 3234 ad
217 3194 252 3243 24,
266 3194 301 3236 25.
352 3181 427 3249 ¹)Cf.
442 3187 466 3247 ξ.
481 3196 502 3235 s.
526 3184 595 3234 Lde
609 3184 693 3247 ususr.
708 3183 793 3247 ibique
807 3180 947 3233 Schrader.
1000 3182 1021 3251 ⁸)
1038 3186 1075 3247 Cf.
1091 3186 1123 3234 L.

168 3264 215 3305 11⁷.
235 3265 275 3305 tuit
293 3269 334 3317 pr.
354 3254 386 3303 L.
401 3264 435 3307 oi.
455 3257 479 3317 5.
498 3267 518 3306 tt.
539 3255 571 3303 D.
591 3256 623 3303 de
636 3257 685 3319 lep.
700 3266 720 3305 1.
742 3254 847 3303 Cottotis
861 3264 899 3314 22,
913 3265 934 3305 t.
949 3264 970 3305 5.
989 3254 1053 3305 leaeo
1067 3270 1123 3304 sen-

168 3326 249 3374 tentia
258 3324 373 3390 supitica
383 3340 439 3375 esse
448 3325 534 3375 uideri
546 3326 638 3389 possit,
652 3324 774 3387 ponenda
782 3330 843 3387 past
855 3325 878 3386 ξ.
889 3336 921 3375 ts.
943 3322 996 3375 Sed
1009 3327 1124 3388 esemplo

168 3397 208 3458 §5-
223 3406 319 3447 12—14.
340 3394 403 3462 (oid,
423 3396 460 3446 ibi
478 3404 530 3446 not.
545 3394 590 3465 tt.)
614 3394 739 3458 Ulpianus
757 3396 922 3444 universitati
940 3411 1040 3453 rerum,
1060 3410 1125 3459 quae

168 3468 241 3531 ipsae
257 3481 396 3533 quarumve
412 3465 510 3529 usussr.
529 3468 660 3531 leparctur
674 3463 723 3531 (ἐξ.
738 3476 772 3518 uo.
788 3464 845 3531 to),
865 3467 1067 3524 uniuersitatem,
1082 3466 1125 3515 cui

87 3592 93 3602 st
168 3539 253 3604 tepori
262 3545 360 3603 posset,
374 3538 523 3601 opposuisse
537 3537 649 3585 uidetur.
