2542 3909
161 206 226 271 334
443 221 501 258 cur
518 221 619 258 marra.
636 203 687 259 Ill.
708 209 848 258 tut-196.

162 364 310 440 prohibet,
331 365 355 418 is
378 371 406 419 et
427 363 530 420 nudum
545 378 676 439 quaerere
696 363 890 439 prohibiturus
907 371 965 436 est,
988 379 1020 419 eo
1044 366 1130 438 magis

164 449 238 523 quod
253 449 290 504 ita
305 449 430 522 quaesita
446 447 486 504 ’re
502 440 570 527 (et)¹
594 452 705 506 inuenta
728 450 823 505 maiori
841 465 946 523 poenae
968 447 1128 506 subiciatur.

165 533 262 590 deiude
278 533 352 607 quod
367 533 472 589 lancem
487 535 546 590 siue
568 533 629 590 ideo
646 532 755 590 ’habere
778 528 933 605 iubeatur‚²
955 543 986 590 ut
1006 532 1130 589 manibus

163 611 332 692 ’occupatis³
343 617 410 674 nihil
421 616 584 689 subiciatur,
596 621 656 674 siue
667 618 739 689 ideo,
753 626 783 674 ut
792 619 865 691 quod
877 619 1023 693 inuenerit,
1036 618 1073 674 ibi
1082 619 1132 673 im·

165 711 260 777 ponat,
275 710 402 758 neutrum
417 719 512 759 eorum
529 702 663 776 procedit,
679 703 702 758 si
717 702 762 773 id‚‘
776 702 849 776 quod
865 693 1057 781 (queelratun
1072 705 1131 758 eius

165 786 360 861 magnitudinis
374 795 421 843 aut
435 794 549 844 naturae
564 789 609 857 sit,
628 796 660 842 ut
675 803 765 860 neque
780 785 864 842 subici
881 803 970 860 neque
985 786 1021 843 ibi
1036 789 1132 860 inponi

165 873 265 946 possit.
296 879 370 928 certe
385 888 441 928 non
456 871 604 943 dubitatur,
619 873 818 946 cuiuscumque
830 872 956 928 materiae
967 873 1003 928 sit
1014 887 1044 928 ea
1059 871 1130 938 lanx,

165 958 233 1014 satis
248 956 303 1030 legi
320 953 389 1012 fieri.
420 951 487 1013 tet.
503 955 621 1030 Propter
636 957 690 1012 hoc
705 964 805 1028 tamen,
822 956 893 1028 quod
910 956 951 1012 lea
964 973 995 1012 ex
1007 972 1038 1012 ea
1054 971 1132 1012 causa

165 1041 339 1097 manilestum
367 1040 470 1096 lurtum
493 1057 555 1096 esse
576 1038 666 1110 iubet,
689 1049 770 1112 sunt,
799 1043 846 1114 qui
868 1039 1006 1110 scribunt,
1029 1041 1132 1096 lurtum

70 1179 72 1183 .
167 1125 337 1182 manifestum
360 1133 406 1182 aut
428 1125 490 1198 lege
511 1117 696 1203 ’(ὶηίιείἱερί)4
718 1135 765 1182 aut
780 1134 889 1199 natura3
914 1125 975 1200 lege
991 1125 1017 1181 id
1032 1126 1132 1199 ipsum,

165 1209 200 1265 de
220 1226 275 1284 qno
296 1209 447 1282 loquimur;
470 1217 566 1265 natura
580 1209 659 1282 illud,
681 1209 715 1265 de
734 1227 790 1283 quo
806 1211 931 1284 superius
947 1211 1131 1284 exposuimus.

165 1294 215 1350 sed
235 1295 327 1350 uerius
349 1302 406 1364 est,
429 1302 526 1350 natura
548 1303 652 1350 tantum
675 1295 846 1351 manifestum
868 1294 970 1350 lurtum
992 1295 1132 1368 intellegi3

167 1393 256 1450 neque
272 1379 343 1433 enim
359 1378 401 1434 lex
421 1377 511 1434 iacere
534 1386 640 1452 potest,
665 1387 696 1435 ut
719 1381 766 1452 qui
782 1377 941 1434 manifestus
958 1378 1001 1434 iur
1017 1395 1071 1435 non
1087 1381 1132 1450 sit,

167 1462 328 1518 manifestus
340 1463 385 1534 sit,
402 1478 457 1518 non
470 1464 554 1535 magis
570 1479 649 1535 quam
662 1465 707 1535 qui
719 1465 829 1519 omnino
842 1462 886 1518 lur
895 1479 952 1518 non
968 1465 1015 1533 sit,
1031 1462 1076 1519 tur
1087 1465 1133 1534 sit,

99 1551 157 1601 179.
168 1558 196 1602 et
212 1548 259 1619 qui
273 1546 379 1602 adulter
394 1554 440 1603 aut
457 1545 588 1602 homicida
603 1563 659 1602 non
676 1549 720 1614 sit,
736 1546 842 1604 adulter
854 1547 898 1602 uel
915 1540 920 1624 Ι
936 1547 1071 1604 homicida
1082 1550 1131 1612 sit;

169 1639 197 1686 at
212 1631 282 1688 illud
295 1647 359 1688 sane
375 1631 417 1688 lex
432 1630 521 1687 lacere
535 1639 639 1704 potest,
655 1639 686 1686 ut
700 1630 816 1704 proinde
831 1631 928 1704 aliquis
943 1647 1031 1706 poena
1044 1640 1134 1687 tenea·

170 1722 224 1783 tur,
240 1723 323 1788 atque
337 1716 359 1770 si
376 1716 479 1771 lurtum
492 1714 537 1770 uel
546 1714 709 1772 adulterium
721 1716 765 1772 uel
780 1716 954 1772 homicidium
969 1715 1133 1786 admisisset,

168 1800 293 1872 quamuis
307 1798 374 1855 nillil
389 1815 484 1856 eorum
499 1799 649 1856 admiserit.

232 1880 298 1941 teu.
321 1883 436 1940 Furtum
458 1891 549 1940 autem
570 1881 601 1939 lit
616 1899 672 1940 non
687 1883 776 1940 solum
791 1901 853 1940 cum
869 1886 930 1957 quis
946 1883 1135 1957 intercipiendi
1168 1909 1176 1930 ·

168 1984 246 2024 causa
262 1984 319 2024 rem
335 1970 448 2025 alienam
463 1977 583 2039 amouet‚
606 1977 650 2025 set
665 1968 830 2042 generaliter
844 1985 905 2026 cum
922 1970 984 2042 quis
999 1984 1056 2024 rem
1071 1968 1135 2026 alie·

167 2069 228 2108 nam
243 2055 330 2110 inuito
346 2053 458 2110 domino
474 2061 634 2113 contrectat.
671 2048 737 2110 190.
754 2053 847 2127 ltaque
865 2055 888 2110 si
912 2055 973 2127 quis
996 2069 1041 2120 re,
1065 2069 1133 2126 quae

168 2139 242 2210 apud
255 2153 316 2194 eum
331 2139 457 2212 deposita
472 2138 525 2210 sit,
549 2145 655 2208 utatur,
679 2138 782 2194 lurtum
805 2139 967 2207 committit3
990 2145 1019 2193 et
1034 2139 1057 2193 si
1073 2138 1134 2211 quis

167 2223 294 2279 utendam
316 2239 373 2280 rem
394 2223 545 2297 acceperit,
569 2238 683 2296 eamque
704 2223 732 2277 in
754 2221 834 2278 alium
858 2239 937 2278 usum
954 2221 1134 2293 transtulerit,

168 2306 233 2364 furti
256 2305 408 2380 obligatur,
432 2307 518 2365 ueluti
541 2307 647 2380 siquis
670 2313 813 2381 argentum
838 2305 967 2362 utendum
990 2307 1134 2380 acceperit,

170 2456 263 2508 Gdseh.
288 2464 371 2518 reete,
395 2459 511 2522 quamvis
530 2464 606 2506 rotae
626 2456 653 2505 C.
672 2463 731 2505 ante
754 2456 791 2504 lex
814 2463 862 2505 tota
877 2458 987 2520 proprie
1011 2471 1071 2520 quae
1094 2471 1134 2506 res

168 2528 324 2591 siqnifieent.
347 2541 408 2591 quae
428 2542 467 2576 res
487 2523 536 2594 [lex
555 2521 616 2593 tota]
636 2527 776 2576 secundum
791 2527 977 2577 Pelenaare'um
990 2528 1030 2576 cd.
1046 2527 1095 2576 Kr.
1113 2537 1133 2576 Ξ.

168 2600 248 2653 mule,·
268 2613 326 2646 uem
344 2613 375 2647 ea
394 2613 437 2647 res
456 2596 565 2664 (licium)
585 2597 687 2661 quidem
705 2599 815 2648 macinae
834 2613 868 2647 ex
887 2599 934 2647 itta
953 2599 1056 2647 veriore
1077 2612 1134 2647 sen·

169 2670 250 2718 tentia
268 2669 369 2718 minime
387 2676 446 2719 erat
465 2669 594 2726 ridicula,
611 2668 659 2718 sed
677 2670 733 2726 teu,
753 2675 778 2718 et
796 2676 850 2718 tota
867 2669 968 2732 quidem
982 2666 1043 2732 (tam
1054 2683 1134 2731 proe-

170 2746 242 2802 eepto
257 2754 332 2803 quam
346 2740 504 2804 sanctione),
524 2755 589 2804 quoe
608 2737 654 2804 (erc
670 2740 827 2802 posterioris
841 2740 899 2790 aeui
912 2738 1025 2790 rioribus
1039 2745 1064 2787 et
1075 2752 1133 2787 sen·

169 2807 260 2875 tentia)
276 2810 345 2874 quod
354 2810 495 2875 prodidere
510 2810 616 2869 volebat,
633 2809 737 2860 iuvabat
751 2813 837 2875 itaque
847 2811 963 2860 seuerius
977 2806 1133 2859 vindicabat.

172 2876 191 2947 ¹)
207 2895 219 2929 r
234 2888 323 2932 notata
335 2882 361 2932 C.
373 2904 406 2924 =
417 2897 465 2944 res,
479 2883 628 2946 utfortnsse
638 2881 766 2931 librarius
778 2883 805 2930 in
816 2882 872 2932 eod.
882 2897 955 2946 quem
965 2877 1134 2936 describebat,

169 2965 208 3001 res
219 2965 272 3015 pro
287 2959 324 3002 ret
338 2976 371 2996 =
386 2969 413 3002 re
424 2960 447 3002 et
457 2955 549 3019 lepisse
559 2960 584 3003 et
593 2959 697 3003 notasse
708 2953 837 3002 uideatur.
857 2966 896 3001 res
912 2953 969 3002 edd.
980 2953 1055 3000 etiem
1065 2965 1134 3000 mene

168 3035 188 3073 1.
200 3035 220 3074 2.
241 3038 266 3073 re
278 3027 310 3087 ei.
321 3041 343 3074 o.
355 3026 380 3074 d.
390 3025 496 3075 Hoeven
507 3027 524 3074 l.
535 3040 557 3074 c.
610 3019 631 3089 ἵ)
647 3023 692 3073 Ex
702 3024 792 3073 Pelen.
803 3024 844 3074 ed.
853 3023 936 3072 haberi
947 3023 1027 3072 iubeat
1038 3021 1064 3074 C.
1075 3020 1134 3070 edd.

170 3090 193 3160 ⁸)
206 3093 252 3145 Sic
266 3102 337 3145 reete
346 3097 386 3145 ed.
398 3096 489 3147 Pelen.
499 3096 638 3158 occupantis
651 3095 676 3144 C.
696 3095 743 3144 sed
752 3095 844 3143 ddnde
851 3109 902 3158 pro
912 3093 1016 3142 subiciet
1032 3091 1057 3142 0.
1077 3092 1135 3141 sult-

169 3165 259 3214 ieiatar
277 3167 334 3216 edd.
355 3169 459 3216 retinui.
521 3164 544 3232 ⁴)
563 3166 622 3215 Hoc
641 3168 697 3216 loeo
712 3172 773 3229 post
786 3171 839 3214 rau-t
858 3165 909 3226 lege
925 3164 1036 3228 facilius
1053 3164 1135 3212 omitti

165 3238 251 3299 potuit
272 3238 352 3300 †legi,
372 3254 446 3302 quam
460 3252 510 3302 quo
524 3238 582 3286 edd.
598 3236 634 3303 (et
653 3251 707 3286 meu
726 3233 748 3302 t)
768 3238 952 3300 suppleverunt
965 3241 1027 3298 post
1043 3241 1135 3283 natura.

240 3364 266 3435 ξ.
286 3371 342 3419 194.
364 3368 403 3432 Cf.
418 3369 450 3417 L.
461 3379 481 3417 a.
496 3370 520 3430 §-
531 3379 552 3418 1.
571 3369 603 3416 D.
619 3369 651 3417 de
667 3368 751 3430 usufr.
767 3383 821 3417 ear.
837 3383 889 3417 rer.
900 3366 924 3432 (t
943 3365 974 3430 t).
1031 3361 1056 3433 ξ.
1074 3365 1133 3415 195.

169 3441 242 3500 εξ.
257 3450 278 3489 a.
298 3438 359 3491 Lis.
375 3446 392 3488 t.
408 3437 440 3505 (a,
455 3438 486 3503 1).
508 3439 546 3502 Cf.
562 3438 633 3502 Epir.
648 3450 669 3501 a,
685 3451 717 3490 io.
737 3440 760 3501 ξ.
774 3451 794 3490 e.
816 3439 924 3500 Ponte,
938 3449 972 3488 et.
988 3439 1011 3499 §-
1027 3448 1047 3488 1.
1070 3435 1134 3485 Geli.

169 3521 252 3571 11,1s.
316 3506 342 3577 §-
360 3511 418 3560 196.
440 3509 478 3572 θβ.
494 3511 517 3571 5.
532 3522 553 3561 o.
573 3508 595 3558 I.
610 3512 655 3559 eir.
670 3509 739 3573 Epir.
751 3520 772 3571 e,
787 3522 820 3560 1o.
840 3511 879 3572 ἐξ.
894 3522 915 3560 r.
930 3519 951 3559 s.
973 3508 1048 3557 Paul.
1065 3519 1085 3570 a,
1100 3519 1134 3558 os.

170 3581 194 3640 t.
208 3590 242 3631 re.
265 3579 328 3630 Geli.
344 3592 364 3643 a,
380 3591 413 3632 15.
438 3579 496 3630 Vol.
513 3579 588 3630 Marc.
602 3593 624 3643 s,
640 3593 660 3644 a,
674 3593 695 3631 4.
