<?xml version="1.0" encoding="UTF-8"?>
<!DOCTYPE html PUBLIC "-//W3C//DTD XHTML 1.0 Transitional//EN"
    "http://www.w3.org/TR/xhtml1/DTD/xhtml1-transitional.dtd">
<html xmlns="http://www.w3.org/1999/xhtml" xml:lang="en" lang="en">
 <head>
  <title>
</title>
<meta http-equiv="Content-Type" content="text/html;charset=utf-8" />
  <meta name='ocr-system' content='tesseract 3.04.00' />
  <meta name='ocr-capabilities' content='ocr_page ocr_carea ocr_par ocr_line ocrx_word'/>
</head>
<body>
  <div class='ocr_page' id='page_1' title='image "./iurisprudentiae01huscgoog_0693.png"; bbox 0 0 2542 3909; ppageno 0'>
   <div class='ocr_carea' id='block_1_1' title="bbox 187 218 928 298">
    <p class='ocr_par' dir='ltr' id='par_1_1' title="bbox 187 218 928 298">
     <span class='ocr_line' id='line_1_1' title="bbox 187 218 928 298; baseline -0.004 -24"><span class='ocrx_word' id='word_1_1' title='bbox 187 218 248 282; x_wconf 88' lang='grc'><strong>668</strong></span> <span class='ocrx_word' id='word_1_2' title='bbox 392 237 450 272; x_wconf 77' lang='lat' dir='ltr'><strong>uos.</strong></span> <span class='ocrx_word' id='word_1_3' title='bbox 470 237 502 272; x_wconf 77' lang='lat' dir='ltr'><strong>er</strong></span> <span class='ocrx_word' id='word_1_4' title='bbox 519 236 582 272; x_wconf 80' lang='lat' dir='ltr'><strong>sou.</strong></span> <span class='ocrx_word' id='word_1_5' title='bbox 602 236 692 272; x_wconf 77' lang='lat' dir='ltr'><strong>asevis</strong></span> <span class='ocrx_word' id='word_1_6' title='bbox 709 236 818 272; x_wconf 74' lang='lat' dir='ltr'><strong>corner.</strong></span> <span class='ocrx_word' id='word_1_7' title='bbox 838 218 884 272; x_wconf 90' lang='lat' dir='ltr'><strong>VI.</strong></span> <span class='ocrx_word' id='word_1_8' title='bbox 904 224 928 298; x_wconf 74' lang='lat'><strong>⁵:</strong></span> 
     </span>
    </p>
   </div>
   <div class='ocr_carea' id='block_1_2' title="bbox 87 365 1254 2954">
    <p class='ocr_par' dir='ltr' id='par_1_2' title="bbox 87 365 1254 2954">
     <span class='ocr_line' id='line_1_2' title="bbox 186 365 1149 440; baseline 0 -16"><span class='ocrx_word' id='word_1_9' title='bbox 186 384 236 425; x_wconf 90' lang='lat' dir='ltr'><strong>nec</strong></span> <span class='ocrx_word' id='word_1_10' title='bbox 248 375 309 423; x_wconf 89' lang='lat' dir='ltr'><strong>ante</strong></span> <span class='ocrx_word' id='word_1_11' title='bbox 325 369 467 440; x_wconf 89' lang='lat' dir='ltr'><strong>quicquam</strong></span> <span class='ocrx_word' id='word_1_12' title='bbox 483 365 615 422; x_wconf 87' lang='lat' dir='ltr'><strong>eiusmodi</strong></span> <span class='ocrx_word' id='word_1_13' title='bbox 630 383 691 422; x_wconf 90' lang='lat' dir='ltr'><strong>esse</strong></span> <span class='ocrx_word' id='word_1_14' title='bbox 706 368 894 435; x_wconf 89' lang='lat' dir='ltr'><strong>commissum,</strong></span> <span class='ocrx_word' id='word_1_15' title='bbox 919 367 992 439; x_wconf 89' lang='lat' dir='ltr'><strong>quod</strong></span> <span class='ocrx_word' id='word_1_16' title='bbox 1008 374 1081 424; x_wconf 89' lang='lat' dir='ltr'><strong>esset</strong></span> <span class='ocrx_word' id='word_1_17' title='bbox 1095 375 1149 424; x_wconf 88' lang='lat' dir='ltr'><strong>aut</strong></span> 
     </span>
     <span class='ocr_line' id='line_1_3' title="bbox 136 444 1146 524; baseline -0.002 -16"><span class='ocrx_word' id='word_1_18' title='bbox 136 453 141 464; x_wconf 92' lang='grc'><em>“</em></span> <span class='ocrx_word' id='word_1_19' title='bbox 185 453 327 508; x_wconf 89' lang='lat' dir='ltr'><strong>clementia</strong></span> <span class='ocrx_word' id='word_1_20' title='bbox 348 449 556 520; x_wconf 89' lang='lat' dir='ltr'><strong>remittendum,</strong></span> <span class='ocrx_word' id='word_1_21' title='bbox 580 458 625 506; x_wconf 87' lang='lat' dir='ltr'><strong>ant</strong></span> <span class='ocrx_word' id='word_1_22' title='bbox 640 449 747 523; x_wconf 80' lang='lat' dir='ltr'><strong>legibus</strong></span> <span class='ocrx_word' id='word_1_23' title='bbox 767 449 969 524; x_wconf 83' lang='lat' dir='ltr'><strong>corrigendum.</strong></span> <span class='ocrx_word' id='word_1_24' title='bbox 1012 448 1042 507; x_wconf 80' lang='lat'><strong>4.</strong></span> <span class='ocrx_word' id='word_1_25' title='bbox 1067 444 1146 506; x_wconf 66' lang='lat' dir='ltr'><strong>&#39;Sedl</strong></span> 
     </span>
     <span class='ocr_line' id='line_1_4' title="bbox 87 532 1144 608; baseline 0.002 -20"><span class='ocrx_word' id='word_1_26' title='bbox 87 585 89 588; x_wconf 86' lang='lat'><strong>.</strong></span> <span class='ocrx_word' id='word_1_27' title='bbox 186 534 299 608; x_wconf 87' lang='lat' dir='ltr'><strong>posthac</strong></span> <span class='ocrx_word' id='word_1_28' title='bbox 325 534 485 607; x_wconf 80' lang='lat' dir='ltr'><strong>religionem</strong></span> <span class='ocrx_word' id='word_1_29' title='bbox 517 535 742 607; x_wconf 76' lang='lat' dir='ltr'><strong>sanctitatemque</strong></span> <span class='ocrx_word' id='word_1_30' title='bbox 771 535 798 589; x_wconf 91' lang='lat' dir='ltr'><strong>iu</strong></span> <span class='ocrx_word' id='word_1_31' title='bbox 826 532 950 590; x_wconf 88' lang='lat' dir='ltr'><strong>conubiis</strong></span> <span class='ocrx_word' id='word_1_32' title='bbox 983 535 1144 607; x_wconf 79' lang='lat' dir='ltr'>copulandis</span> 
     </span>
     <span class='ocr_line' id='line_1_5' title="bbox 186 617 1145 691; baseline 0.002 -18"><span class='ocrx_word' id='word_1_33' title='bbox 186 617 312 674; x_wconf 90' lang='lat' dir='ltr'><strong>uolumus</strong></span> <span class='ocrx_word' id='word_1_34' title='bbox 327 617 360 673; x_wconf 89' lang='lat' dir='ltr'><strong>ab</strong></span> <span class='ocrx_word' id='word_1_35' title='bbox 375 633 541 691; x_wconf 86' lang='lat' dir='ltr'><strong>unoquoque</strong></span> <span class='ocrx_word' id='word_1_36' title='bbox 556 620 670 688; x_wconf 87' lang='lat' dir='ltr'><strong>seruari,</strong></span> <span class='ocrx_word' id='word_1_37' title='bbox 690 625 721 673; x_wconf 90' lang='lat' dir='ltr'><strong>ut</strong></span> <span class='ocrx_word' id='word_1_38' title='bbox 735 633 765 672; x_wconf 91' lang='lat' dir='ltr'><strong>se</strong></span> <span class='ocrx_word' id='word_1_39' title='bbox 780 617 812 672; x_wconf 92' lang='lat' dir='ltr'><strong>ad</strong></span> <span class='ocrx_word' id='word_1_40' title='bbox 829 617 996 691; x_wconf 80' lang='lat' dir='ltr'><strong>disciplinam</strong></span> <span class='ocrx_word' id='word_1_41' title='bbox 1010 618 1145 691; x_wconf 74' lang='lat' dir='ltr'>legesque</span> 
     </span>
     <span class='ocr_line' id='line_1_6' title="bbox 185 702 1144 775; baseline 0.001 -18"><span class='ocrx_word' id='word_1_42' title='bbox 185 702 317 758; x_wconf 86' lang='lat' dir='ltr'><strong>Romanas</strong></span> <span class='ocrx_word' id='word_1_43' title='bbox 333 702 503 756; x_wconf 84' lang='lat' dir='ltr'><strong>meminerint</strong></span> <span class='ocrx_word' id='word_1_44' title='bbox 517 702 670 773; x_wconf 86' lang='lat' dir='ltr'><strong>pertinere:</strong></span> <span class='ocrx_word' id='word_1_45' title='bbox 693 710 721 756; x_wconf 88' lang='lat' dir='ltr'><strong>et</strong></span> <span class='ocrx_word' id='word_1_46' title='bbox 736 717 780 756; x_wconf 91' lang='lat' dir='ltr'><strong>eas</strong></span> <span class='ocrx_word' id='word_1_47' title='bbox 798 710 902 757; x_wconf 88' lang='lat' dir='ltr'><strong>tantum</strong></span> <span class='ocrx_word' id='word_1_48' title='bbox 924 703 1012 758; x_wconf 88' lang='lat' dir='ltr'><strong>sciant</strong></span> <span class='ocrx_word' id='word_1_49' title='bbox 1033 704 1144 775; x_wconf 76' lang='lat' dir='ltr'><strong>nuptias</strong></span> 
     </span>
     <span class='ocr_line' id='line_1_7' title="bbox 186 781 1145 859; baseline 0.003 -19"><span class='ocrx_word' id='word_1_50' title='bbox 186 783 283 856; x_wconf 86' lang='lat' dir='ltr'><strong>licitas,</strong></span> <span class='ocrx_word' id='word_1_51' title='bbox 305 801 374 858; x_wconf 92' lang='lat' dir='ltr'><strong>quae</strong></span> <span class='ocrx_word' id='word_1_52' title='bbox 395 792 460 840; x_wconf 92' lang='lat' dir='ltr'><strong>sunt</strong></span> <span class='ocrx_word' id='word_1_53' title='bbox 478 784 598 841; x_wconf 90' lang='lat' dir='ltr'><strong>Romano</strong></span> <span class='ocrx_word' id='word_1_54' title='bbox 622 787 680 840; x_wconf 87' lang='lat' dir='ltr'><strong>iure</strong></span> <span class='ocrx_word' id='word_1_55' title='bbox 702 784 859 856; x_wconf 77' lang='lat' dir='ltr'><strong>permissae.</strong></span> <span class='ocrx_word' id='word_1_56' title='bbox 902 781 931 841; x_wconf 79' lang='grc'><strong>5.</strong></span> <span class='ocrx_word' id='word_1_57' title='bbox 955 784 1019 842; x_wconf 86' lang='lat' dir='ltr'><strong>Cum</strong></span> <span class='ocrx_word' id='word_1_58' title='bbox 1043 785 1145 859; x_wconf 89' lang='lat' dir='ltr'><strong>quibus</strong></span> 
     </span>
     <span class='ocr_line' id='line_1_8' title="bbox 186 867 1143 942; baseline 0.002 -18"><span class='ocrx_word' id='word_1_59' title='bbox 186 877 274 924; x_wconf 88' lang='lat' dir='ltr'><strong>autem</strong></span> <span class='ocrx_word' id='word_1_60' title='bbox 296 870 420 942; x_wconf 90' lang='lat' dir='ltr'><strong>personis</strong></span> <span class='ocrx_word' id='word_1_61' title='bbox 437 875 489 924; x_wconf 90' lang='lat' dir='ltr'><strong>tam</strong></span> <span class='ocrx_word' id='word_1_62' title='bbox 504 877 699 942; x_wconf 86' lang='lat' dir='ltr'><strong>cognatorum,</strong></span> <span class='ocrx_word' id='word_1_63' title='bbox 722 884 801 941; x_wconf 89' lang='lat' dir='ltr'><strong>quam</strong></span> <span class='ocrx_word' id='word_1_64' title='bbox 823 884 857 924; x_wconf 84' lang='lat' dir='ltr'><strong>ex</strong></span> <span class='ocrx_word' id='word_1_65' title='bbox 878 867 1005 924; x_wconf 88' lang='lat' dir='ltr'><strong>adfinium</strong></span> <span class='ocrx_word' id='word_1_66' title='bbox 1026 886 1143 926; x_wconf 88' lang='lat' dir='ltr'><strong>nurnero</strong></span> 
     </span>
     <span class='ocr_line' id='line_1_9' title="bbox 186 951 1144 1026; baseline -0.001 -17"><span class='ocrx_word' id='word_1_67' title='bbox 186 955 308 1009; x_wconf 81' lang='lat' dir='ltr'><strong>contrahi</strong></span> <span class='ocrx_word' id='word_1_68' title='bbox 323 968 377 1009; x_wconf 92' lang='lat' dir='ltr'><strong>non</strong></span> <span class='ocrx_word' id='word_1_69' title='bbox 393 952 473 1008; x_wconf 88' lang='lat' dir='ltr'><strong>liceat</strong></span> <span class='ocrx_word' id='word_1_70' title='bbox 487 953 702 1021; x_wconf 88' lang='lat' dir='ltr'><strong>matrimonium,</strong></span> <span class='ocrx_word' id='word_1_71' title='bbox 725 953 778 1007; x_wconf 89' lang='lat' dir='ltr'><strong>hoc</strong></span> <span class='ocrx_word' id='word_1_72' title='bbox 792 951 880 1008; x_wconf 85' lang='lat' dir='ltr'><strong>edicto</strong></span> <span class='ocrx_word' id='word_1_73' title='bbox 896 961 992 1008; x_wconf 90' lang='lat' dir='ltr'><strong>nostro</strong></span> <span class='ocrx_word' id='word_1_74' title='bbox 1009 953 1144 1026; x_wconf 84' lang='lat' dir='ltr'><strong>compleri</strong></span> 
     </span>
     <span class='ocr_line' id='line_1_10' title="bbox 185 1033 1220 1109; baseline 0.004 -17"><span class='ocrx_word' id='word_1_75' title='bbox 185 1053 291 1092; x_wconf 90' lang='lat' dir='ltr'><strong>sumus:</strong></span> <span class='ocrx_word' id='word_1_76' title='bbox 314 1051 374 1092; x_wconf 86' lang='lat' dir='ltr'><strong>curn</strong></span> <span class='ocrx_word' id='word_1_77' title='bbox 392 1033 455 1106; x_wconf 85' lang='lat' dir='ltr'><strong>tilia,</strong></span> <span class='ocrx_word' id='word_1_78' title='bbox 471 1044 561 1108; x_wconf 89' lang='lat' dir='ltr'><strong>nepte,</strong></span> <span class='ocrx_word' id='word_1_79' title='bbox 577 1045 721 1108; x_wconf 89' lang='lat' dir='ltr'><strong>pronepte,</strong></span> <span class='ocrx_word' id='word_1_80' title='bbox 741 1037 860 1109; x_wconf 87' lang='lat' dir='ltr'><strong>itemque</strong></span> <span class='ocrx_word' id='word_1_81' title='bbox 875 1044 970 1108; x_wconf 87' lang='lat' dir='ltr'><strong>matre,</strong></span> <span class='ocrx_word' id='word_1_82' title='bbox 991 1038 1059 1107; x_wconf 89' lang='lat' dir='ltr'><strong>ania,</strong></span> <span class='ocrx_word' id='word_1_83' title='bbox 1078 1054 1143 1109; x_wconf 91' lang='lat' dir='ltr'><strong>pro·</strong></span> <span class='ocrx_word' id='word_1_84' title='bbox 1154 1056 1220 1105; x_wconf 83' lang='lat' dir='ltr'><strong>[sm]</strong></span> 
     </span>
     <span class='ocr_line' id='line_1_11' title="bbox 185 1114 1144 1194; baseline 0 -18"><span class='ocrx_word' id='word_1_85' title='bbox 185 1121 258 1176; x_wconf 90' lang='lat' dir='ltr'><strong>auia:</strong></span> <span class='ocrx_word' id='word_1_86' title='bbox 282 1129 355 1176; x_wconf 83' lang='lat' dir='ltr'><strong>etex</strong></span> <span class='ocrx_word' id='word_1_87' title='bbox 371 1118 455 1174; x_wconf 88' lang='lat' dir='ltr'><strong>latere</strong></span> <span class='ocrx_word' id='word_1_88' title='bbox 470 1121 550 1174; x_wconf 90' lang='lat' dir='ltr'><strong>amita</strong></span> <span class='ocrx_word' id='word_1_89' title='bbox 565 1135 596 1175; x_wconf 89' lang='lat' dir='ltr'><strong>ac</strong></span> <span class='ocrx_word' id='word_1_90' title='bbox 610 1127 765 1189; x_wconf 86' lang='lat' dir='ltr'><strong>matertera,</strong></span> <span class='ocrx_word' id='word_1_91' title='bbox 788 1114 947 1194; x_wconf 71' lang='lat' dir='ltr'><strong>’leorore),²</strong></span> <span class='ocrx_word' id='word_1_92' title='bbox 968 1122 1072 1176; x_wconf 90' lang='lat' dir='ltr'><strong>sororis</strong></span> <span class='ocrx_word' id='word_1_93' title='bbox 1087 1119 1144 1177; x_wconf 87' lang='lat' dir='ltr'><strong>lilia</strong></span> 
     </span>
     <span class='ocr_line' id='line_1_12' title="bbox 185 1200 1141 1276; baseline 0 -16"><span class='ocrx_word' id='word_1_94' title='bbox 185 1212 213 1260; x_wconf 91' lang='lat' dir='ltr'><strong>et</strong></span> <span class='ocrx_word' id='word_1_95' title='bbox 224 1221 256 1259; x_wconf 77' lang='lat' dir='ltr'><strong>er</strong></span> <span class='ocrx_word' id='word_1_96' title='bbox 268 1219 299 1260; x_wconf 90' lang='lat' dir='ltr'><strong>ea</strong></span> <span class='ocrx_word' id='word_1_97' title='bbox 310 1212 401 1276; x_wconf 92' lang='lat' dir='ltr'><strong>nepte.</strong></span> <span class='ocrx_word' id='word_1_98' title='bbox 430 1202 551 1276; x_wconf 87' lang='lat' dir='ltr'><strong>itemque</strong></span> <span class='ocrx_word' id='word_1_99' title='bbox 562 1218 595 1258; x_wconf 81' lang='lat' dir='ltr'><strong>ex</strong></span> <span class='ocrx_word' id='word_1_100' title='bbox 608 1200 740 1258; x_wconf 81' lang='lat' dir='ltr'><strong>adfinibus</strong></span> <span class='ocrx_word' id='word_1_101' title='bbox 753 1203 889 1275; x_wconf 82' lang='lat' dir='ltr'><strong>priuigna,</strong></span> <span class='ocrx_word' id='word_1_102' title='bbox 904 1219 1033 1274; x_wconf 89' lang='lat' dir='ltr'><strong>nouerca,</strong></span> <span class='ocrx_word' id='word_1_103' title='bbox 1049 1221 1141 1276; x_wconf 92' lang='lat' dir='ltr'><strong>socru,</strong></span> 
     </span>
     <span class='ocr_line' id='line_1_13' title="bbox 184 1286 1142 1360; baseline 0.003 -17"><span class='ocrx_word' id='word_1_104' title='bbox 184 1304 270 1357; x_wconf 91' lang='lat' dir='ltr'><strong>nuru,</strong></span> <span class='ocrx_word' id='word_1_105' title='bbox 293 1289 461 1358; x_wconf 89' lang='lat' dir='ltr'><strong>ceterisque,</strong></span> <span class='ocrx_word' id='word_1_106' title='bbox 484 1302 554 1358; x_wconf 89' lang='lat' dir='ltr'><strong>quae</strong></span> <span class='ocrx_word' id='word_1_107' title='bbox 576 1288 688 1360; x_wconf 89' lang='lat' dir='ltr'><strong>antiquo</strong></span> <span class='ocrx_word' id='word_1_108' title='bbox 709 1289 768 1343; x_wconf 90' lang='lat' dir='ltr'><strong>iure</strong></span> <span class='ocrx_word' id='word_1_109' title='bbox 789 1286 984 1360; x_wconf 89' lang='lat' dir='ltr'><strong>prohihentur,</strong></span> <span class='ocrx_word' id='word_1_110' title='bbox 1005 1305 1021 1344; x_wconf 91' lang='lat' dir='ltr'><strong>a</strong></span> <span class='ocrx_word' id='word_1_111' title='bbox 1043 1288 1142 1360; x_wconf 90' lang='lat' dir='ltr'><strong>quibus</strong></span> 
     </span>
     <span class='ocr_line' id='line_1_14' title="bbox 185 1365 1143 1441; baseline 0 -11"><span class='ocrx_word' id='word_1_112' title='bbox 185 1378 297 1430; x_wconf 89' lang='lat' dir='ltr'><strong>cunctos</strong></span> <span class='ocrx_word' id='word_1_113' title='bbox 320 1371 447 1426; x_wconf 90' lang='lat' dir='ltr'><strong>nolumus</strong></span> <span class='ocrx_word' id='word_1_114' title='bbox 469 1368 613 1427; x_wconf 87' lang='lat' dir='ltr'><strong>abstinere.</strong></span> <span class='ocrx_word' id='word_1_115' title='bbox 657 1365 687 1426; x_wconf 86' lang='grc'><strong>6.</strong></span> <span class='ocrx_word' id='word_1_116' title='bbox 710 1368 780 1425; x_wconf 85' lang='lat' dir='ltr'><strong>Nilu&#39;l</strong></span> <span class='ocrx_word' id='word_1_117' title='bbox 795 1370 882 1441; x_wconf 90' lang='lat' dir='ltr'><strong>enim,</strong></span> <span class='ocrx_word' id='word_1_118' title='bbox 904 1371 1096 1428; x_wconf 71' lang='lat' dir='ltr'><strong>uisi‘sanctum</strong></span> <span class='ocrx_word' id='word_1_119' title='bbox 1111 1389 1143 1430; x_wconf 87' lang='lat' dir='ltr'><strong>ac</strong></span> 
     </span>
     <span class='ocr_line' id='line_1_15' title="bbox 184 1447 1142 1529; baseline 0.002 -19"><span class='ocrx_word' id='word_1_120' title='bbox 184 1455 337 1512; x_wconf 85' lang='lat' dir='ltr'><strong>uenerabile</strong></span> <span class='ocrx_word' id='word_1_121' title='bbox 352 1462 444 1510; x_wconf 88' lang='lat' dir='ltr'><strong>nostra</strong></span> <span class='ocrx_word' id='word_1_122' title='bbox 460 1453 519 1509; x_wconf 89' lang='lat' dir='ltr'><strong>iura</strong></span> <span class='ocrx_word' id='word_1_123' title='bbox 533 1452 701 1524; x_wconf 89' lang='lat' dir='ltr'><strong>custodiunt,</strong></span> <span class='ocrx_word' id='word_1_124' title='bbox 720 1463 748 1510; x_wconf 90' lang='lat' dir='ltr'><strong>et</strong></span> <span class='ocrx_word' id='word_1_125' title='bbox 767 1447 828 1510; x_wconf 78' lang='lat' dir='ltr'><strong>‘ita3</strong></span> <span class='ocrx_word' id='word_1_126' title='bbox 841 1454 875 1509; x_wconf 91' lang='lat' dir='ltr'><strong>ad</strong></span> <span class='ocrx_word' id='word_1_127' title='bbox 890 1463 990 1511; x_wconf 87' lang='lat' dir='ltr'><strong>tantam</strong></span> <span class='ocrx_word' id='word_1_128' title='bbox 1005 1458 1142 1529; x_wconf 83' lang='lat' dir='ltr'><strong>magnitu-</strong></span> 
     </span>
     <span class='ocr_line' id='line_1_16' title="bbox 183 1537 1142 1612; baseline 0.002 -18"><span class='ocrx_word' id='word_1_129' title='bbox 183 1541 272 1594; x_wconf 88' lang='lat' dir='ltr'><strong>dinem</strong></span> <span class='ocrx_word' id='word_1_130' title='bbox 288 1537 406 1593; x_wconf 89' lang='lat' dir='ltr'><strong>Romana</strong></span> <span class='ocrx_word' id='word_1_131' title='bbox 420 1539 544 1593; x_wconf 89' lang='lat' dir='ltr'><strong>maiestas</strong></span> <span class='ocrx_word' id='word_1_132' title='bbox 559 1543 718 1593; x_wconf 88' lang='lat' dir='ltr'><strong>cunctorum</strong></span> <span class='ocrx_word' id='word_1_133' title='bbox 738 1540 877 1594; x_wconf 90' lang='lat' dir='ltr'><strong>numinum</strong></span> <span class='ocrx_word' id='word_1_134' title='bbox 895 1538 991 1595; x_wconf 82' lang='lat' dir='ltr'><strong>fauore</strong></span> <span class='ocrx_word' id='word_1_135' title='bbox 1005 1543 1142 1612; x_wconf 89' lang='lat' dir='ltr'><strong>peruenit,</strong></span> 
     </span>
     <span class='ocr_line' id='line_1_17' title="bbox 184 1615 1141 1697; baseline 0.004 -21"><span class='ocrx_word' id='word_1_136' title='bbox 184 1623 309 1696; x_wconf 90' lang='lat' dir='ltr'><strong>quoniam</strong></span> <span class='ocrx_word' id='word_1_137' title='bbox 334 1635 426 1675; x_wconf 91' lang='lat' dir='ltr'><strong>omnes</strong></span> <span class='ocrx_word' id='word_1_138' title='bbox 448 1621 524 1692; x_wconf 83' lang='lat' dir='ltr'><strong>leges</strong></span> <span class='ocrx_word' id='word_1_139' title='bbox 545 1636 609 1675; x_wconf 90' lang='lat' dir='ltr'><strong>suas</strong></span> <span class='ocrx_word' id='word_1_140' title='bbox 630 1618 784 1692; x_wconf 81' lang='lat' dir='ltr'><strong>&#39;religionis</strong></span> <span class='ocrx_word' id='word_1_141' title='bbox 806 1615 952 1695; x_wconf 79' lang='lat' dir='ltr'><strong>sapientia⁴</strong></span> <span class='ocrx_word' id='word_1_142' title='bbox 973 1624 1141 1697; x_wconf 87' lang='lat' dir='ltr'><strong>pudorisque</strong></span> 
     </span>
     <span class='ocr_line' id='line_1_18' title="bbox 184 1698 1141 1771; baseline 0.002 -9"><span class='ocrx_word' id='word_1_143' title='bbox 184 1704 373 1762; x_wconf 89' lang='lat' dir='ltr'><strong>obseruatione</strong></span> <span class='ocrx_word' id='word_1_144' title='bbox 388 1704 519 1760; x_wconf 82' lang='lat' dir='ltr'><strong>deuinrit.</strong></span> <span class='ocrx_word' id='word_1_145' title='bbox 563 1698 589 1764; x_wconf 84' lang='grc'><strong>7.</strong></span> <span class='ocrx_word' id='word_1_146' title='bbox 611 1702 700 1771; x_wconf 81' lang='lat' dir='ltr'><strong>Quare</strong></span> <span class='ocrx_word' id='word_1_147' title='bbox 715 1705 768 1761; x_wconf 88' lang='lat' dir='ltr'><strong>hoc</strong></span> <span class='ocrx_word' id='word_1_148' title='bbox 782 1705 871 1761; x_wconf 91' lang='lat' dir='ltr'><strong>edicto</strong></span> <span class='ocrx_word' id='word_1_149' title='bbox 894 1715 990 1762; x_wconf 91' lang='lat' dir='ltr'><strong>nostro</strong></span> <span class='ocrx_word' id='word_1_150' title='bbox 1014 1707 1141 1764; x_wconf 92' lang='lat' dir='ltr'><strong>uolumus</strong></span> 
     </span>
     <span class='ocr_line' id='line_1_19' title="bbox 115 1785 1254 1865; baseline 0.004 -21"><span class='ocrx_word' id='word_1_151' title='bbox 115 1797 122 1808; x_wconf 85' lang='lat'><strong>·</strong></span> <span class='ocrx_word' id='word_1_152' title='bbox 184 1787 308 1844; x_wconf 89' lang='lat' dir='ltr'><strong>omnibus</strong></span> <span class='ocrx_word' id='word_1_153' title='bbox 322 1788 410 1861; x_wconf 90' lang='lat' dir='ltr'><strong>palam</strong></span> <span class='ocrx_word' id='word_1_154' title='bbox 426 1785 494 1859; x_wconf 86' lang='lat' dir='ltr'><strong>fieri,</strong></span> <span class='ocrx_word' id='word_1_155' title='bbox 511 1788 584 1860; x_wconf 85' lang='lat' dir='ltr'><strong>quod</strong></span> <span class='ocrx_word' id='word_1_156' title='bbox 598 1789 809 1861; x_wconf 88' lang='lat' dir='ltr'><strong>praeteritorum</strong></span> <span class='ocrx_word' id='word_1_157' title='bbox 825 1791 913 1861; x_wconf 90' lang='lat' dir='ltr'><strong>uenia,</strong></span> <span class='ocrx_word' id='word_1_158' title='bbox 936 1807 1005 1863; x_wconf 91' lang='lat' dir='ltr'><strong>quae</strong></span> <span class='ocrx_word' id='word_1_159' title='bbox 1020 1792 1139 1865; x_wconf 82' lang='lat' dir='ltr'><strong>percle·</strong></span> <span class='ocrx_word' id='word_1_160' title='bbox 1253 1854 1254 1857; x_wconf 8' lang='grc' dir='ltr'><strong>Ἴ</strong></span> 
     </span>
     <span class='ocr_line' id='line_1_20' title="bbox 183 1871 1254 1947; baseline 0.004 -19"><span class='ocrx_word' id='word_1_161' title='bbox 183 1873 309 1928; x_wconf 87' lang='lat' dir='ltr'><strong>mantiam</strong></span> <span class='ocrx_word' id='word_1_162' title='bbox 332 1881 452 1929; x_wconf 90' lang='lat' dir='ltr'><strong>nostram</strong></span> <span class='ocrx_word' id='word_1_163' title='bbox 476 1881 569 1929; x_wconf 88' lang='lat' dir='ltr'><strong>contra</strong></span> <span class='ocrx_word' id='word_1_164' title='bbox 593 1872 759 1946; x_wconf 83' lang='lat' dir='ltr'><strong>disciplinam</strong></span> <span class='ocrx_word' id='word_1_165' title='bbox 781 1871 891 1928; x_wconf 88' lang='lat' dir='ltr'><strong>uidetur</strong></span> <span class='ocrx_word' id='word_1_166' title='bbox 911 1874 1030 1945; x_wconf 92' lang='lat' dir='ltr'><strong>indulta,</strong></span> <span class='ocrx_word' id='word_1_167' title='bbox 1054 1875 1086 1931; x_wconf 94' lang='lat' dir='ltr'><strong>ad</strong></span> <span class='ocrx_word' id='word_1_168' title='bbox 1109 1883 1151 1932; x_wconf 84' lang='lat' dir='ltr'><strong>ea·</strong></span> <span class='ocrx_word' id='word_1_169' title='bbox 1253 1930 1254 1947; x_wconf 57' lang='lat'><strong>,</strong></span> 
     </span>
     <span class='ocr_line' id='line_1_21' title="bbox 183 1954 1254 2030; baseline 0.003 -18"><span class='ocrx_word' id='word_1_170' title='bbox 183 1966 287 2013; x_wconf 89' lang='lat' dir='ltr'><strong>tantum</strong></span> <span class='ocrx_word' id='word_1_171' title='bbox 309 1956 406 2013; x_wconf 89' lang='lat' dir='ltr'><strong>delicta</strong></span> <span class='ocrx_word' id='word_1_172' title='bbox 428 1959 576 2030; x_wconf 88' lang='lat' dir='ltr'><strong>pertineat,</strong></span> <span class='ocrx_word' id='word_1_173' title='bbox 600 1972 668 2029; x_wconf 89' lang='lat' dir='ltr'><strong>quae</strong></span> <span class='ocrx_word' id='word_1_174' title='bbox 690 1957 717 2012; x_wconf 91' lang='lat' dir='ltr'><strong>in</strong></span> <span class='ocrx_word' id='word_1_175' title='bbox 739 1956 810 2012; x_wconf 90' lang='lat' dir='ltr'><strong>diem</strong></span> <span class='ocrx_word' id='word_1_176' title='bbox 828 1957 871 2013; x_wconf 93' lang='lat' dir='ltr'><strong>lll.</strong></span> <span class='ocrx_word' id='word_1_177' title='bbox 887 1957 943 2013; x_wconf 88' lang='lat' dir='ltr'><strong>Kal.</strong></span> <span class='ocrx_word' id='word_1_178' title='bbox 959 1958 1138 2016; x_wconf 89' lang='lat' dir='ltr'><strong>ianuariarum</strong></span> <span class='ocrx_word' id='word_1_179' title='bbox 1253 1954 1254 1981; x_wconf 73' lang='lat'>³</span> 
     </span>
     <span class='ocr_line' id='line_1_22' title="bbox 183 2039 1139 2116; baseline 0.004 -20"><span class='ocrx_word' id='word_1_180' title='bbox 183 2041 270 2097; x_wconf 86' lang='lat' dir='ltr'><strong>Tusco</strong></span> <span class='ocrx_word' id='word_1_181' title='bbox 293 2048 321 2096; x_wconf 92' lang='lat' dir='ltr'><strong>et</strong></span> <span class='ocrx_word' id='word_1_182' title='bbox 341 2040 457 2098; x_wconf 77' lang='lat' dir='ltr'><strong>Anuliuo</strong></span> <span class='ocrx_word' id='word_1_183' title='bbox 472 2039 548 2095; x_wconf 85' lang='lat' dir='ltr'><strong>Coss.</strong></span> <span class='ocrx_word' id='word_1_184' title='bbox 570 2041 698 2095; x_wconf 91' lang='lat' dir='ltr'><strong>uidentur</strong></span> <span class='ocrx_word' id='word_1_185' title='bbox 720 2056 780 2096; x_wconf 90' lang='lat' dir='ltr'><strong>esse</strong></span> <span class='ocrx_word' id='word_1_186' title='bbox 802 2043 954 2101; x_wconf 88' lang='lat' dir='ltr'><strong>commissa.</strong></span> <span class='ocrx_word' id='word_1_187' title='bbox 989 2039 1021 2099; x_wconf 87' lang='lat'><strong>8.</strong></span> <span class='ocrx_word' id='word_1_188' title='bbox 1043 2042 1139 2116; x_wconf 87' lang='lat' dir='ltr'><strong>Siqua</strong></span> 
     </span>
     <span class='ocr_line' id='line_1_23' title="bbox 165 2123 1137 2200; baseline 0.004 -20"><span class='ocrx_word' id='word_1_189' title='bbox 165 2132 272 2199; x_wconf 89' lang='lat' dir='ltr'><strong>autem</strong></span> <span class='ocrx_word' id='word_1_190' title='bbox 300 2133 395 2181; x_wconf 90' lang='lat' dir='ltr'><strong>contra</strong></span> <span class='ocrx_word' id='word_1_191' title='bbox 416 2124 528 2180; x_wconf 85' lang='lat' dir='ltr'><strong>Romani</strong></span> <span class='ocrx_word' id='word_1_192' title='bbox 549 2125 666 2180; x_wconf 88' lang='lat' dir='ltr'><strong>nominis</strong></span> <span class='ocrx_word' id='word_1_193' title='bbox 692 2123 775 2179; x_wconf 89' lang='lat' dir='ltr'><strong>decus</strong></span> <span class='ocrx_word' id='word_1_194' title='bbox 802 2127 1025 2198; x_wconf 85' lang='lat' dir='ltr'><strong>sanctitatemque</strong></span> <span class='ocrx_word' id='word_1_195' title='bbox 1046 2126 1137 2200; x_wconf 81' lang='lat' dir='ltr'><strong>legum</strong></span> 
     </span>
     <span class='ocr_line' id='line_1_24' title="bbox 182 2206 1137 2284; baseline 0.004 -20"><span class='ocrx_word' id='word_1_196' title='bbox 182 2219 245 2281; x_wconf 90' lang='lat' dir='ltr'><strong>post</strong></span> <span class='ocrx_word' id='word_1_197' title='bbox 260 2209 445 2280; x_wconf 88' lang='lat' dir='ltr'><strong>supradictum</strong></span> <span class='ocrx_word' id='word_1_198' title='bbox 464 2208 534 2262; x_wconf 91' lang='lat' dir='ltr'><strong>diem</strong></span> <span class='ocrx_word' id='word_1_199' title='bbox 549 2206 789 2280; x_wconf 87' lang='lat' dir='ltr'><strong>deprehenduntur</strong></span> <span class='ocrx_word' id='word_1_200' title='bbox 810 2208 940 2284; x_wconf 89' lang='lat' dir='ltr'><strong>admissa,</strong></span> <span class='ocrx_word' id='word_1_201' title='bbox 964 2209 1045 2283; x_wconf 80' lang='lat' dir='ltr'><strong>digua</strong></span> <span class='ocrx_word' id='word_1_202' title='bbox 1060 2227 1137 2268; x_wconf 90' lang='lat' dir='ltr'><strong>seue·</strong></span> 
     </span>
     <span class='ocr_line' id='line_1_25' title="bbox 182 2289 1137 2367; baseline 0.005 -21"><span class='ocrx_word' id='word_1_203' title='bbox 182 2293 261 2348; x_wconf 89' lang='lat' dir='ltr'><strong>ritate</strong></span> <span class='ocrx_word' id='word_1_204' title='bbox 277 2293 441 2365; x_wconf 88' lang='lat' dir='ltr'><strong>plectentur.</strong></span> <span class='ocrx_word' id='word_1_205' title='bbox 470 2291 525 2346; x_wconf 86' lang='lat' dir='ltr'><strong>Nec</strong></span> <span class='ocrx_word' id='word_1_206' title='bbox 536 2292 606 2346; x_wconf 91' lang='lat' dir='ltr'><strong>enim</strong></span> <span class='ocrx_word' id='word_1_207' title='bbox 622 2289 703 2346; x_wconf 91' lang='lat' dir='ltr'><strong>ullam</strong></span> <span class='ocrx_word' id='word_1_208' title='bbox 718 2293 747 2346; x_wconf 90' lang='lat' dir='ltr'><strong>iu</strong></span> <span class='ocrx_word' id='word_1_209' title='bbox 763 2299 816 2347; x_wconf 89' lang='lat' dir='ltr'><strong>tam</strong></span> <span class='ocrx_word' id='word_1_210' title='bbox 832 2292 934 2348; x_wconf 88' lang='lat' dir='ltr'><strong>nelario</strong></span> <span class='ocrx_word' id='word_1_211' title='bbox 950 2294 1053 2351; x_wconf 89' lang='lat' dir='ltr'><strong>scelere</strong></span> <span class='ocrx_word' id='word_1_212' title='bbox 1064 2297 1137 2367; x_wconf 68' lang='lat' dir='ltr'><strong>qun·</strong></span> 
     </span>
     <span class='ocr_line' id='line_1_26' title="bbox 182 2371 1136 2448; baseline 0.004 -17"><span class='ocrx_word' id='word_1_213' title='bbox 182 2392 261 2448; x_wconf 91' lang='lat' dir='ltr'><strong>quam</strong></span> <span class='ocrx_word' id='word_1_214' title='bbox 277 2377 399 2431; x_wconf 87' lang='lat' dir='ltr'><strong>aestimet</strong></span> <span class='ocrx_word' id='word_1_215' title='bbox 415 2376 521 2430; x_wconf 90' lang='lat' dir='ltr'><strong>ueniam</strong></span> <span class='ocrx_word' id='word_1_216' title='bbox 536 2389 566 2430; x_wconf 89' lang='lat' dir='ltr'><strong>se</strong></span> <span class='ocrx_word' id='word_1_217' title='bbox 581 2377 710 2448; x_wconf 90' lang='lat' dir='ltr'><strong>consequi</strong></span> <span class='ocrx_word' id='word_1_218' title='bbox 726 2391 816 2448; x_wconf 89' lang='lat' dir='ltr'><strong>posse,</strong></span> <span class='ocrx_word' id='word_1_219' title='bbox 836 2377 920 2448; x_wconf 88' lang='lat' dir='ltr'><strong>quiin</strong></span> <span class='ocrx_word' id='word_1_220' title='bbox 936 2377 997 2433; x_wconf 87' lang='lat' dir='ltr'><strong>&#39;iam</strong></span> <span class='ocrx_word' id='word_1_221' title='bbox 1012 2371 1136 2435; x_wconf 77' lang='lat' dir='ltr'><strong>⁵euidens</strong></span> 
     </span>
     <span class='ocr_line' id='line_1_27' title="bbox 182 2457 1135 2531; baseline 0.004 -16"><span class='ocrx_word' id='word_1_222' title='bbox 182 2461 282 2515; x_wconf 86' lang='lat' dir='ltr'><strong>crimen</strong></span> <span class='ocrx_word' id='word_1_223' title='bbox 297 2466 325 2514; x_wconf 93' lang='lat' dir='ltr'><strong>et</strong></span> <span class='ocrx_word' id='word_1_224' title='bbox 340 2465 403 2531; x_wconf 90' lang='lat' dir='ltr'><strong>post</strong></span> <span class='ocrx_word' id='word_1_225' title='bbox 419 2458 535 2514; x_wconf 91' lang='lat' dir='ltr'><strong>edictum</strong></span> <span class='ocrx_word' id='word_1_226' title='bbox 557 2467 680 2514; x_wconf 89' lang='lat' dir='ltr'><strong>nostrum</strong></span> <span class='ocrx_word' id='word_1_227' title='bbox 700 2474 755 2514; x_wconf 92' lang='lat' dir='ltr'><strong>non</strong></span> <span class='ocrx_word' id='word_1_228' title='bbox 776 2457 907 2516; x_wconf 84' lang='lat' dir='ltr'><strong>dubitabit</strong></span> <span class='ocrx_word' id='word_1_229' title='bbox 922 2463 1040 2521; x_wconf 84' lang='lat' dir='ltr'><strong>inruere.</strong></span> <span class='ocrx_word' id='word_1_230' title='bbox 1077 2461 1135 2520; x_wconf 78' lang='lat' dir='ltr'><strong>uas.</strong></span> 
     </span>
     <span class='ocr_line' id='line_1_28' title="bbox 184 2534 945 2611; baseline 0 -12"><span class='ocrx_word' id='word_1_231' title='bbox 184 2585 190 2599; x_wconf 91' lang='lat'><strong>.</strong></span> <span class='ocrx_word' id='word_1_232' title='bbox 208 2581 214 2596; x_wconf 92' lang='lat'><strong>.</strong></span> <span class='ocrx_word' id='word_1_233' title='bbox 233 2582 239 2597; x_wconf 91' lang='lat'><strong>.</strong></span> <span class='ocrx_word' id='word_1_234' title='bbox 256 2541 312 2597; x_wconf 89' lang='lat' dir='ltr'><strong>llal.</strong></span> <span class='ocrx_word' id='word_1_235' title='bbox 329 2534 433 2611; x_wconf 76' lang='lat' dir='ltr'><strong>lllaias,⁶</strong></span> <span class='ocrx_word' id='word_1_236' title='bbox 448 2541 559 2598; x_wconf 85' lang='lat' dir='ltr'><strong>liamaso</strong></span> <span class='ocrx_word' id='word_1_237' title='bbox 574 2542 661 2598; x_wconf 86' lang='lat' dir='ltr'><strong>Tusco</strong></span> <span class='ocrx_word' id='word_1_238' title='bbox 678 2551 705 2597; x_wconf 90' lang='lat' dir='ltr'><strong>et</strong></span> <span class='ocrx_word' id='word_1_239' title='bbox 721 2543 836 2598; x_wconf 82' lang='lat' dir='ltr'><strong>Anulino</strong></span> <span class='ocrx_word' id='word_1_240' title='bbox 852 2537 945 2602; x_wconf 85' lang='lat' dir='ltr'><strong>Coss.⁷</strong></span> 
     </span>
     <span class='ocr_line' id='line_1_29' title="bbox 246 2623 1137 2702; baseline 0.002 -20"><span class='ocrx_word' id='word_1_241' title='bbox 246 2625 312 2698; x_wconf 88' lang='lat' dir='ltr'><strong>llap.</strong></span> <span class='ocrx_word' id='word_1_242' title='bbox 326 2624 356 2682; x_wconf 87' lang='lat' dir='ltr'><strong>V.</strong></span> <span class='ocrx_word' id='word_1_243' title='bbox 386 2624 682 2698; x_wconf 84' lang='lat' dir='ltr'><strong>Hermogeniauus</strong></span> <span class='ocrx_word' id='word_1_244' title='bbox 705 2625 764 2682; x_wconf 91' lang='lat' dir='ltr'><strong>sub</strong></span> <span class='ocrx_word' id='word_1_245' title='bbox 787 2627 890 2684; x_wconf 92' lang='lat' dir='ltr'><strong>titulo</strong></span> <span class='ocrx_word' id='word_1_246' title='bbox 911 2627 949 2684; x_wconf 91' lang='lat' dir='ltr'><strong>de</strong></span> <span class='ocrx_word' id='word_1_247' title='bbox 971 2623 1137 2702; x_wconf 85' lang='lat' dir='ltr'><strong>nuptiis:⁸</strong></span> 
     </span>
     <span class='ocr_line' id='line_1_30' title="bbox 182 2708 1136 2786; baseline 0.007 -23"><span class='ocrx_word' id='word_1_248' title='bbox 182 2709 265 2782; x_wconf 94' lang='lat' dir='ltr'><strong>lmpp.</strong></span> <span class='ocrx_word' id='word_1_249' title='bbox 283 2708 462 2765; x_wconf 84' lang='lat' dir='ltr'><strong>Diocletianus</strong></span> <span class='ocrx_word' id='word_1_250' title='bbox 478 2718 506 2766; x_wconf 92' lang='lat' dir='ltr'><strong>et</strong></span> <span class='ocrx_word' id='word_1_251' title='bbox 521 2709 694 2764; x_wconf 78' lang='lat' dir='ltr'><strong>Maximianus</strong></span> <span class='ocrx_word' id='word_1_252' title='bbox 710 2712 826 2784; x_wconf 82' lang='lat' dir='ltr'><strong>Augusti</strong></span> <span class='ocrx_word' id='word_1_253' title='bbox 841 2710 981 2769; x_wconf 80' lang='lat' dir='ltr'><strong>Flauiano.</strong></span> <span class='ocrx_word' id='word_1_254' title='bbox 1016 2712 1073 2785; x_wconf 89' lang='lat' dir='ltr'><strong>His,</strong></span> <span class='ocrx_word' id='word_1_255' title='bbox 1090 2715 1136 2786; x_wconf 90' lang='lat' dir='ltr'><strong>qui</strong></span> 
     </span>
     <span class='ocr_line' id='line_1_31' title="bbox 181 2785 1135 2868; baseline 0.004 -20"><span class='ocrx_word' id='word_1_256' title='bbox 181 2785 297 2848; x_wconf 86' lang='lat' dir='ltr'><strong>incestas</strong></span> <span class='ocrx_word' id='word_1_257' title='bbox 314 2794 421 2865; x_wconf 88' lang='lat' dir='ltr'><strong>nuptias</strong></span> <span class='ocrx_word' id='word_1_258' title='bbox 437 2809 486 2865; x_wconf 91' lang='lat' dir='ltr'><strong>per</strong></span> <span class='ocrx_word' id='word_1_259' title='bbox 501 2809 620 2850; x_wconf 89' lang='lat' dir='ltr'><strong>errorem</strong></span> <span class='ocrx_word' id='word_1_260' title='bbox 635 2795 812 2863; x_wconf 89' lang='lat' dir='ltr'><strong>contrahunt,</strong></span> <span class='ocrx_word' id='word_1_261' title='bbox 836 2811 869 2850; x_wconf 93' lang='lat' dir='ltr'><strong>ne</strong></span> <span class='ocrx_word' id='word_1_262' title='bbox 883 2797 979 2868; x_wconf 91' lang='lat' dir='ltr'><strong>poenis</strong></span> <span class='ocrx_word' id='word_1_263' title='bbox 993 2797 1135 2854; x_wconf 85' lang='lat' dir='ltr'><strong>subiiciun-</strong></span> 
     </span>
     <span class='ocr_line' id='line_1_32' title="bbox 181 2876 1134 2954; baseline 0.004 -22"><span class='ocrx_word' id='word_1_264' title='bbox 181 2884 234 2948; x_wconf 91' lang='lat' dir='ltr'><strong>tur,</strong></span> <span class='ocrx_word' id='word_1_265' title='bbox 253 2879 289 2934; x_wconf 87' lang='lat' dir='ltr'><strong>ita</strong></span> <span class='ocrx_word' id='word_1_266' title='bbox 304 2876 411 2932; x_wconf 91' lang='lat' dir='ltr'><strong>demum</strong></span> <span class='ocrx_word' id='word_1_267' title='bbox 427 2876 567 2933; x_wconf 89' lang='lat' dir='ltr'><strong>clementia</strong></span> <span class='ocrx_word' id='word_1_268' title='bbox 581 2878 732 2951; x_wconf 88' lang='lat' dir='ltr'><strong>principum</strong></span> <span class='ocrx_word' id='word_1_269' title='bbox 748 2877 886 2950; x_wconf 90' lang='lat' dir='ltr'><strong>subuenit‚</strong></span> <span class='ocrx_word' id='word_1_270' title='bbox 908 2880 930 2935; x_wconf 91' lang='lat' dir='ltr'><strong>si</strong></span> <span class='ocrx_word' id='word_1_271' title='bbox 945 2888 1041 2954; x_wconf 91' lang='lat' dir='ltr'><strong>postea</strong></span> <span class='ocrx_word' id='word_1_272' title='bbox 1057 2896 1134 2954; x_wconf 77' lang='lat' dir='ltr'><strong>quiam</strong></span> 
     </span>
    </p>
   </div>
   <div class='ocr_carea' id='block_1_3' title="bbox 178 3150 1135 3638">
    <p class='ocr_par' dir='ltr' id='par_1_3' title="bbox 178 3150 1135 3638">
     <span class='ocr_line' id='line_1_33' title="bbox 254 3150 1134 3219; baseline 0.003 -18"><span class='ocrx_word' id='word_1_273' title='bbox 254 3150 273 3218; x_wconf 82' lang='lat'><strong>¹)</strong></span> <span class='ocrx_word' id='word_1_274' title='bbox 289 3155 370 3202; x_wconf 90' lang='lat' dir='ltr'><strong>sedet</strong></span> <span class='ocrx_word' id='word_1_275' title='bbox 386 3153 447 3204; x_wconf 86' lang='lat' dir='ltr'><strong>Cdd.</strong></span> <span class='ocrx_word' id='word_1_276' title='bbox 463 3153 520 3202; x_wconf 87' lang='lat' dir='ltr'><strong>edd.</strong></span> <span class='ocrx_word' id='word_1_277' title='bbox 549 3151 656 3218; x_wconf 67' lang='lat' dir='ltr'><strong>Siquam</strong></span> <span class='ocrx_word' id='word_1_278' title='bbox 670 3153 694 3214; x_wconf 71' lang='lat'><strong>5.</strong></span> <span class='ocrx_word' id='word_1_279' title='bbox 707 3164 729 3202; x_wconf 81' lang='lat' dir='ltr'><strong>t.</strong></span> <span class='ocrx_word' id='word_1_280' title='bbox 748 3154 846 3202; x_wconf 84' lang='lat' dir='ltr'><strong>rectius</strong></span> <span class='ocrx_word' id='word_1_281' title='bbox 864 3154 967 3204; x_wconf 77' lang='lat' dir='ltr'><strong>anteiit</strong></span> <span class='ocrx_word' id='word_1_282' title='bbox 986 3161 1134 3219; x_wconf 84' lang='lat' dir='ltr'><strong>optassemus</strong></span> 
     </span>
     <span class='ocr_line' id='line_1_34' title="bbox 178 3219 1135 3289; baseline 0.003 -17"><span class='ocrx_word' id='word_1_283' title='bbox 178 3225 289 3286; x_wconf 85' lang='lat' dir='ltr'><strong>positam</strong></span> <span class='ocrx_word' id='word_1_284' title='bbox 300 3223 378 3286; x_wconf 82' lang='lat' dir='ltr'><strong>foret.</strong></span> <span class='ocrx_word' id='word_1_285' title='bbox 428 3219 580 3288; x_wconf 47' lang='lat' dir='ltr'><strong>&amp;delusa</strong></span> <span class='ocrx_word' id='word_1_286' title='bbox 594 3223 619 3275; x_wconf 82' lang='lat'><strong>0.</strong></span> <span class='ocrx_word' id='word_1_287' title='bbox 629 3225 713 3287; x_wconf 83' lang='lat' dir='ltr'><strong>suppl.</strong></span> <span class='ocrx_word' id='word_1_288' title='bbox 724 3222 765 3272; x_wconf 85' lang='lat' dir='ltr'><strong>Bt.</strong></span> <span class='ocrx_word' id='word_1_289' title='bbox 812 3219 834 3289; x_wconf 76' lang='lat'><strong>³)</strong></span> <span class='ocrx_word' id='word_1_290' title='bbox 849 3223 939 3274; x_wconf 84' lang='lat' dir='ltr'><strong>Malim</strong></span> <span class='ocrx_word' id='word_1_291' title='bbox 949 3224 1011 3274; x_wconf 90' lang='lat' dir='ltr'><strong>ideo.</strong></span> <span class='ocrx_word' id='word_1_292' title='bbox 1059 3223 1135 3289; x_wconf 74' lang='lat' dir='ltr'><strong>⁴)Ex</strong></span> 
     </span>
     <span class='ocr_line' id='line_1_35' title="bbox 182 3293 1133 3358; baseline 0.004 -17"><span class='ocrx_word' id='word_1_293' title='bbox 182 3293 268 3344; x_wconf 81' lang='lat' dir='ltr'><strong>Caice.</strong></span> <span class='ocrx_word' id='word_1_294' title='bbox 289 3296 321 3355; x_wconf 71' lang='lat' dir='ltr'><strong>ej.</strong></span> <span class='ocrx_word' id='word_1_295' title='bbox 336 3294 360 3342; x_wconf 78' lang='lat' dir='ltr'><strong>le.</strong></span> <span class='ocrx_word' id='word_1_296' title='bbox 376 3309 396 3342; x_wconf 90' lang='lat' dir='ltr'><strong>e.</strong></span> <span class='ocrx_word' id='word_1_297' title='bbox 417 3308 451 3342; x_wconf 86' lang='lat' dir='ltr'><strong>eac</strong></span> <span class='ocrx_word' id='word_1_298' title='bbox 469 3300 540 3342; x_wconf 84' lang='lat' dir='ltr'><strong>recte</strong></span> <span class='ocrx_word' id='word_1_299' title='bbox 558 3295 663 3357; x_wconf 74' lang='lat' dir='ltr'><strong>capuita</strong></span> <span class='ocrx_word' id='word_1_300' title='bbox 682 3295 816 3356; x_wconf 66' lang='lat' dir='ltr'><strong>religione.</strong></span> <span class='ocrx_word' id='word_1_301' title='bbox 849 3295 963 3356; x_wconf 81' lang='lat' dir='ltr'><strong>religione</strong></span> <span class='ocrx_word' id='word_1_302' title='bbox 982 3297 1085 3358; x_wconf 87' lang='lat' dir='ltr'><strong>sapienti</strong></span> <span class='ocrx_word' id='word_1_303' title='bbox 1102 3294 1133 3345; x_wconf 91' lang='lat' dir='ltr'><strong>B.</strong></span> 
     </span>
     <span class='ocr_line' id='line_1_36' title="bbox 185 3361 1135 3428; baseline 0.004 -17"><span class='ocrx_word' id='word_1_304' title='bbox 185 3363 225 3412; x_wconf 83' lang='lat' dir='ltr'><strong>Vt.</strong></span> <span class='ocrx_word' id='word_1_305' title='bbox 241 3364 279 3412; x_wconf 84' lang='lat' dir='ltr'><strong>ed.</strong></span> <span class='ocrx_word' id='word_1_306' title='bbox 295 3363 336 3411; x_wconf 85' lang='lat' dir='ltr'><strong>Bi.</strong></span> <span class='ocrx_word' id='word_1_307' title='bbox 351 3363 478 3424; x_wconf 76' lang='lat' dir='ltr'><strong>religiones</strong></span> <span class='ocrx_word' id='word_1_308' title='bbox 493 3364 596 3425; x_wconf 88' lang='lat' dir='ltr'><strong>sapienti</strong></span> <span class='ocrx_word' id='word_1_309' title='bbox 616 3363 661 3412; x_wconf 88' lang='lat' dir='ltr'><strong>Ve.</strong></span> <span class='ocrx_word' id='word_1_310' title='bbox 726 3361 748 3428; x_wconf 74' lang='lat'><strong>⁶)</strong></span> <span class='ocrx_word' id='word_1_311' title='bbox 762 3364 830 3414; x_wconf 83' lang='lat' dir='ltr'><strong>Ante</strong></span> <span class='ocrx_word' id='word_1_312' title='bbox 844 3367 911 3414; x_wconf 84' lang='lat' dir='ltr'><strong>enim</strong></span> <span class='ocrx_word' id='word_1_313' title='bbox 924 3367 1022 3414; x_wconf 83' lang='lat' dir='ltr'><strong>crimen</strong></span> <span class='ocrx_word' id='word_1_314' title='bbox 1037 3367 1066 3414; x_wconf 82' lang='lat' dir='ltr'><strong>id</strong></span> <span class='ocrx_word' id='word_1_315' title='bbox 1078 3381 1135 3416; x_wconf 83' lang='lat' dir='ltr'><strong>esse</strong></span> 
     </span>
     <span class='ocr_line' id='line_1_37' title="bbox 180 3430 1132 3498; baseline 0.004 -17"><span class='ocrx_word' id='word_1_316' title='bbox 180 3433 350 3497; x_wconf 62' lang='lat' dir='ltr'><strong>ignorabatur</strong></span> <span class='ocrx_word' id='word_1_317' title='bbox 367 3434 390 3494; x_wconf 67' lang='grc' dir='ltr'><strong>ξ.</strong></span> <span class='ocrx_word' id='word_1_318' title='bbox 405 3445 426 3482; x_wconf 83' lang='lat' dir='ltr'><strong>e.</strong></span> <span class='ocrx_word' id='word_1_319' title='bbox 446 3441 494 3481; x_wconf 88' lang='lat' dir='ltr'><strong>tam</strong></span> <span class='ocrx_word' id='word_1_320' title='bbox 515 3432 576 3481; x_wconf 83' lang='lat' dir='ltr'><strong>Cdd.</strong></span> <span class='ocrx_word' id='word_1_321' title='bbox 596 3433 655 3481; x_wconf 87' lang='lat' dir='ltr'><strong>edd.</strong></span> <span class='ocrx_word' id='word_1_322' title='bbox 730 3430 827 3498; x_wconf 72' lang='lat' dir='ltr'><strong>⁶)Sie,</strong></span> <span class='ocrx_word' id='word_1_323' title='bbox 845 3449 897 3485; x_wconf 82' lang='lat' dir='ltr'><strong>non</strong></span> <span class='ocrx_word' id='word_1_324' title='bbox 917 3435 984 3492; x_wconf 87' lang='lat' dir='ltr'><strong>ldaii,</strong></span> <span class='ocrx_word' id='word_1_325' title='bbox 1007 3437 1083 3485; x_wconf 84' lang='lat' dir='ltr'><strong>etiam</strong></span> <span class='ocrx_word' id='word_1_326' title='bbox 1101 3435 1132 3485; x_wconf 89' lang='lat' dir='ltr'><strong>B.</strong></span> 
     </span>
     <span class='ocr_line' id='line_1_38' title="bbox 181 3501 1132 3570; baseline 0.006 -21"><span class='ocrx_word' id='word_1_327' title='bbox 181 3502 317 3550; x_wconf 84' lang='lat' dir='ltr'><strong>Numerum</strong></span> <span class='ocrx_word' id='word_1_328' title='bbox 331 3503 384 3551; x_wconf 86' lang='lat' dir='ltr'><strong>diei</strong></span> <span class='ocrx_word' id='word_1_329' title='bbox 398 3509 457 3551; x_wconf 85' lang='lat' dir='ltr'><strong>ante</strong></span> <span class='ocrx_word' id='word_1_330' title='bbox 470 3503 518 3553; x_wconf 77' lang='lat' dir='ltr'><strong>itas</strong></span> <span class='ocrx_word' id='word_1_331' title='bbox 528 3501 662 3553; x_wconf 83' lang='lat' dir='ltr'><strong>Kalendas</strong></span> <span class='ocrx_word' id='word_1_332' title='bbox 676 3505 807 3554; x_wconf 81' lang='lat' dir='ltr'><strong>excidisse</strong></span> <span class='ocrx_word' id='word_1_333' title='bbox 817 3508 906 3568; x_wconf 86' lang='lat' dir='ltr'><strong>palam</strong></span> <span class='ocrx_word' id='word_1_334' title='bbox 920 3513 965 3554; x_wconf 86' lang='lat' dir='ltr'><strong>est.</strong></span> <span class='ocrx_word' id='word_1_335' title='bbox 1015 3502 1035 3570; x_wconf 83' lang='lat'><strong>⁷)</strong></span> <span class='ocrx_word' id='word_1_336' title='bbox 1049 3521 1073 3556; x_wconf 85' lang='lat' dir='ltr'><strong>a.</strong></span> <span class='ocrx_word' id='word_1_337' title='bbox 1084 3516 1132 3557; x_wconf 77' lang='lat'><strong>295.</strong></span> 
     </span>
     <span class='ocr_line' id='line_1_39' title="bbox 181 3567 1128 3638; baseline 0.003 -20"><span class='ocrx_word' id='word_1_338' title='bbox 181 3567 201 3625; x_wconf 82' lang='lat' dir='ltr'><strong>⁸l</strong></span> <span class='ocrx_word' id='word_1_339' title='bbox 216 3571 360 3624; x_wconf 70' lang='lat' dir='ltr'><strong>Haeneiius,</strong></span> <span class='ocrx_word' id='word_1_340' title='bbox 372 3579 469 3620; x_wconf 77' lang='lat' dir='ltr'><strong>tanturm</strong></span> <span class='ocrx_word' id='word_1_341' title='bbox 483 3574 510 3620; x_wconf 84' lang='lat' dir='ltr'><strong>in</strong></span> <span class='ocrx_word' id='word_1_342' title='bbox 527 3571 603 3638; x_wconf 74' lang='lat' dir='ltr'><strong>Grep.</strong></span> <span class='ocrx_word' id='word_1_343' title='bbox 620 3573 646 3622; x_wconf 81' lang='lat' dir='ltr'><strong>C.</strong></span> <span class='ocrx_word' id='word_1_344' title='bbox 657 3589 686 3637; x_wconf 84' lang='lat' dir='ltr'><strong>p.</strong></span> <span class='ocrx_word' id='word_1_345' title='bbox 701 3586 734 3625; x_wconf 84' lang='lat' dir='ltr'><strong>tto.</strong></span> <span class='ocrx_word' id='word_1_346' title='bbox 749 3574 818 3624; x_wconf 75' lang='lat' dir='ltr'><strong>dane</strong></span> <span class='ocrx_word' id='word_1_347' title='bbox 832 3582 911 3624; x_wconf 81' lang='lat' dir='ltr'><strong>const.</strong></span> <span class='ocrx_word' id='word_1_348' title='bbox 927 3577 1024 3624; x_wconf 84' lang='lat' dir='ltr'><strong>retulit.</strong></span> <span class='ocrx_word' id='word_1_349' title='bbox 1126 3617 1128 3621; x_wconf 89' lang='lat'><strong>.</strong></span> 
     </span>
    </p>
   </div>
   <div class='ocr_carea' id='block_1_4' title="bbox 0 0 1276 3909">
    <p class='ocr_par' dir='ltr' id='par_1_4' title="bbox 0 0 1276 3909">
     <span class='ocr_line' id='line_1_40' title="bbox 0 0 1276 3909; baseline 0 3"><span class='ocrx_word' id='word_1_350' title='bbox 0 0 1276 3909; x_wconf 95' lang='lat' dir='ltr'><strong> </strong></span> 
     </span>
    </p>
   </div>
  </div>
 </body>
</html>
