2542 3909
172 195 213 252 98
516 202 539 237 c.
557 201 652 236 tumus
671 200 778 237 unumve.-

173 317 226 400 leu‚
248 332 271 384 si
292 328 372 384 modo
392 328 470 383 iustis
492 327 608 382 comitiis
628 336 726 399 rogata
746 326 809 383 est’.
829 356 865 367 -
887 327 960 383 l'est.
977 343 1003 385 v.
1017 326 1132 401 Rogatio

171 431 197 488 p.
215 412 286 469 266.

230 517 276 578 18.
298 519 389 575 Gallus
401 518 492 575 Aelius
505 522 551 591 ait,
568 536 675 575 sacrum
684 536 753 591 esse,
771 514 865 594 (quod)
878 536 1042 595 quocunque
1052 520 1133 576 modo

172 614 253 679 atque
273 605 399 659 instituto
420 604 535 659 civitatis
557 611 744 660 consecratum
760 605 805 675 sit,
827 605 886 659 siue
901 604 982 667 aedis,
1005 606 1063 660 siue
1079 620 1135 676 ara,

172 692 231 744 siue
252 689 369 761 signum,
393 689 451 742 siue
473 688 560 758 locus,
581 689 640 743 siue
655 689 779 762 pecunia,
801 690 859 742 siue
881 687 945 759 quid
960 687 1040 752 aliud,
1061 688 1135 760 quod

172 773 222 828 diis
242 772 394 828 dedicatum
414 779 494 844 atque
517 779 704 827 consecratum
720 774 765 828 sit.
800 766 913 845 'quom¹
931 779 1022 826 autem
1037 774 1136 843 priuati

173 873 237 912 suae
252 856 392 929 religionis
407 870 487 910 eausa
499 856 598 929 aliquid
610 871 702 911 earum
714 871 805 911 rerum
816 855 868 911 deo
880 854 1016 925 dedicent,
1029 854 1055 910 id
1067 871 1137 927 pon·

173 938 257 996 tifices
276 940 409 996 Romanos
430 955 486 994 non
506 940 658 995 existimare
679 956 794 995 sacrum.
829 946 857 993 at
875 940 899 994 si
918 954 970 1011 qua
991 954 1066 994 sacra
1081 940 1136 1011 pri·

170 1032 234 1080 uata
255 1031 384 1096 suscepta
398 1031 473 1093 sunt,
495 1039 563 1094 quae
578 1039 611 1078 en
626 1024 753 1078 instituto
769 1020 927 1097 pontificum
943 1029 1016 1078 stato
1032 1022 1074 1077 die
1090 1031 1136 1077 aut

171 1116 246 1165 certo
260 1107 321 1163 loco
337 1106 457 1163 iacienda
466 1108 531 1176 sint,
548 1122 578 1161 ea
590 1123 665 1162 saera
676 1106 805 1181 appellari
818 1114 943 1180 tanquam
956 1098 1136 1174 'sacrificia;²

170 1193 217 1248 ille
232 1192 320 1261 locus,
336 1190 382 1245 ubi
397 1206 429 1245 ea
444 1206 518 1245 sacra
532 1191 640 1262 priuata
655 1189 775 1246 iacienda
792 1199 866 1259 sunt,
881 1192 927 1245 uix
941 1189 1050 1245 uidetur
1061 1206 1138 1245 sacer

172 1293 242 1331 esse.
258 1304 300 1315 —
315 1274 387 1329 Fest.
402 1291 428 1333 v.
445 1272 525 1328 Sacer
540 1290 618 1328 mons
633 1291 661 1347 p.
678 1274 750 1331 319.

169 1397 171 1400 ’
234 1382 278 1441 19.
301 1382 418 1438 Senatus
440 1381 580 1437 decretum
595 1398 610 1436 a
625 1382 752 1439 consulto
769 1383 860 1439 Aelius
875 1382 968 1439 Gallus
984 1384 1023 1438 sie
1038 1381 1136 1438 (listin-

172 1470 243 1543 guit‚
267 1477 298 1523 ut
319 1467 346 1521 id
362 1466 431 1521 dicat
445 1460 604 1538 particulam
620 1466 752 1539 quandam
768 1484 829 1523 esse
844 1466 1084 1536 senatusconsulti,
1105 1474 1137 1521 ut

172 1569 231 1609 oum
255 1551 395 1626 provincia
416 1549 494 1604 alicui
515 1548 677 1621 decernitur,
701 1551 774 1623 quod
795 1560 883 1607 tamen
903 1553 992 1623 ipsum
1013 1558 1136 1606 senatus-

171 1636 290 1693 consulti
305 1642 357 1693 θεῖ.
374 1662 413 1672 -
429 1633 499 1692 Fest.
515 1649 539 1688 v.
557 1632 672 1689 Senatus
688 1634 827 1691 decretum
842 1653 869 1709 p.
885 1634 956 1693 339.

235 1739 285 1803 20.
309 1742 481 1816 ‘Sepulcrum
496 1740 562 1813 est',
577 1751 607 1798 ut
622 1744 660 1798 ait
681 1743 771 1800 Gallus
787 1743 892 1815 Aelius,
910 1740 1016 1814 ‘locus,
1036 1743 1064 1797 in
1080 1758 1135 1815 quo

171 1836 297 1884 mortuus
312 1826 436 1900 sepultus
452 1833 506 1896 est,
520 1827 592 1899 quod
608 1828 713 1899 antiqui
725 1829 836 1884 bustum
848 1826 1036 1900 appellabant,
1058 1827 1136 1899 isque
1144 1836 1185 1885 [so]

173 1914 259 1985 cippis
281 1918 328 1966 aut
347 1911 441 1983 aliqua
462 1913 521 1966 olio
541 1924 574 1965 re
592 1912 697 1967 mortui
718 1928 799 1968 causa
814 1911 972 1986 designatus
988 1918 1044 1981 est,
1064 1912 1137 1966 intra

173 2012 244 2069 quos
258 1999 333 2068 fines
348 1994 489 2068 sepultura
504 2002 547 2049 θεῖ
562 1992 650 2050 laota'.
667 2024 708 2035 -
724 1994 796 2051 Fest.
813 2013 837 2051 v.
851 1995 1009 2069 Sepulcrum
1021 2012 1049 2067 p.
1063 1993 1135 2050 339.

235 2100 275 2162 21.
300 2103 443 2160 ‘Sobrinus
464 2102 523 2174 θεῖ’,
545 2109 577 2158 ut
597 2107 635 2158 ait
652 2102 743 2159 Gallus
758 2105 865 2179 Aelius,
887 2104 983 2177 ‘patris
1004 2106 1056 2159 mei
1071 2118 1137 2160 cou-

172 2189 276 2246 sobrini
291 2187 374 2260 lilius,
390 2196 418 2243 et
433 2187 527 2242 matris
542 2202 616 2242 meae
631 2188 809 2244 consobrinae
825 2187 906 2244 lilius.
930 2188 1028 2243 femina
1041 2187 1136 2245 iisdem

172 2274 206 2329 de
224 2274 312 2330 causis
333 2271 452 2346 appellat
473 2270 583 2326 fratrem
603 2279 631 2326 et
652 2271 760 2328 iratrem
782 2273 932 2345 patruelem
954 2279 983 2328 et
997 2272 1137 2329 consobri-

171 2374 236 2413 num
257 2366 284 2412 et
305 2356 432 2429 proprius
453 2352 575 2409 'sobrino
591 2362 619 2410 θῖ
634 2350 805 2411 sobrinum.³
837 2357 917 2412 iidem
932 2355 1032 2429 gradus
1048 2356 1077 2410 in
1091 2374 1136 2412 so·
1155 2394 1156 2397 η

172 2441 248 2497 lirina
263 2454 373 2512 quoque
388 2436 474 2492 sunt’.
491 2466 530 2476 -
548 2436 620 2493 Fest.
638 2456 662 2493 v.
679 2438 809 2495 Sobrinus
825 2458 852 2515 p.
870 2440 940 2497 297.

214 2561 217 2565 ’
236 2542 283 2604 22.
307 2563 427 2620 ..quam
444 2541 620 2620 (sestirpem)
638 2546 734 2604 Gallus
745 2549 844 2605 Aelius
858 2553 900 2605 sic
911 2548 1020 2605 delinit:
1036 2548 1137 2624 ‘Stirps

173 2638 216 2687 θεῖ
236 2633 329 2705 gentis
347 2634 535 2703 propopotiO,
554 2638 586 2685 ut
605 2633 653 2703 qui
672 2649 686 2687 a
707 2648 817 2706 quoque
837 2641 880 2689 est
898 2632 1078 2706 propnotus’.
1097 2664 1135 2673 —

173 2715 247 2772 Fest.
263 2733 287 2773 v.
302 2714 390 2787 Stirps
405 2732 432 2786 p.
449 2713 521 2774 313.

238 2820 286 2882 28.
320 2822 412 2879 Aelius
436 2823 526 2880 Gallus
548 2825 581 2881 de
605 2824 695 2881 uerbis
718 2825 750 2880 ael
773 2828 815 2880 ius
837 2826 916 2882 ciuile
938 2825 1138 2900 pertinentibus

173 2908 262 2966 uallos
283 2908 391 2981 tegulas
408 2908 536 2982 grandes,
553 2926 620 2983 quae
635 2926 716 2983 supra
732 2909 849 2965 collicias
864 2909 971 2967 infimae
985 2917 1137 2984 ponuntur,

176 2992 304 3067 appellat.
319 3022 360 3033 -
376 2991 451 3049 Serv.
467 2992 500 3048 ad
517 2993 610 3068 Virgil.
629 2994 728 3065 Georg.
746 2994 776 3065 1,
791 2988 883 3051 264st

174 3152 375 3162 n———-—-———-—

248 3241 267 3309 ¹)
283 3244 346 3307 quod
363 3243 406 3293 Cd.
421 3244 478 3293 edd.
509 3241 689 3309 ²)seeriireium
708 3244 751 3293 Ort.
771 3244 828 3293 edd.
849 3244 970 3294 Fortasse
985 3246 1049 3310 lep:
1063 3245 1137 3294 sacri-

174 3317 241 3376 fieia3
257 3321 281 3363 at
294 3322 319 3364 et
332 3321 409 3364 anteo
428 3323 452 3363 et
466 3331 519 3379 pro
534 3322 564 3364 at.
604 3312 624 3378 ³)
639 3315 781 3363 consobrino
797 3321 820 3363 et
834 3316 931 3363 sobrina
947 3314 991 3364 Od.
1006 3316 1064 3364 edd.
1081 3330 1137 3364 con-

174 3387 272 3436 sobrino
286 3388 337 3436 iam
356 3387 474 3436 correxit
488 3386 656 3451 Aepustinus.
695 3382 716 3448 4)
739 3384 808 3445 Quae
821 3393 960 3449 praeterea
977 3384 1138 3450 abantiquis

172 3457 348 3521 scriptoribus
357 3458 509 3521 reseruntur
518 3457 590 3505 Aelii
595 3458 745 3515 sententiae,
756 3464 801 3505 out
815 3464 885 3507 certo
893 3456 1002 3506 Stilonis
1009 3471 1136 3521 promene-

175 3530 222 3577 tz'ci
235 3536 302 3589 stent,
316 3536 362 3578 out
376 3530 501 3577 incertum
514 3543 549 3577 on
566 3526 642 3576 Gatti.
