2542 3909
166 179 228 246 856
329 197 605 235 ves.cv1vsn.1rnec.
620 196 803 233 consecuturo.
819 177 865 231 tx.
881 183 958 233 2—5.

208 327 295 401 lmpp.
311 327 409 384 Valens
425 335 453 383 et
468 325 668 383 Valentinianus
684 327 737 381 tt.
754 327 787 383 ad
802 325 975 382 Volusianum
991 326 1123 399 praelect.

210 410 293 467 urbis.
320 410 386 466 Post
401 412 561 467 sententiam
571 412 670 484 pacisci
683 426 737 467 non
748 409 840 481 licere,
856 410 921 465 iuris
934 409 1027 465 ordine
1043 426 1122 482 prac-

209 502 332 551 cauetur.
368 492 443 549 Unde
457 509 518 551 cum
533 494 707 567 supplicans,
729 495 820 566 inique
835 510 864 549 sc
881 485 1076 567 'oppressum,¹
1093 500 1122 549 et

210 585 275 650 post
289 580 449 634 sententiam
465 579 534 634 sacri
545 577 672 634 auditorii
685 578 826 651 depactum
842 592 902 633 esse
915 583 1122 643 commemoret,

159 708 162 713 .
208 661 352 717 Volusiane
374 677 471 735 parens
491 662 628 717 carissime
651 670 679 718 et
701 662 893 732 amantissime,
916 668 1004 716 amota
1022 674 1122 731 poena,

210 760 288 817 quam
303 751 383 818 pacto
398 752 491 801 contra
506 746 548 799 ius
559 744 631 801 lacto
643 746 775 802 serenitas
786 751 833 801 tua
846 746 934 799 inesse
946 742 1123 816 praeuiderlt,

209 827 300 901 legum
321 828 421 884 auxilio
442 827 566 885 consulat
585 827 757 903 supplicanti.
794 828 850 884 liat.
871 826 914 885 lV.
930 825 966 882 ld.
985 827 1052 899 lug.
1068 824 1124 881 lle·

213 905 340 968 diolani.²

252 992 281 1053 2.
304 992 385 1050 lidem
400 996 455 1051 tt.
466 994 595 1068 Pompeio
611 995 741 1053 Fauonio.
770 994 963 1064 Hereditatem,
979 1008 1058 1067 quam
1072 991 1123 1048 tibi

211 1088 364 1152 competere
379 1080 437 1134 iure
452 1076 611 1150 confirmas,
626 1080 732 1153 negotii
752 1080 849 1135 merito
870 1077 1008 1146 discusso,
1024 1092 1122 1149 appro-

210 1161 279 1218 batis
294 1160 512 1235 allegationibus,
534 1165 643 1219 restitui
664 1160 762 1219 efficiet
777 1161 868 1235 legum
889 1161 963 1217 ionte
978 1159 1122 1215 demanans

210 1247 344 1301 sententia
363 1245 523 1316 iudicantis,
544 1254 650 1303 remota
664 1244 791 1303 uidelicet
804 1245 945 1319 pactione,
962 1259 1042 1318 quam
1057 1242 1122 1299 dolo

210 1331 327 1402 patuerit
343 1329 469 1386 elicitam.
502 1328 557 1386 liat.
578 1329 643 1387 Vlll.
666 1328 702 1385 id.
725 1328 851 1388 Februar.
872 1327 961 1401 Alleg.
981 1342 1045 1384 non.
1067 1325 1120 1382 ital.

210 1413 296 1485 April.
311 1414 339 1468 in
354 1412 463 1469 basilica
477 1412 652 1470 Thermarum
668 1412 769 1469 Comm.
784 1414 850 1488 ipsis
866 1412 919 1466 As.
935 1403 1023 1468 coss.²

252 1491 283 1552 8.
314 1495 394 1552 lidem
419 1498 490 1571 Aug.
511 1497 669 1553 llamcrtino
692 1495 732 1552 Pi.
756 1496 784 1553 P.
828 1492 1006 1552 lntercet.
1030 1492 1123 1549 etad

210 1579 334 1634 locum:
356 1579 437 1635 Pacta
460 1580 567 1652 quidem
589 1597 639 1653 per
654 1581 708 1635 uim
728 1588 757 1635 et
772 1588 873 1635 metum
888 1577 958 1652 apud
975 1593 1068 1633 omnes
1082 1593 1123 1632 sa·

210 1661 246 1716 tis
268 1669 375 1717 constat
396 1668 499 1718 cassata
521 1661 624 1719 uiribus
646 1677 706 1719 esse
727 1662 886 1736 respuenda.
924 1661 980 1717 liat.
997 1660 1050 1715 llll.
1067 1660 1121 1717 ital.

211 1743 297 1818 April.
312 1745 379 1817 ipsis
394 1746 448 1800 dd.
465 1740 553 1803 coss.²
814 1818 819 1823 ι

251 1826 281 1884 4.
306 1828 386 1885 lidem
401 1828 456 1884 tl.
472 1829 504 1885 ad
520 1829 731 1887 Valentinianum
747 1830 917 1886 consularem
935 1829 1032 1885 Piceni.
1063 1827 1201 1893 Nortiae]

211 1911 322 1969 dubium
337 1921 390 1982 est,
402 1928 463 1968 eum
478 1929 492 1967 a
504 1911 556 1969 fide
571 1914 662 1987 placiti
673 1914 828 1984 recessisse,
840 1914 896 1985 qui,
909 1928 976 1986 quac
992 1911 1126 1985 promise·

212 2004 270 2066 rat,
296 1995 409 2069 implere
429 1990 558 2069 'noluit,³
580 1997 762 2053 Valentiniano
781 1997 926 2053 carissime.
963 1994 1078 2051 Proinde
1101 1997 1127 2051 si

211 2079 364 2136 aduersario
386 2080 582 2153 supersedente
604 2082 727 2136 cominus
749 2078 882 2152 explicare
904 2095 946 2150 ea,
970 2094 1038 2151 quae
1060 2095 1125 2151 spo-

211 2163 353 2237 ponderat,
377 2160 442 2218 ltdes
465 2164 556 2237 placiti
571 2163 689 2235 uacillat,
711 2161 856 2219 familiares
871 2163 991 2234 litterae,
1008 2178 1074 2235 quas
1090 2162 1125 2217 ad

211 2262 241 2301 se
256 2247 351 2301 missas
366 2246 440 2316 dicit,
451 2247 566 2321 supplici
578 2242 709 2321 lixop'erio
721 2262 776 2303 non
789 2245 913 2303 oberunt.
943 2243 1021 2302 Vides
1032 2248 1125 2319 etiam,

213 2345 282 2402 quos
303 2337 451 2385 temeratos
466 2340 622 2402 assederat,
645 2338 733 2387 amota
753 2331 968 2404 praescriptione
984 2330 1125 2402 temporis,

210 2413 250 2483 hi,
267 2414 313 2486 qui
327 2422 517 2486 peruaserunt,
532 2422 564 2470 ut
579 2417 648 2470 ratio
665 2414 731 2469 iuris
747 2421 808 2483 est,
823 2411 965 2469 redhibere
980 2421 1124 2485 cogantur.

212 2496 299 2569 dlieg.
320 2496 361 2551 tv.
383 2497 433 2553 itai.
454 2498 514 2555 llaii
534 2497 624 2554 Flauia
645 2489 803 2554 ’resecarit
824 2498 851 2551 in
872 2497 1035 2567 secretario,
1056 2496 1124 2568 ipsis

212 2581 266 2635 ΑΑ.
282 2574 368 2635 coss.²

253 2659 282 2719 5.
298 2661 379 2717 lidem
391 2663 445 2718 Ad.
456 2662 547 2719 ileliae
558 2664 702 2720 Bauoniae.
728 2663 801 2721 Lites
818 2664 886 2720 trahi
902 2670 929 2719 et
944 2662 995 2719 suli
1008 2662 1125 2735 quodam

212 2745 350 2820 potentiae
373 2751 478 2801 terrore
499 2743 605 2801 infimos
628 2746 747 2819 inligari,
770 2747 930 2803 iudiciorum
949 2746 1065 2819 'spectat
1087 2748 1128 2802 od

212 2821 363 2888 inuidiam.⁶
400 2827 474 2884 Unde
488 2830 511 2883 si
527 2827 709 2885 aduersarium
727 2838 802 2887 tuum
819 2831 901 2905 longe
916 2846 931 2884 a
946 2827 993 2885 filii
1009 2832 1048 2884 tul
1063 2844 1126 2885 suc·

212 2915 335 2972 cessione
350 2914 468 2985 positum
484 2913 549 2969 hacc
563 2915 592 2969 in
608 2920 645 2983 te,
662 2929 729 2986 quae
741 2912 867 2987 precibus
880 2914 999 2985 texuisti,
1015 2914 1126 2987 excogi-

165 3162 273 3223 prs'ores
286 3160 324 3208 tit.
340 3160 372 3207 de
381 3160 470 3221 pactis
483 3158 515 3221 (a,
529 3159 565 3225 o),
581 3162 707 3218 ultimam,
721 3162 753 3210 de
768 3175 819 3225 qua
832 3160 884 3209 oid.
906 3159 1011 3209 Wenclr.
1027 3160 1063 3208 ad
1079 3158 1125 3209 lit.

171 3229 197 3278 0.
209 3245 237 3291 p.
252 3240 308 3289 Μ,
322 3230 360 3277 tir.
375 3228 411 3277 ad
423 3226 471 3277 SC.
483 3229 571 3279 Claud.
586 3230 618 3293 (4,
628 3230 651 3291 s)
666 3232 762 3287 intulit,
778 3231 846 3277 alias
860 3231 988 3279 interdum
1002 3230 1126 3278 lectiones

169 3312 290 3361 sequens,
304 3312 382 3360 quas,
401 3298 467 3346 unde
481 3301 617 3361 petiverit,
635 3301 736 3364 ipnoro.
812 3295 832 3362 ¹)
848 3298 911 3349 Par.
926 3311 960 3351 so.
984 3312 1126 3361 oppressam

172 3366 234 3416 Por.
250 3378 283 3418 tr.
304 3367 387 3430 Pupp.
462 3363 521 3429 ¹)o.
535 3380 593 3428 son,
607 3370 672 3431 ipsis
685 3383 722 3428 sc.
738 3367 864 3431 Aepustis
878 3371 991 3431 primum
1005 3382 1071 3417 coss.

171 3432 192 3498 ⁸)
209 3436 272 3484 Par.
287 3448 321 3487 so.
341 3436 400 3484 nolit
414 3436 475 3485 Per.
492 3449 526 3488 tt.
542 3438 625 3503 Pupp.
681 3436 703 3502 ⁴)
718 3438 826 3487 Fenestri
840 3438 898 3487 edd.
915 3438 987 3487 Gorr.
1006 3437 1126 3499 Gotltofr.

173 3501 193 3534 'l
207 3511 315 3566 expectat
329 3505 417 3554 inuidia
436 3506 494 3555 edd.
509 3507 539 3556 ad
558 3508 700 3557 iudiciorum
719 3514 811 3571 spectat
826 3507 938 3556 inuidiam
953 3508 992 3556 ed.
1006 3506 1125 3569 Gotllofr.
