2542 3909
453 212 480 247 u.
500 210 628 246 vunasvs
647 210 753 248 rnosvs.
1025 206 1086 262 137

274 351 432 409 Litterae
453 353 656 425 singulares
678 355 711 429 ip
733 356 808 411 iure
831 356 940 414 ciuili.

186 466 216 527 3.
235 470 271 524 lle
282 469 388 542 legibus
401 477 429 526 et
440 470 589 544 plebiscitis
602 468 788 547 (senatusque
800 467 962 548 consuitis)¹
979 468 1085 535 haece.²

119 568 426 637 P.i.ll.P.0.l.S.l.ll.
454 570 585 644 populum
610 574 669 629 iure
695 574 803 646 rogauit
829 574 1001 648 populusque
1027 562 1086 632 iure

25 651 26 660 ’
164 652 384 713 eltutus.
497 656 577 711 sciuit
598 657 626 712 in
648 656 709 714 loro
737 673 787 731 pro
815 660 912 715 rostris
940 652 1004 715 'ex³
1025 667 1086 715 unte
1110 652 1117 664 '

497 738 567 795 diem
582 740 668 813 pridie

25 863 26 866 ,
120 820 321 882 ’ttttbntt
455 823 656 897 eiushaclege
671 824 783 881 nihilum
798 819 931 897 rogatur⁴

119 906 147 962 S.
160 905 192 959 ll.
206 903 234 961 L.
246 903 344 961 ll.l.C.
359 904 428 973 0.0.
453 906 570 981 siremps
590 907 648 979 lex,¹
665 924 719 976 res,
739 909 781 965 lus
808 925 941 981 causaque
962 909 1085 969 omnibus

163 986 234 1047 ott.
244 987 296 1061 E„
496 992 614 1047 omnium
630 1006 722 1047 rerum
738 986 817 1047 esto⁵

72 1073 150 1131 [trib.
160 1071 264 1128 ecit.
451 1072 540 1130 Latini
554 1074 649 1145 Prisci,
665 1074 739 1131 ciues
754 1073 865 1131 Romani

118 1154 350 1214 stultulus.
453 1157 630 1231 municipibus
654 1159 710 1214 eius
730 1160 866 1233 municipii
887 1159 951 1216 dare
977 1160 1084 1217 damnas
1133 1212 1137 1217 .

495 1249 555 1297 esto

119 1324 148 1380 C.
158 1323 189 1383 li.
198 1322 227 1379 G.
452 1326 557 1382 colonis
572 1326 630 1381 cius
646 1325 768 1383 coloniae

119 1406 336 1477 Quintilio.
454 1410 527 1483 quod
542 1411 600 1465 eius
614 1418 688 1466 recte
703 1410 805 1467 iactum
821 1428 881 1468 esse
895 1411 1001 1469 dicetur

117 1492 178 1549 t.t.
188 1490 290 1550 tutu
453 1494 496 1549 lex
510 1493 577 1549 Iulia
592 1493 625 1549 de
641 1493 778 1551 adulteriis
795 1495 952 1553 coercendis

117 1576 149 1633 V.
157 1574 335 1637 utttttr.
454 1577 523 1634 uude
538 1576 572 1635 de
586 1577 668 1651 plano
684 1586 758 1635 recte
773 1578 827 1653 legi
840 1580 928 1653 possit

119 1658 308 1721 totus.
452 1678 524 1732 aere,
539 1671 665 1735 argento,
680 1679 747 1724 auro
763 1662 862 1734 flando,
877 1662 1014 1721 ieriundo

118 1741 258 1810 [ll-QG·
451 1746 530 1800 iustis
545 1747 648 1819 nuptiis
664 1747 810 1819 quaesitos,
829 1749 963 1821 quaesitas

119 1826 148 1883 S.
162 1826 195 1894 Q.
207 1827 234 1883 S.
248 1826 276 1883 S.
284 1826 313 1882 Ε.
328 1826 359 1894 0.
370 1822 424 1901 (V.)
451 1830 475 1883 si
494 1829 558 1902 quid
580 1828 791 1887 'sacrosanctum
812 1827 884 1905 est,⁰
904 1831 1021 1905 'quodue
1042 1835 1082 1889 ius

162 1910 223 1967 tit.
235 1910 263 1973 S.
275 1910 305 1966 ll.
315 1910 342 1966 Ε,
353 1910 385 1965 Η.
394 1910 424 1971 t.
497 1905 565 1968 non⁷
581 1914 616 1969 sit
630 1908 788 1987 ’rogarier‚⁸
804 1916 863 1971 eius
875 1915 924 1971 hac
938 1916 1001 1990 lege
1017 1918 1082 1973 nihil

161 1994 234 2051 llll.
327 2036 335 2059 ,
493 1990 634 2069 'rogatur-⁰

194 2125 214 2191 ι)
229 2126 359 2191 Suppleui.
396 2126 507 2176 Encitiit
520 2128 594 2190 sqctis
609 2124 642 2177 ob
661 2128 743 2175 simile
762 2130 915 2177 antecedens
933 2131 1083 2181 uocabulum

121 2198 197 2247 scitis.
237 2194 335 2261 ²)uuuc
353 2197 463 2259 ponimus
482 2199 593 2247 serioris
611 2204 709 2245 tanturn
727 2200 820 2246 aetatis
836 2198 898 2247 odd.
913 2199 1017 2248 Litterae
1032 2202 1082 2250 siu·

120 2270 213 2330 gulares
224 2269 248 2316 iu
263 2268 315 2317 iure
325 2267 391 2316 ciuili
401 2267 431 2315 de
440 2268 531 2328 legibus
543 2274 567 2315 et
575 2266 708 2330 plebiscitis
718 2268 758 2317 ed.
772 2266 826 2317 Sed
834 2268 891 2318 uide
900 2270 1082 2334 inscriptiones

120 2342 160 2401 ἐξ.
174 2351 196 2389 t.
212 2345 237 2387 et
250 2348 271 2389 5.
311 2333 332 2403 3)
346 2336 378 2385 In
393 2340 448 2402 lepe
464 2341 569 2401 perlata
587 2338 648 2387 ltuic
668 2352 695 2386 er
705 2340 816 2401 proprie
831 2342 917 2389 nullus
931 2343 1017 2399 locus;
1037 2344 1083 2391 sed

116 2416 190 2473 puto,
198 2409 228 2458 id
236 2407 366 2457 interdurn
374 2422 410 2457 ex
419 2411 474 2473 iepe
480 2424 530 2472 per
538 2408 886 2475 trinundinumpromnlpata
892 2418 983 2474 posteo
990 2428 1082 2463 errore

119 2487 246 2529 retentum
260 2493 323 2528 esse.
344 2478 418 2528 Notis
432 2480 494 2528 Ante
503 2480 572 2528 Diem
581 2486 606 2528 et
615 2480 703 2529 Pridie
714 2481 740 2528 in
754 2482 841 2529 endem
851 2484 906 2546 lepe
916 2483 991 2531 simul
1000 2486 1082 2535 locum

120 2566 171 2601 non
185 2564 249 2611 esse,
264 2551 311 2598 cix
324 2556 369 2611 est,
383 2549 453 2613 quod
464 2565 617 2599 moneamus.
648 2550 686 2599 De
700 2552 782 2615 lepune
787 2554 1041 2616 praescriptionibus
1054 2558 1082 2604 in

120 2620 313 2683 universumcf.
325 2619 433 2669 Bitscdt.
444 2622 532 2685 praef.
542 2622 595 2670 ind.
606 2620 686 2671 schol.
697 2620 779 2670 Benn.
795 2622 845 2671 bib.
857 2632 916 2673 tuto.
946 2621 968 2688 ⁴)
981 2624 1041 2674 cdd.
1057 2634 1083 2675 et
1122 2676 1124 2680 ,

120 2692 160 2741 ed.
175 2698 235 2740 ante
249 2690 275 2739 t.
291 2689 342 2752 lege
356 2691 470 2740 addunt:
484 2691 511 2740 Ο,
526 2691 644 2753 omuibus,
654 2691 731 2755 idque
745 2692 899 2756 insequenti
910 2701 978 2753 nota,
991 2696 1035 2744 ubi
1046 2704 1081 2745 te·

119 2761 248 2812 stantibus
261 2764 316 2825 lepe
330 2759 432 2809 Rubria
446 2769 471 2811 et
484 2764 538 2826 tepe
557 2759 678 2821 Quinctia
692 2758 772 2829 (Mus.
784 2764 875 2826 philol.
892 2763 972 2813 liiten.
983 2766 1040 2815 Vlll.
1052 2783 1080 2830 p.

119 2844 168 2884 tat.
176 2842 217 2883 tut
231 2829 296 2899 seq.)
306 2833 389 2880 iustus
397 2833 453 2881 eins
462 2834 534 2882 loeus
543 2839 589 2890 est,
599 2834 725 2890 omittunt,
736 2839 764 2881 ut
772 2840 907 2896 apparent,
917 2850 952 2883 ecc
958 2837 1083 2900 inferiori

120 2910 182 2953 nota
194 2904 223 2951 in
234 2903 394 2964 superiorem
407 2903 437 2951 id
450 2904 515 2951 mule
530 2904 676 2966 irrepsisse.
706 2901 727 2967 ⁶)
742 2903 823 2953 Varie
835 2904 896 2953 Odd.
907 2905 975 2957 bunc
981 2908 1081 2970 forneu-

120 2975 171 3023 lum
181 2979 357 3036 corrumpunt.
375 2970 448 3032 Quod
455 2976 563 3036 siremps
573 2980 679 3023 notatur
689 2973 788 3023 duabus
798 2976 892 3024 litteris
902 2976 925 3025 S.
937 2976 973 3039 li,
981 2978 1081 3040 sactum

118 3044 225 3093 videtur
232 3044 372 3093 oeenndurn
381 3046 558 3108 etymolopiurn
568 3042 604 3093 M.
614 3043 727 3103 Centenis,
737 3060 754 3093 α
763 3041 926 3096 ‘similiores'
934 3062 988 3096 eona
998 3063 1082 3097 nocent

118 3115 272 3164 derivantes.
299 3112 366 3163 Fert.
380 3128 400 3162 s.
415 3130 438 3163 u.
477 3111 498 3178 θ)
513 3115 659 3163 sacrosancti
679 3114 709 3164 V.
714 3132 725 3172 ,·
744 3117 808 3165 sacri
827 3118 903 3165 sancti
923 3120 1004 3167 ceteri
1018 3117 1081 3165 Catu.

119 3192 143 3234 et
157 3186 198 3234 etl.
218 3184 278 3233 Vid.
294 3184 346 3234 (lic.
357 3200 409 3247 pro
422 3184 496 3233 Bnld.
513 3198 545 3235 14.
585 3182 605 3248 ἵ)
620 3185 647 3243 Q.
664 3184 691 3233 N.
706 3186 724 3235 l.
739 3186 802 3250 quod
816 3202 863 3236 uon
877 3188 928 3236 iure
943 3186 1004 3235 boni
1019 3185 1080 3235 cdd.

118 3255 183 3319 quod
198 3256 249 3303 iure
263 3270 310 3304 nou
324 3270 393 3304 unus
406 3254 454 3312 A.;
467 3262 496 3304 ut
509 3262 560 3305 tunt
569 3264 629 3305 onte
644 3256 661 3305 l.
676 3270 751 3321 quarn
761 3264 822 3321 post
836 3259 923 3308 littere
937 3259 1082 3321 sinpuleris

119 3328 187 3376 lectu
196 3340 251 3375 esse
261 3327 389 3384 υἱάεατιιν,
399 3342 473 3390 quarn
481 3326 508 3375 N.
516 3334 682 3391 occeperunt,
693 3342 758 3391 quae
768 3342 829 3377 uero
839 3336 898 3379 ante
909 3333 966 3377 erut
975 3326 1000 3375 V.
1016 3325 1082 3375 Sunt

118 3397 187 3446 dnae
203 3400 375 3460 exceptiones,
386 3412 496 3461 quarum
504 3399 589 3447 altero
602 3404 702 3461 spectat
715 3399 752 3448 ed
759 3414 798 3457 eo,
815 3413 922 3462 quaene
933 3398 990 3461 puis
1004 3412 1081 3460 repc-

118 3474 168 3525 ret,
182 3470 261 3517 multa
274 3476 373 3517 tuntum
385 3469 496 3518 similive
505 3483 592 3531 poeno
605 3470 733 3519 sancitum
751 3475 816 3519 erut.
855 3466 877 3535 8)
895 3475 1004 3531 rogatum
1019 3465 1081 3515 oud.

120 3537 160 3600 Cf.
174 3537 271 3588 Klenze
285 3540 321 3589 od
334 3538 399 3603 Lep.
413 3537 506 3588 Servii.
518 3556 546 3603 p.
561 3552 594 3591 st.
633 3534 655 3605 ⁹)
669 3539 711 3588 Ita
729 3547 798 3589 recte
813 3547 851 3588 est
865 3543 893 3590 in
907 3543 924 3590 l.
940 3536 1035 3588 Antan.
1050 3536 1083 3584 de
