2542 3909
487 226 522 259 nn
539 225 654 261 mum
671 226 750 260 mn
767 228 798 260 11.
1078 220 1119 277 61

146 369 209 411 esse
230 358 262 409 et
276 352 417 426 religione
432 360 564 407 tenentur.
595 348 645 410 56.
663 359 692 407 at
705 352 770 408 milui
783 352 893 426 quidem
906 354 1123 427 antiquissimum

146 436 313 513 sepulturae
328 452 418 510 genus
432 434 499 491 illud
514 435 597 491 inisse
613 435 731 505 uidetur,
752 453 809 510 quo
822 436 894 510 apud
915 438 1122 511 Xenophontem

149 522 237 596 Cyme
258 521 365 576 utitur:
386 518 510 575 redditur
528 521 600 575 enim
621 528 711 575 terrae
728 536 829 595 corpus
849 523 935 578 etita
955 521 1074 578 locatum
1090 539 1122 579 ac

148 608 233 663 situm
254 606 336 678 quasi
357 605 526 678 operimento
545 604 640 659 matris
659 602 814 661 obducitur.
848 604 1000 680 eodemque
1017 606 1075 663 ritu
1093 608 1121 663 in

151 707 185 747 eo
205 688 370 763 sepulchro,
392 687 466 761 quod
488 684 587 763 (hund)
609 688 707 761 procul
727 705 744 743 a
762 687 856 745 Fontis
875 706 922 746 ara
940 699 1000 760 est,
1027 706 1121 764 regem

152 783 281 830 nostrum
302 772 418 828 Numam
445 771 583 827 conditum
610 773 762 844 accepimus
783 783 950 848 gentemque
970 774 1121 831 Corneliam

151 873 242 932 usque
263 856 297 912 ad
317 856 475 911 memoriam
489 864 610 911 nostram
625 856 676 912 hac
688 857 830 930 sepultura
843 859 945 914 sumus
958 874 1020 915 esse
1033 875 1120 915 usam.

153 942 183 999 C.
209 940 275 996 llari
299 942 368 996 sitas
396 938 525 1012 reliquias
551 939 623 1013 apud
644 941 774 996 Anienem
800 940 926 1013 dissipari
945 943 1026 998 iussit
1046 942 1121 999 Sulla

153 1027 253 1095 uictor,
273 1023 415 1081 acerbiore
430 1024 493 1079 odio
508 1025 653 1093 incitatus,
672 1040 753 1097 quam
767 1022 806 1094 (si
818 1023 888 1098 tom)
903 1027 1011 1098 sapiens
1025 1026 1121 1082 luisset

153 1126 235 1185 quam
251 1108 308 1164 init
322 1109 480 1166 neltemeno.⁴
513 1103 559 1165 5⁷.
579 1108 655 1181 quod
675 1107 747 1162 haud
761 1108 819 1164 scio
834 1123 868 1165 en
884 1110 981 1163 timeus
997 1106 1053 1183 (ne)
1068 1126 1119 1165 suo

151 1192 266 1267 torpori
280 1201 376 1267 posset
390 1192 525 1265 accidere,
539 1196 647 1265 primus
658 1193 804 1264 epatriciis
814 1192 947 1249 Corneliis
959 1193 1017 1266 iqui
1033 1192 1121 1249 uoluit

152 1277 280 1335 cremari.
326 1275 445 1332 declarat
464 1277 536 1332 enim
557 1274 660 1331 Ennius
683 1275 877 1333 deliciano:
904 1276 958 1333 hie
981 1285 1036 1333 est
1056 1277 1121 1334 ille

154 1361 263 1418 situs.
286 1376 366 1429 nere3
381 1376 444 1415 nam
458 1361 507 1417 siti
517 1360 648 1416 dicuntur
657 1362 687 1431 ii,
702 1362 750 1433 qui
760 1360 863 1417 conditi
873 1370 947 1417 sunt.
968 1376 1020 1417 nee
1031 1370 1120 1418 tamen

156 1460 256 1502 eorum
270 1451 331 1499 ante
343 1444 519 1519 sepulchrum
533 1452 587 1514 est,
602 1460 685 1518 quam
697 1445 769 1500 iusta
784 1444 853 1502 lacta
868 1454 897 1503 et
910 1462 1011 1518 porcus
1025 1462 1120 1502 maus

153 1536 209 1586 est
239 1534 269 1584 et
282 1527 355 1601 quod
369 1544 443 1585 nuuc
457 1529 638 1585 cummuniter
650 1530 681 1583 in
695 1528 820 1585 omuibus
833 1528 949 1603 sepultis
967 1530 1043 1587 uenit
1056 1532 1117 1601 usit,

153 1621 185 1669 nt
199 1614 306 1669 humati
320 1612 455 1685 dicantur,
474 1611 503 1668 id
518 1620 578 1668 erat
592 1613 734 1687 proprium
750 1621 808 1669 tum
821 1614 850 1669 in
864 1615 908 1685 iis,
929 1630 1001 1687 quos
1021 1614 1119 1670 humus

153 1700 256 1755 iniecta
277 1703 445 1769 contexerat,
467 1712 584 1769 eumque
606 1712 710 1753 morem
730 1698 774 1753 ius
794 1696 951 1771 pontificale
964 1696 1118 1755 coufirmat.

151 1798 214 1839 uam
230 1783 308 1856 prius
322 1797 403 1855 mam
416 1782 445 1837 in
460 1798 492 1837 os
507 1782 606 1837 iniecta
620 1779 700 1853 gleba
714 1790 768 1852 est,
787 1782 864 1837 loeus
878 1781 935 1853 ille,
956 1781 1004 1838 ubi
1018 1799 1119 1840 orema-

152 1875 212 1923 tum
227 1873 271 1922 est
286 1882 399 1939 corpus,
419 1865 485 1920 nihil
501 1864 581 1921 habet
596 1864 754 1939 religionis:
775 1867 872 1923 iniecta
887 1865 966 1939 gleba
981 1866 1049 1923 ’tum
1065 1866 1119 1922 illic

152 1945 195 2007 et¹
210 1951 339 2006 humatus
354 1956 440 2005 estet
455 1942 531 2023 (ex)²
545 1949 624 2023 gleba
639 1958 763 2020 uocetur,
779 1966 811 2006 ae
828 1958 886 2006 tum
901 1949 1020 2024 denique
1034 1950 1120 2007 multa

153 2034 283 2108 religiosa
296 2036 357 2089 iura
372 2032 562 2105 conplectitur.
592 2035 683 2107 itaque
696 2035 725 2089 in
740 2050 789 2106 eo,
808 2036 856 2107 qui
870 2035 899 2090 iu
913 2050 982 2090 naue
996 2043 1118 2107 necatus,

152 2118 253 2175 deinde
271 2120 300 2174 iu
321 2133 395 2173 mere
415 2118 554 2191 proiectus
575 2125 665 2188 esset,
685 2117 807 2174 decreuit
826 2118 856 2172 P.
871 2118 974 2174 liucius
994 2117 1118 2175 familiam

151 2219 260 2278 puram,
275 2201 350 2275 quod
366 2218 398 2258 os
413 2217 495 2275 supra
510 2209 609 2257 terram
625 2217 680 2257 uon
695 2208 814 2269 extaret3
829 2217 940 2273 porcam
949 2201 1044 2257 heredi
1058 2218 1119 2259 esse

151 2294 320 2344 contractem
336 2292 364 2341 et
376 2281 515 2341 habendes
530 2286 652 2342 triduum
666 2283 758 2356 lenias,
773 2292 803 2339 et
816 2299 901 2357 porco
917 2283 1015 2340 semina
1029 2286 1120 2358 piacu-

151 2371 209 2451 ¹lum
229 2363 317 2434 dari³;
338 2370 363 2425 si
382 2371 411 2425 in
426 2370 492 2425 mari
507 2379 633 2426 mortuus
649 2377 737 2441 esset,
752 2368 845 2425 eadem
861 2376 970 2442 praeter
985 2368 1119 2442 piaculum

153 2463 184 2513 et
197 2454 288 2511 ierim.

218 2538 304 2596 lllllll.
331 2534 381 2595 58.
408 2539 443 2595 Α.
477 2537 575 2608 Video,
598 2553 667 2610 quae
687 2540 743 2595 siut
763 2538 792 2593 iu
812 2535 954 2612 pontificio
975 2538 1048 2611 iure,
1071 2540 1120 2596 sed

153 2638 265 2697 quaero,
281 2622 440 2696 ecquidnam
456 2623 492 2678 sit
506 2623 534 2678 in
548 2621 667 2695 legibus.

218 2705 259 2763 M.
284 2707 371 2763 Pauca
386 2722 461 2776 sane,
482 2706 553 2777 Tite,
573 2713 611 2776 et,
631 2707 672 2763 uti
686 2705 815 2776 arbitror,
836 2723 892 2763 non
907 2706 1002 2780 ignota
1023 2704 1120 2777 uobis;

150 2792 201 2850 sed
220 2808 253 2849 ea
273 2808 329 2847 non
349 2799 404 2846 tem
424 2789 459 2847 ad
478 2790 638 2863 religionem
657 2796 794 2865 spectent,
814 2807 896 2865 quam
916 2790 950 2846 ad
971 2792 1014 2847 ius
1028 2792 1120 2863 sepul·

149 2878 293 2935 ebrorum.
338 2875 510 2932 hominem
532 2882 718 2945 mortuum,
741 2876 828 2949 iuquit
849 2875 893 2931 lex
915 2874 942 2930 iu
964 2874 1118 2947 duodecim,

150 2962 188 3018 in
217 2958 302 3016 urhe
329 2975 367 3016 ne
394 2957 546 3032 sepelito
569 2974 661 3015 neue
687 2960 791 3015 unito.
835 2958 918 3017 credo
941 2958 984 3015 uel
1007 2964 1121 3034 propter

150 3046 224 3120 ignis
239 3042 402 3119 periculum.
433 3042 508 3117 quod
523 3049 612 3099 autem
624 3043 697 3101 addit
713 3059 801 3099 neue
814 3045 923 3117 urito,
938 3043 1048 3116 indicat,
1064 3060 1119 3103 nou

150 3132 200 3204 qui
216 3138 313 3185 uratur
327 3125 449 3201 sepeliri,
466 3126 513 3182 sed
529 3128 575 3201 qui
591 3126 729 3184 humetur.

215 3216 251 3271 A.
277 3211 364 3281 Quid?
386 3210 470 3285 ’quod
491 3204 702 3286 uel4postx1r
724 3213 754 3268 iu
775 3212 840 3270 urbe
859 3212 959 3288 sepulti
974 3218 1039 3267 sunt
1053 3211 1118 3270 olari

151 3298 224 3355 uiri?

226 3485 247 3554 ¹)
261 3488 358 3537 tumulis
373 3495 398 3537 et
411 3486 465 3537 AB
475 3495 525 3538 tum
539 3494 564 3536 et
577 3485 624 3535 illis
639 3483 697 3549 (illic
711 3487 756 3551 ej.)
770 3488 804 3536 ed
830 3490 861 3539 V.
892 3482 1036 3550 ⁸)Addtdt.

154 3554 175 3623 ³)
189 3559 239 3624 pati
253 3557 310 3608 AB
321 3558 379 3609 edd.
395 3558 447 3609 oid.
462 3556 580 3611 Macrod.
595 3555 651 3606 Sat.
666 3568 687 3615 ι,
702 3570 735 3617 no,
751 3569 784 3608 ιο.
813 3555 833 3617 ⁴)
849 3558 887 3624 qui
904 3553 958 3603 AB
969 3556 1008 3604 ed.
1029 3554 1059 3606 V.
