2542 3909
493 213 520 247 lt.
539 209 668 245 VALERIVB
687 208 793 245 nitente.

498 338 569 391 iustu
583 352 662 390 conso
678 351 737 390 esse
752 333 889 389 uidebitur

499 436 554 474 nou
568 418 715 475 calumniae
730 435 811 474 causa

166 503 229 560 stc.
497 501 641 559 consilium
656 503 727 576 cepit
741 502 786 559 uel
801 519 880 558 causo
895 496 1022 576 coguito¹

166 587 195 643 F.
203 586 231 643 (i.
497 584 622 642 fraudare
636 585 784 641 creditores
802 585 845 642 uel
860 584 973 641 fiduciae
988 602 1069 642 causa
1082 586 1130 643 uei

537 669 775 725 fideicommissum

165 754 232 826 P.C.
496 746 619 827 ²psctum
641 761 807 809 conuentum
829 752 873 809 uel
893 754 1007 826 pecunia
1027 756 1130 810 consti·

537 844 595 891 tuin

166 921 194 981 C,
202 922 232 977 V.
494 930 603 975 centum
619 912 728 975 uirum³

166 1005 273 1066 8.Τ.Α.
495 1004 554 1059 sine
570 1004 671 1058 tutoris¹
686 1004 847 1059 auctoritate

167 1091 234 1146 Τ.Α.
495 1094 588 1143 tutore
603 1096 714 1142 auctore

167 1172 276 1231 letto.
323 1202 343 1219 -
497 1170 598 1227 iactum
613 1169 793 1226 essedicetur

167 1257 235 1313 H.S.
498 1255 563 1309 hoec
578 1247 638 1309 sic⁴

168 1339 235 1408 Qn.
499 1338 723 1410 quemadmodum

167 1423 237 1491 ont.
499 1438 553 1493 quo
568 1420 651 1492 modo
667 1420 712 1477 uel
727 1438 782 1494 quo
798 1424 885 1497 magis

167 1508 196 1564 P.
204 1506 231 1563 P.
240 1505 306 1564 tv.
495 1520 544 1578 pro
559 1504 658 1577 praede
671 1504 727 1561 litis
742 1506 919 1563 uindioiorum
1249 1572 1250 1575 Ἴ

167 1591 222 1647 ts.
389 1580 392 1589 ’
496 1582 760 1645 'iudicetum5soiui
1135 1603 1184 1654 [rs]
1249 1640 1250 1643 ,

167 1673 279 1731 'B.E.E.
287 1672 316 1727 P.
324 1672 389 1731 ΡΝ.
398 1672 429 1739 Q.
438 1672 468 1728 P.
494 1670 578 1727 'hous
593 1687 626 1725 ex
641 1670 730 1727 edicto
751 1673 906 1745 (possideri
917 1674 1064 1743 proscribi
1077 1689 1126 1729 ue-

208 1757 240 1813 Ρ.
248 1758 266 1813 i.
538 1759 658 1827 mireque
671 1772 727 1826 pro
740 1762 872 1829 portione
887 1750 1020 1831 iubebo)⁶

230 1853 260 1914 6.
289 1854 335 1931 (In
348 1861 422 1914 iaris
437 1859 530 1914 ciuilis
543 1857 627 1911 libris
642 1850 776 1927 haecei⁷

167 1958 226 2015 itt.
495 1956 576 2011 iudex
591 1966 652 2012 esto

168 2042 198 2099 R.
207 2042 255 2100 8..
494 2042 695 2113 reciperatores
711 2048 793 2099 sunto

167 2126 274 2182 itinn.
496 2140 527 2181 ea
541 2141 585 2179 res
601 2118 732 2197 'sgntur⁸

168 2209 311 2277 onitu.
496 2225 550 2281 qus
564 2207 598 2263 de
612 2225 643 2263 re
658 2210 747 2281 agitur

168 2294 199 2349 N.
206 2294 236 2349 N.
495 2292 636 2348 Numerius
651 2289 782 2365 Negidius

168 2375 274 2436 MR
497 2375 677 2431 mmm

168 2459 198 2516 0.
206 2460 236 2518 0.
497 2467 608 2532 oportet
622 2458 760 2533 oportebit

168 2543 196 2598 0.
204 2540 318 2598 E.F.B.
382 2609 384 2613 Ι
499 2537 627 2617 oportet⁹
644 2559 683 2599 en
700 2540 751 2599 fide
767 2542 836 2599 bons

241 2678 261 2746 ²)
279 2679 349 2741 Quae
363 2682 390 2730 in
399 2681 430 2731 B.
444 2694 479 2733 42.
490 2683 629 2746 posthaec
643 2684 670 2731 in
685 2684 736 2731 ima
746 2684 847 2747 popina
861 2699 937 2732 mann
951 2681 986 2731 II
994 2682 1128 2745 adscripta

168 2757 291 2817 tepnntor
300 2750 397 2801 ilii-C·
407 2754 583 2803 inditiumdsbo
593 2752 726 2801 iurisdictio
737 2760 762 2801 et
770 2753 855 2801 iiiiii·
865 2753 927 2801 hono
937 2766 965 2801 er
972 2766 999 2800 re
1009 2752 1129 2800 videntur

167 2839 202 2873 eac
222 2823 401 2886 superioribus
415 2826 483 2873 notia
496 2824 543 2872 iu.
561 2823 565 2889 Ι
582 2823 628 2871 Η).
647 2823 650 2885 Ι
667 2822 752 2880 Qun·
767 2831 814 2873 eto.
831 2828 956 2886 corrupta
972 2828 996 2869 et
1009 2823 1127 2884 repetito.

169 2890 190 2959 ἵ)
204 2891 401 2959 Quodpleriqne
413 2894 475 2944 oda.
485 2900 510 2943 et
521 2894 561 2943 ed.
569 2894 720 2957 praefipnnt
733 2893 765 2942 ab
780 2893 864 2942 edicto
870 2893 1004 2955 praetoris
1017 2893 1128 2941 alienun

167 2972 248 3028 patres
263 2965 402 3028 conscripti,
417 2967 485 3014 uelut
504 2965 727 3027 interpolationem
741 2965 814 3013 eieci.
853 2958 874 3027 8)
888 2962 926 3010 uei
941 2961 1068 3011 clarissimi
1082 2963 1129 3011 uiri

167 3034 268 3084 addunt
283 3035 344 3085 oda.
362 3035 402 3084 ed.
431 3033 453 3100 ⁴)
467 3034 506 3083 uei
522 3036 580 3083 horu
595 3034 699 3083 secunda
715 3034 813 3083 addunt
829 3032 891 3083 aad.
906 3033 945 3082 cd.
984 3030 1005 3099 ⁶)
1016 3034 1128 3083 iudicium

126 3097 138 3115 '
170 3106 232 3156 Cdd.
247 3112 272 3155 et
286 3107 326 3155 ed.
342 3104 405 3155 Post
419 3104 486 3154 nanc
500 3112 584 3154 notam
599 3104 636 3153 M.
652 3105 726 3153 addit
739 3103 765 3152 C.
782 3104 809 3151 E.
824 3104 852 3151 i).
865 3104 1015 3153 convinctum
1025 3118 1079 3153 esse
1093 3105 1129 3153 ‹ii-

167 3185 235 3226 cetur
245 3183 270 3225 et
283 3176 313 3225 ii.
326 3176 352 3227 F.
360 3176 385 3223 P.
397 3176 471 3225 moise
481 3176 537 3224 fidei
547 3189 681 3239 possessor.
720 3171 741 3239 6)
751 3173 868 3223 Alterum
878 3173 901 3225 P.
912 3175 937 3223 P.
947 3176 974 3223 in
985 3174 1074 3225 Mones.
1089 3175 1128 3224 ed.

169 3249 296 3310 omissum,
311 3246 381 3311 quod
393 3246 510 3308 ampliani
524 3261 567 3309 pro
583 3246 700 3308 portione,
714 3244 807 3294 habent
817 3252 914 3295 tantum
924 3245 956 3295 A.
967 3252 992 3295 et
1002 3246 1105 3296 Marna.
1119 3246 1129 3294 1

167 3319 239 3367 sotus
253 3316 285 3366 tt.
316 3314 337 3382 1)
353 3315 397 3365 Aa
409 3317 601 3365 similitudinem
615 3316 722 3365 exordii
732 3317 771 3377 ἐξ.
785 3327 806 3366 4.
820 3322 845 3365 et
858 3326 879 3367 o.
891 3318 968 3380 finxi.
1000 3317 1129 3366 Caeterum

167 3403 233 3451 quae
243 3394 386 3451 sequuntur
396 3386 485 3435 deberi
493 3388 580 3437 codici
588 3386 759 3446 EinsidIensi,
768 3388 795 3435 in
801 3388 970 3450 praefatione
980 3388 1076 3437 dictum
1086 3392 1129 3436 est.

168 3455 190 3522 ⁸)
205 3457 283 3519 agitur
299 3458 343 3506 Cd.
363 3457 402 3505 ed.
425 3456 463 3520 Cf.
482 3456 538 3506 Gai.
561 3468 584 3519 4,
604 3468 651 3507 1⁸1.
695 3452 717 3520 ⁹)
732 3458 853 3520 oportebit
866 3457 898 3507 E.
913 3458 953 3507 ed.
973 3457 1010 3507 Ac
1023 3457 1129 3506 intentio

166 3542 265 3590 semper
279 3528 312 3577 de
321 3529 458 3591 praesenti
471 3534 583 3589 tempore
597 3526 753 3588 concipitur.
