2542 3909
522 209 557 244 nn
575 209 736 247 vsvrnvcrv.
1043 191 1103 256 745

216 334 264 396 85.
287 338 315 394 Si
339 345 425 395 tamen
447 354 497 413 per
511 338 710 396 damnationem
732 339 904 397 ususfructus
925 339 1042 414 legetur,
1064 341 1107 397 ius

154 421 327 480 adcrescendi
350 430 450 478 cessat:
474 439 528 480 non
551 423 688 493 inmerito,
712 425 838 498 quoniam
859 423 995 481 damuatio
1016 432 1108 497 partes

154 506 226 562 facit.
266 505 381 562 Proinde
397 507 418 562 si
434 507 473 562 rei
485 506 585 562 alienae
601 506 774 564 ususfructus
791 508 913 581 tegetur,
933 516 962 564 et
976 523 1009 564 ex
1023 507 1107 564 Xero-

153 591 231 646 uiano
247 587 423 645 confirmetur
437 589 570 663 legatum,
594 591 652 647 sine
667 589 747 647 dubio
766 590 909 647 dicendum
925 600 982 662 est,
1006 593 1048 647 ius
1063 591 1108 647 ad·

154 672 292 730 crescendi
315 688 436 744 cessare,
466 675 488 730 si
510 674 589 730 modo
612 682 677 747 post
701 676 882 730 constitutum
909 674 1109 732 usumfructum

153 757 235 815 fuerit
257 757 378 812 amissus.
424 755 521 831 quodsi
543 751 659 814 ἰιιῑιιι1
684 760 776 814 socius
802 759 922 828 amittat,
950 759 1001 814 erit
1022 759 1109 815 danda

154 841 238 897 totius
261 841 368 913 petitio.
412 839 549 914 Idemque,
572 849 600 896 et
621 842 644 896 si
667 840 771 897 sinendi
792 841 875 897 modo
898 841 980 898 fuerit
1001 841 1108 915 legatus

50 940 54 951 ¹
153 923 334 985 ususfructus.
377 925 417 978 An
441 933 530 980 tamen
552 925 580 979 in
602 917 780 996 Neroniano,²
808 927 934 999 quoniam
957 924 1108 998 exemplum

49 1034 53 1056 e
151 1007 340 1066 uindicationis
363 1007 511 1081 sequimur,
535 1007 629 1064 debeat
649 1007 711 1080 dici,
735 1008 827 1064 utilem
843 1009 986 1080 actionem,
1009 1009 1107 1065 amisso

151 1090 296 1148 usufructu
311 1091 344 1146 ab
360 1091 457 1163 altero,
473 1091 551 1146 alteri
565 1090 687 1161 dandam,
706 1093 796 1164 quaeri
811 1099 916 1164 potest:
940 1101 967 1148 et
981 1099 1050 1165 puto
1064 1108 1107 1147 se·

151 1175 269 1231 cundum
284 1173 431 1244 Neratium,
454 1173 659 1231 admittendum.
703 1174 732 1230 ln
748 1173 956 1233 fideicommisso
977 1175 1108 1231 autemid

151 1260 300 1331 sequimur,
318 1256 391 1330 quod
407 1259 434 1313 in
450 1257 628 1318 damnatione.

214 1336 263 1397 86.
287 1334 467 1412 ³Nouissimc,
491 1341 564 1415 quod
586 1343 622 1397 ait
640 1341 764 1414 Sabinos,
786 1344 810 1398 si
832 1343 910 1399 uxori
932 1358 998 1399 cum.
1015 1341 1108 1399 liberis

151 1424 324 1483 ususfructus
346 1424 472 1499 legetur,
501 1424 606 1480 amissis
627 1424 720 1482 iiberis
742 1440 800 1482 eam
823 1425 936 1497 habere,
960 1425 1040 1499 quale
1061 1427 1106 1496 sit,

150 1507 306 1565 uidendum.
344 1507 377 1564 Et
392 1507 525 1581 siquidem
541 1506 588 1564 ‘do
604 1507 681 1583 iego’
697 1510 816 1584 legetur,
839 1511 946 1566 tametsi
961 1511 1022 1584 quis
1037 1507 1108 1566 iiiios

151 1591 296 1668 legatarios
313 1593 462 1666 acceperit,
478 1593 535 1648 sine
551 1590 633 1649 dnbio
650 1593 739 1652 iocum
755 1592 864 1672 habebit
878 1601 990 1668 propter
1005 1595 1047 1650 ius
1063 1593 1108 1650 ad-

81 1688 140 1737 roso]
152 1677 300 1734 crescendi.
337 1678 384 1732 sed
400 1678 421 1731 si
438 1675 559 1750 legatarii
575 1693 630 1733 non
647 1676 758 1749 fuerint,
773 1677 859 1734 multo
871 1679 967 1751 magis,
983 1678 1109 1752 quoniam

151 1768 254 1833 partem
277 1763 300 1815 ei
324 1777 379 1816 non
401 1759 542 1830 fecerunt,
566 1763 672 1816 tametsi
694 1777 754 1817 cum
777 1776 809 1816 ea
831 1770 982 1817 uterentur.
1026 1761 1109 1816 Matre

152 1851 240 1898 autem
256 1851 377 1913 mortua,
396 1841 529 1915 siqnidem
542 1841 668 1915 legatarii
681 1843 808 1914 inerunt,
832 1843 884 1900 soli
899 1843 1036 1900 habebunt
1050 1845 1109 1899 iure

151 1925 336 1982 adcrescendi:
353 1927 375 1981 si
387 1924 511 1995 heredes,
525 1941 579 1981 non
591 1927 650 1980 iure
660 1925 843 1997 adcresceudi,
855 1925 904 1981 sed
915 1928 973 1982 iure
985 1925 1108 1992 dominii,

152 2010 175 2065 si
191 2009 290 2064 fundus
306 2025 399 2065 eorum
413 2016 464 2079 est,
480 2009 546 2082 ipsis
561 2002 735 2078 'adcrescit3⁴
749 2011 790 2066 sin
805 2011 905 2081 minus,
920 2009 1030 2067 domino
1045 2025 1110 2084 pro·

151 2094 283 2166 prietatis.
297 2091 344 2148 sed
353 2094 375 2148 si
384 2109 435 2150 nec
445 2092 558 2149 heredes
566 2092 687 2165 fuerunt,
695 2109 744 2149 uec
752 2092 884 2166 legatarii,
892 2092 959 2149 nihii
966 2091 1109 2152 habebunt.

214 2172 261 2237 87.
286 2169 401 2244 ⁵Quodsi
423 2192 472 2249 per
487 2177 683 2233 damnationem
706 2177 790 2233 fuerit
810 2177 981 2233 ususfructus
1001 2175 1108 2250 legatus

152 2262 241 2330 matri,
257 2259 389 2335 siquidem
405 2256 528 2331 legatarii
543 2269 607 2316 sunt
629 2259 686 2331 iiiii,
703 2270 794 2335 partes
812 2255 959 2334 'mactanti
981 2269 1061 2317 suut:
1086 2262 1109 2317 si

151 2358 206 2399 non
221 2353 303 2415 sunt,
326 2341 385 2398 soia
401 2351 486 2399 mater
499 2343 627 2416 legataria
643 2352 701 2415 est,
723 2359 775 2401 nec
790 2345 940 2401 mortalitas
963 2344 1109 2401 liberorum

151 2434 253 2499 partem
276 2419 367 2483 'eius⁷
391 2426 462 2483 iacit.
507 2421 583 2502 [δί]
608 2420 741 2484 8Sabinus
763 2436 838 2484 certe
860 2427 950 2484 uerbis
971 2428 1032 2484 istis
1053 2442 1109 2483 non

152 2510 285 2582 ostendit,
309 2518 400 2566 utrum
424 2509 546 2582 legatarii
568 2510 685 2582 fuerint,
707 2527 757 2568 nec
775 2528 819 2568 ne.
864 2511 911 2568 sed
927 2511 1044 2568 lulianus
1062 2510 1107 2568 fib.

150 2593 248 2652 XXXV.
264 2595 333 2668 iiig..
357 2593 441 2649 relata
456 2591 546 2649 Sabini
562 2596 712 2666 scriptura,
735 2597 788 2666 ait,
809 2594 1016 2670 intelligendum
1036 2611 1109 2666 eum,

152 2680 198 2753 qui
214 2679 289 2737 solos
304 2677 404 2736 liberos
418 2675 532 2734 heredes
548 2676 656 2748 scribit,
681 2694 736 2735 non
751 2687 781 2734 ut
802 2679 996 2753 legatariorum
1012 2678 1110 2736 fecisse

152 2765 328 2836 mentionem,
344 2761 391 2819 sed
406 2769 437 2817 ut
453 2759 608 2818 ostenderet
624 2763 720 2834 magis,
737 2769 848 2818 matrem
865 2764 901 2819 ita
913 2779 942 2819 se
959 2763 1030 2820 uelle
1046 2762 1109 2833 frui,

152 2854 182 2901 ut
199 2847 299 2904 liberos
319 2862 409 2904 secum
428 2843 536 2900 habeat:
561 2843 698 2918 ‘alioquin
706 2843 728 2915 ’,
750 2847 849 2919 inquit,
872 2843 917 2900 ‘in
939 2845 1110 2902 damnatione

151 2930 220 2984 ratio
249 2945 304 2985 non
330 2928 505 3003 permittebat
531 2929 575 2985 ius
602 2922 818 2986 adcrescendi.'⁹
846 2930 992 3002 proposuit
1020 2937 1109 2985 autem

226 3110 246 3180 ¹)
261 3116 300 3164 'De
310 3114 410 3165 Bonan.
425 3118 457 3178 ρι’.
474 3124 527 3164 onte
543 3124 566 3166 et
581 3116 640 3165 Vnt.
651 3115 708 3165 edd.
761 3111 836 3180 ²)Gf.
850 3114 997 3179 Gai.tt,1et.
1044 3111 1109 3180 ³)In

153 3185 277 3247 epitomen
292 3185 470 3250 redemtione
484 3186 547 3236 Ias.
568 3187 600 3235 D.
615 3187 647 3235 de
662 3185 746 3247 confr.
761 3201 831 3236 acer.
847 3185 879 3251 (t,
889 3185 920 3252 a).
941 3185 980 3249 Cf.
993 3185 1046 3235 Cic.
1057 3201 1110 3249 pro

155 3255 227 3304 Once.
242 3268 263 3306 4.
279 3271 360 3318 snpra
375 3257 398 3317 ξ.
413 3268 447 3308 tn.
505 3252 527 3320 ⁴)
542 3257 633 3306 Malim
648 3256 750 3306 adsedit.
809 3255 831 3322 ⁶)
848 3254 995 3306 Orationem
1009 3263 1109 3306 antece·

154 3327 238 3375 dentis
252 3327 279 3388 §i
292 3327 335 3375 dic
349 3333 377 3375 nt
391 3329 418 3376 io
433 3327 494 3376 aliis
508 3327 556 3388 §iq
573 3329 696 3378 etiamst.
711 3334 735 3376 et
749 3338 794 3386 88,
809 3329 880 3393 nullo
895 3329 1037 3384 interiecto,
1048 3342 1110 3376 con-

154 3398 261 3455 tinuari,
272 3399 361 3460 palam
376 3404 420 3448 est.
496 3392 517 3462 ὓ)
532 3396 651 3456 Excidit,
666 3405 694 3447 at
708 3405 781 3461 puto,
796 3399 858 3448 facte
872 3398 903 3448 ob
916 3397 1110 3447 similitudinem

153 3483 176 3516 n.
190 3475 267 3530 parte,
283 3469 326 3517 cni
340 3483 351 3516 s
366 3483 401 3516 eac
415 3474 469 3517 suut
483 3467 609 3520 adhaesit.
632 3476 713 3532 partes
728 3476 825 3518 sumunt
838 3469 877 3518 ed.
890 3468 1003 3518 Momms.
1053 3465 1072 3534 ⁷)
1087 3468 1110 3516 ei

158 3537 217 3588 Van.
232 3538 290 3588 edd.
360 3535 382 3604 ⁸)
397 3539 428 3587 L.
443 3549 463 3590 8.
480 3541 522 3588 cii.
538 3539 663 3604 quaedam
677 3555 711 3590 eae
728 3540 769 3590 its
788 3540 869 3591 dohet.
940 3535 961 3605 ⁹)
976 3538 1011 3589 Et
1025 3546 1108 3589 tamen
