2542 3909
205 120 267 184 640
365 137 469 172 nourrn
488 135 594 172 verram
614 120 647 187 (t)
665 135 762 171 retem
782 138 817 171 nn
835 136 897 171 mac
914 135 992 171 srscr.

267 267 296 324 8.
323 260 391 334 ¹Qni
405 273 507 322 contra
528 266 646 322 edictum
668 264 723 320 diui
737 266 863 338 Augusrti
881 280 939 321 rem
957 262 1104 337 litigiosam
1119 281 1135 320 a
1152 275 1158 330 t

204 370 260 409 non
290 353 452 422 possidente
482 351 658 423 comparauit,
690 353 885 423 praelterquam
918 341 1021 425 (qnod)
1055 351 1158 422 emptio

169 434 312 502 1onulllius
340 435 468 490 momenti
491 441 551 505 est,
579 450 693 505 poenam
718 438 723 489 Ι
747 433 942 506 quinquaginta
968 434 1158 489 sestertiorum

204 517 270 575 fisco
294 527 505 592 relpraesentare
526 516 708 590 compellitur.
751 532 796 572 res
818 524 906 572 autem
923 523 928 581 t
943 515 1062 590 litigiosa
1082 517 1159 572 uide-

170 619 195 660 15
206 610 261 674 tur,
283 601 317 657 de
338 618 389 676 qua
411 595 475 658 'lis²
491 608 496 664 t
513 601 584 674 apud
599 617 678 657 suum
693 600 808 656 iudicem
824 604 829 666 Ι
846 599 933 656 delata
948 608 999 656 est.
1042 600 1091 656 sed
1105 601 1161 658 boc

203 688 230 742 in
245 684 453 760 prouincialibus
471 689 475 751 t
493 685 583 802 lundias
597 701 679 758 praua
695 676 896 758 usurpaltione³
910 684 1036 758 optinuit.
1050 690 1056 748 Ι

595 773 600 828 Ι

168 867 194 908 eo
266 851 295 911 9.
321 849 464 910 ⁵rlbsentes
486 853 618 926 iurgitiuos
635 861 640 920 Ι
658 868 756 910 uenum
778 851 835 907 dari
849 859 897 908 aut
916 853 1086 924 compararit
1103 869 1160 908 am·

204 938 341 1012 plissimus
357 938 423 994 ordo
448 945 452 1004 Ι
476 936 629 1011 prohibuit,
652 936 809 992 denuntiata
825 942 829 1000 Ι
845 937 874 994 in
889 945 1038 1009 emptorem
1054 937 1160 1002 uendit·

169 1034 195 1075 as
205 1031 347 1095 toremque
362 1037 449 1094 poena
464 1023 653 1079 sestertiorum
669 1021 872 1095 quinquaginta,
890 1026 895 1085 t
912 1036 981 1092 quae
996 1020 1077 1076 hodie
1092 1019 1160 1078 fisco

97 1104 383 1170 tol.2.r.uindilcatur.

111 1175 156 1223 col.
166 1189 188 1223 a.
610 1183 628 1222 ate
673 1227 688 1261 a!
732 1183 750 1221 »ιε

267 1269 314 1331 10.
338 1275 398 1338 Ι-
414 1305 452 1314 -
469 1301 510 1312 -
525 1303 566 1314 -
587 1277 591 1340 t
617 1265 749 1346 ⁶erceptc
770 1273 903 1328 castrensi
925 1278 930 1337 Ι
954 1271 1060 1345 peculio
1081 1271 1159 1329 bona
1172 1295 1234 1341 [aas]

204 1374 252 1414 sua
267 1357 402 1420 conllerrc
417 1356 562 1414 debebunt.
580 1363 584 1420 l

181 1449 194 1489 ⁶
266 1438 306 1499 11.
328 1441 441 1496 Caesare
456 1457 471 1496 a
485 1438 582 1497 liberto
597 1456 648 1496 suo
664 1455 703 1496 erc
717 1453 790 1502 asise
805 1438 905 1495 herede
921 1440 1058 1510 instituto,
1080 1438 1159 1512 ’filiai

205 1517 277 1580 iure⁷
300 1525 331 1579 ad
354 1526 493 1580 semissem
516 1527 652 1590 aolcatur:
680 1539 741 1578 cum
763 1525 898 1579 extraneis
924 1539 990 1579 uero
1012 1525 1159 1595 insitituto,

168 1607 258 1663 utilia
273 1622 305 1662 er
325 1606 455 1673 'salmisse
470 1601 566 1663 modo⁸
588 1609 730 1674 extraneis,
748 1614 752 1677 Ι
769 1623 823 1663 non
845 1611 930 1663 etiam
945 1606 1050 1662 Caesari
1066 1607 1161 1664 adcre-

279 1763 301 1831 ¹)
315 1767 353 1830 Cf.
372 1766 428 1816 Gai.
443 1777 464 1824 4,
480 1777 526 1816 111.
549 1765 616 1816 ituit.
633 1766 752 1816 Francloe
766 1767 802 1815 ad
814 1766 875 1832 Dip.
886 1769 925 1816 tit.
940 1767 972 1816 de
985 1767 1072 1816 bered.
1083 1769 1160 1830 petit.

198 1854 227 1903 p.
243 1849 276 1890 39.
334 1835 416 1903 ²)Ecc
435 1833 492 1886 CK'.
520 1836 552 1884 In
571 1837 627 1885 edd.
647 1851 668 1887 1.
687 1848 708 1886 2.
727 1838 795 1886 banc
813 1853 835 1886 c.
853 1845 915 1900 post
934 1837 1037 1886 iudicem
1057 1841 1160 1900 supple·

204 1924 297 1958 ueram.
362 1905 383 1973 8)
404 1907 468 1956 Nam
487 1906 620 1971 Aupustns
638 1908 698 1956 dnm
716 1916 829 1957 actorem
846 1923 898 1958 non
915 1909 1088 1971 possidentem
1105 1924 1161 1956 rem

204 1981 343 2043 litipiosam
357 1981 473 2028 alienare
488 1985 563 2035 vetat,
578 1980 683 2027 nonnisi
692 1979 723 2027 de
733 1979 861 2041 praediis,
875 1993 941 2042 qnae
951 1980 1065 2042 mancipi
1074 1986 1160 2036 eram,

204 2052 320 2115 ospitare
330 2056 442 2113 poterat,
457 2048 610 2112 quodetiam
620 2063 720 2110 poenae
730 2050 937 2100 samntaecincit.
961 2047 1014 2098 Sed
1022 2057 1161 2113 postquam

204 2122 322 2184 exceptio
336 2123 412 2169 etiam
426 2120 461 2168 ad
470 2120 580 2182 pipnori
597 2119 784 2182 bppotbecaece
802 2120 931 2169 dationem
949 2121 1079 2168 translata
1093 2127 1160 2178 erat,

200 2206 251 2254 per
265 2207 340 2254 quam
355 2192 463 2240 omniurn
473 2204 560 2237 rerum
569 2190 645 2238 etiam
654 2189 782 2239 mobilium
792 2191 892 2239 nomine
901 2191 929 2239 in
940 2204 993 2238 rem
1002 2191 1071 2239 actio
1081 2205 1099 2238 a
1108 2205 1161 2240 non

200 2261 349 2324 possidente
368 2260 495 2309 creditori
513 2261 663 2322 comparari
678 2267 784 2322 poterat
801 2259 842 2323 (L.
859 2273 879 2310 1.
898 2261 922 2321 ἓ.
936 2271 957 2309 2.
981 2259 1013 2307 D.
1033 2275 1098 2324 qaae
1117 2275 1162 2310 res

200 2333 274 2395 pipn.
289 2342 329 2387 20.
343 2328 379 2394 a),
394 2331 485 2378 mirum
499 2344 549 2378 non
569 2337 618 2388 est,
636 2331 705 2393 quod
722 2345 832 2393 rapaces
846 2337 1035 2392 procuratores
1049 2345 1162 2392 poenam

205 2416 303 2465 qnoque
324 2400 403 2449 edicti
421 2399 458 2448 ad
472 2399 570 2462 fundos
588 2403 677 2450 saltem
693 2402 872 2462 provinciales
890 2403 1087 2450 transtulerunt.

205 2469 226 2534 ⁴)
246 2471 343 2520 Versus
361 2484 466 2520 cacans.
531 2466 552 2532 ⁶)
569 2470 607 2532 Cf.
628 2471 704 2519 Paul.
719 2483 745 2532 1,
764 2473 798 2521 θ’.
817 2473 868 2532 §.2
941 2468 962 2537 ⁶)
977 2471 1162 2520 Antecedentis

200 2542 282 2604 primi
296 2555 385 2588 uersas
395 2555 483 2602 panca
497 2542 606 2605 oestipt'a
619 2548 765 2603 supersunt.
795 2541 999 2590 Praecesserant
1018 2556 1079 2591 vero
1093 2550 1160 2605 puto

202 2611 260 2672 fere
274 2609 353 2658 baec:
373 2607 505 2659 ‘Caesaris
523 2609 630 2660 libertas
644 2612 720 2659 etiam
738 2613 822 2661 minor
840 2613 990 2661 centenario
1008 2613 1062 2661 sive
1081 2619 1160 2662 testa-

204 2687 287 2730 mento
299 2680 372 2743 sacto
386 2683 439 2729 sice
454 2682 573 2730 intestato
588 2682 740 2739 decesserit,
760 2697 816 2730 cnm
834 2681 924 2731 liberis
937 2684 993 2731 eius
1008 2681 1107 2733 dnobus
1121 2683 1161 2730 vel

205 2767 255 2801 nno
270 2745 355 2800 uirilis
365 2766 432 2814 pars
448 2751 555 2800 Caesari
568 2751 674 2800 debetur
683 2751 808 2815 liberique
817 2749 861 2801 ei.’
884 2752 923 2815 Of.
936 2751 992 2802 Gai.
1003 2764 1024 2815 e,
1034 2765 1068 2804 42.
1095 2752 1161 2801 Nam

205 2823 232 2870 in
247 2823 396 2871 centenario
411 2837 539 2871 commane
553 2821 600 2870 boc
615 2823 656 2870 ius
669 2829 727 2870 erat
740 2837 774 2870 erc
788 2824 843 2887 lepe
853 2822 947 2885 Papia,
962 2838 1027 2886 qnae
1042 2839 1099 2872 curn
1110 2838 1160 2886 pa·

205 2899 279 2942 trono
294 2899 322 2941 ut
331 2892 440 2942 debitam
449 2892 516 2940 banc
522 2898 625 2954 partem
634 2893 710 2940 etiam
719 2892 844 2942 adversas
853 2893 918 2942 duos
929 2895 1062 2942 naturales
1072 2893 1161 2943 liberti

205 2962 300 3013 liberos
313 2964 500 3026 adscripscrat,
515 2963 718 3025 emancipatione
732 2962 871 3013 liberorum
885 2978 941 3012 eam
954 2965 1036 3013 minui
1050 2963 1160 3014 nolebat.

204 3033 390 3096 Emancipatns
404 3034 486 3097 ipitnr
504 3039 529 3081 et
541 3039 655 3094 patrono
674 3040 699 3081 et
711 3047 758 3082 sac
773 3033 935 3097 conserebat,
956 3037 1073 3098 eacceptis
1086 3033 1160 3083 bonis

206 3103 387 3153 castrensibus.
417 3102 551 3152 Gaesarem
564 3118 634 3164 cero,
644 3109 747 3166 patrem
756 3105 876 3166 patriae,
891 3106 919 3153 t'n
933 3107 1056 3169 caiusque
1071 3106 1161 3154 domus

205 3173 339 3239 Aspasiae
353 3172 440 3222 liberti
454 3173 527 3223 bonis
545 3172 593 3223 boc
609 3175 650 3222 ias
663 3173 794 3235 babuisse,
810 3189 909 3238 exseq.
924 3177 948 3237 ἕ.
964 3175 1099 3239 probabile
1113 3180 1159 3224 est.

207 3243 245 3306 Cs.
260 3242 329 3292 Soet.
347 3243 408 3292 Ner.
423 3254 456 3294 aa.
509 3241 529 3308 l)
544 3243 589 3291 Ere
605 3241 662 3292 CK'.
678 3245 736 3306 filia
751 3250 870 3308 nelposue
884 3245 943 3294 edd.
958 3261 1027 3295 meae
1040 3259 1061 3296 1.
1072 3257 1092 3295 2.
1107 3246 1160 3294 iure

205 3311 395 3379 (accrescendo)
410 3314 467 3362 cdd.
482 3311 544 3378 (non
558 3311 619 3378 Kr.)
634 3328 683 3378 qao
697 3315 871 3366 additamento
884 3331 936 3364 non
951 3331 1022 3380 opas.
1083 3312 1105 3380 ⁸)
1120 3330 1161 3364 se·

205 3399 303 3448 misscm
319 3397 344 3449 d.
365 3401 431 3449 unde
447 3400 531 3463 suerit
549 3401 649 3450 semisse
664 3381 686 3452 rb
701 3400 746 3466 (=
760 3400 850 3466 modo).
878 3403 956 3452 Deest
974 3403 1044 3452 modo
1059 3404 1087 3452 in
1100 3401 1160 3451 edd.

205 3470 282 3518 etiarn
294 3485 349 3519 mea
363 3472 454 3520 altera.
