2542 3909
470 197 495 239 Q·
515 196 611 233 MVGIVS
630 196 773 233 semona.
1063 192 1102 249 15

141 322 215 391 dixit,
232 322 263 389 Q.
280 322 382 378 llucius
397 321 563 396 ambigebat.
580 339 641 379 eum
658 325 757 396 expiari
772 331 803 379 ut
817 325 927 397 impium
941 341 997 381 uon
1010 342 1103 398 posse.

142 436 179 447 —·
195 406 279 461 Varro
296 406 330 461 de
344 405 374 467 t,
388 403 417 462 L.
435 408 464 477 6,
481 406 510 465 4.
527 406 556 478 S.
572 407 624 465 30.

200 486 240 548 11.
263 490 374 546 Praeter
396 490 507 545 multam
529 506 597 546 uero
621 488 820 561 affirmabatur,
843 507 914 563 eum,
937 493 983 565 qui
1007 492 1104 548 talibus

109 644 112 649 Ι
138 572 231 630 diebus
250 569 297 645 (se.
320 572 405 643 seriis)
427 574 583 646 imprudens
605 573 705 646 aliquid
728 576 839 648 egisset,
862 592 946 648 porco
969 576 1104 649 piaculum

87 658 202 713 [uitare
223 656 339 726 debere;
361 658 522 729 prudentem
538 659 637 731 expiari
653 674 708 713 non
722 675 814 731 posse,
835 658 964 715 Scaeuola
980 660 1103 733 pontifex

140 739 299 797 affirmabat.
316 770 355 779 —
370 740 487 798 llacrob.
504 741 560 796 Sat.
580 742 607 811 l,
624 742 673 797 16.
692 742 719 813 S.
739 742 786 799 10.

200 823 240 884 m
262 823 394 881 Scaeuola
421 824 538 897 denique
560 826 717 894 consultus,
746 825 811 898 quid
837 825 912 881 tertis
933 828 978 900 agi
1000 826 1103 889 liceret,

136 908 293 983 respondit,
314 907 388 981 quod
403 910 623 982 praetermissum
638 917 764 965 noceret:
785 910 807 963 si
823 908 873 964 bos
888 911 916 964 in
931 926 1042 981 specum
1057 911 1102 965 de-

138 992 246 1049 cidisset
265 1008 383 1065 eumque
403 991 593 1065 paterfamilias
614 992 740 1048 adhibitis
762 994 853 1065 operis
872 991 1027 1062 liberasset,
1048 1010 1103 1049 nou

137 1084 179 1132 est
201 1078 276 1132 nisus
301 1076 379 1132 serias
401 1076 547 1149 polluisse;
569 1092 620 1132 nec
642 1076 699 1145 ille,
722 1076 769 1148 qui
791 1074 892 1130 trabem
912 1079 977 1132 teeti
994 1077 1102 1132 lractam

136 1158 275 1216 fulciendo
291 1159 323 1215 ab
338 1161 487 1215 imminenti
502 1159 649 1215 uindicauit
663 1161 750 1215 ruina.
764 1188 805 1198 -
814 1158 930 1215 llacrob.
942 1158 999 1215 Sat.
1014 1161 1043 1232 1,
1054 1160 1103 1217 16.

201 1322 247 1383 te.
269 1327 320 1383 Sed
336 1326 527 1399 adrogationes
543 1342 597 1381 non
613 1334 713 1383 temere
730 1343 780 1383 uec
793 1327 961 1400 inexplorate
981 1329 1104 1384 commit·

140 1416 254 1483 tuntur3
277 1426 334 1465 nam
351 1412 459 1467 comitia
474 1410 581 1465 arbitris
596 1410 767 1483 pontificibus
782 1412 958 1485 praebentur,
973 1427 1043 1485 quae
1057 1428 1104 1467 cu·

136 1494 204 1549 riata
221 1493 401 1567 appellantur,
424 1502 552 1567 aetasque
568 1495 641 1564 eius,
661 1496 708 1567 qui
723 1496 854 1568 adrogare
869 1495 941 1563 uult,
964 1511 997 1549 an
1012 1493 1103 1549 liberis

134 1580 228 1652 potius
251 1578 398 1651 gignundis
413 1576 510 1634 idoneo
525 1580 572 1647 sit,
594 1577 721 1651 bonaque
737 1580 810 1647 eius,
827 1580 872 1651 qui
888 1578 1053 1652 adrogatur,
1069 1595 1103 1633 ne

134 1662 267 1718 insidiose
281 1661 399 1734 adpetita
415 1663 480 1733 sint,
495 1660 699 1732 consideratur,
713 1662 954 1735 iusqueiurandum
969 1678 983 1717 a
999 1660 1031 1729 Q.
1046 1661 1103 1717 llu-

135 1747 188 1817 cio,
208 1742 339 1820 pontifice
353 1747 477 1816 marimo,
499 1754 660 1818 conceptum
681 1746 789 1817 dicitur,
804 1745 878 1819 quod
898 1747 927 1801 in
945 1746 1101 1819 adrogando

136 1831 280 1885 iuraretur.
300 1859 335 1869 —
353 1829 422 1885 Gell.
438 1827 468 1899 5,
487 1829 535 1885 19.
552 1828 600 1901 38.
617 1827 647 1885 5.
664 1830 691 1886 6.
739 1894 743 1899 ,

199 1910 239 1971 14.
262 1954 269 1967 .
285 1956 292 1969 .
312 1957 318 1970 .
334 1929 423 1987 saepe,
440 1914 529 1988 inquit
542 1912 620 1969 Publi
636 1912 723 1984 lilius,
738 1930 770 1969 er
785 1921 863 1987 patre
877 1913 978 1984 audiui,
993 1912 1102 1985 pontili-

138 2012 196 2053 cem
208 1998 309 2053 bouum
322 1998 457 2053 neminem
465 2013 525 2052 esse
532 1998 584 2052 nisi
593 1997 638 2069 qui
645 1999 687 2053 ius
698 1998 777 2053 ciuile
789 2004 946 2071 cognosset.
960 1998 1102 2053 totumne?

138 2080 204 2154 quid
225 2081 280 2137 ita?
301 2080 365 2154 quid
381 2082 452 2136 enim
467 2081 499 2137 ad
514 2080 671 2154 pontificem
689 2081 722 2135 de
737 2083 796 2147 iure
811 2082 944 2154 parietum
958 2088 1006 2135 aut
1022 2097 1102 2153 aqua·

137 2181 196 2219 rum
217 2171 264 2220 eut
284 2164 341 2220 ullo
358 2165 467 2221 omnino
482 2166 535 2220 nisi
551 2181 595 2235 eo,
616 2164 690 2236 qnod
705 2181 765 2219 curn
780 2165 913 2235 religione
927 2166 1101 2219 coniunctum

139 2246 202 2304 est?
223 2247 250 2303 id
272 2255 364 2304 autem
386 2248 546 2321 quantulum
566 2247 627 2303 est?
649 2246 682 2301 de
697 2249 780 2303 sacris
795 2246 886 2316 credo,
910 2246 1045 2317 deuotis,
1068 2246 1101 2302 de

140 2330 211 2387 tertis
234 2340 262 2387 et
284 2332 319 2386 de
333 2332 467 2405 sepulcris
481 2339 509 2387 et
523 2334 547 2387 si
562 2331 627 2404 quid
643 2330 775 2386 eiusmodi
791 2337 842 2385 est,
872 2346 922 2385 cur
936 2330 1021 2402 igitur
1036 2330 1103 2386 haec

139 2424 211 2471 tanta
233 2414 357 2487 iacimus,
381 2431 442 2472 cum
464 2424 568 2471 caetera
589 2431 724 2489 perpauca
747 2415 811 2483 sint,
835 2413 868 2469 de
889 2407 985 2469 sacrisl
1001 2417 1101 2484 autem,

140 2501 184 2573 qui
199 2498 276 2557 locus
292 2507 367 2572 patet
383 2499 474 2570 latior,
490 2500 556 2555 baec
571 2500 607 2555 sit
621 2515 674 2554 uua
690 2500 838 2569 sententia,
859 2506 890 2554 ut
904 2505 1102 2554 conseruentur

138 2598 245 2656 semper
266 2591 295 2639 et
316 2582 442 2656 deinceps
464 2582 569 2640 familiis
592 2583 751 2655 prodantur,
774 2590 811 2653 et,
835 2588 865 2637 ut
885 2583 918 2637 in«
935 2581 997 2655 lege
1011 2585 1102 2656 posui,

139 2675 269 2741 perpetua
288 2668 345 2722 sint
362 2683 447 2723 sacra.
475 2667 529 2723 boc
547 2660 625 2739 post²
646 2664 804 2740 pontificum
823 2667 986 2721 auctoritate
1006 2682 1102 2722 conse·

137 2760 198 2807 cota
214 2759 290 2822 sunt,
312 2756 352 2821 ut,
372 2767 407 2805 ne
421 2758 509 2807 morte
524 2750 721 2823 patrisfamilias
735 2764 875 2805 sacrorum
890 2751 1018 2806 memoria
1033 2752 1102 2806 occi·

137 2835 233 2906 deret,
252 2837 286 2891 iis
301 2842 394 2890 essent
407 2850 438 2889 ea
453 2834 591 2909 adiuncta,
614 2834 647 2889 ad
667 2850 737 2907 quos
752 2833 872 2889 eiusdem
886 2843 974 2890 morte
989 2836 1103 2907 pecunia

138 2921 255 2976 uenerit.
285 2918 344 2975 lloc
360 2934 413 2974 uno
428 2920 534 2992 posito,
556 2917 628 2991 quod
644 2918 733 2974 estad
749 2919 931 2992 cognitionem
947 2918 1102 2991 discipliuae

138 3006 214 3076 satis,
228 3002 433 3059 innumerabilia
448 3010 605 3073 nascuntur,
623 3001 720 3075 quibus
736 3002 882 3075 implentur
896 3001 1102 3057 iurisconsulto-

138 3104 198 3143 rum
219 3087 291 3145 libri.
322 3086 495 3155 Quaeruutur
509 3088 595 3158 euim,
617 3088 664 3159 qui
678 3087 882 3159 adstringantur
896 3088 989 3141 sacris.
1019 3085 1102 3140 llere·

139 3170 201 3227 dum
223 3187 305 3229 causa
325 3172 473 3228 iustissima
494 3179 551 3239 est3
579 3171 654 3227 nulla
675 3179 717 3227 est
737 3172 807 3227 enirn
829 3185 957 3243 persona,
980 3186 1048 3243 quae
1070 3168 1101 3222 ad

141 3256 226 3313 uicem
242 3258 310 3328 eius,
333 3256 380 3330 qui
395 3272 410 3311 e
424 3257 481 3311 uita
496 3256 650 3329 emigrauit,
669 3257 783 3329 propius
798 3253 915 3311 accedat.
939 3252 1041 3309 lleinde
1056 3252 1102 3325 qui

211 3442 232 3513 ¹)
249 3446 288 3511 Of.
302 3445 419 3512 Sauigny
429 3446 553 3497 Zeitscltr.
565 3446 587 3510 s.
600 3445 687 3510 pescle.
699 3444 770 3497 RW.
785 3448 814 3496 ll.
825 3460 854 3508 p.
864 3453 904 3493 tot
916 3456 968 3505 seq.
984 3449 1010 3492 et
1020 3452 1103 3505 supra

140 3516 171 3567 P.
186 3518 304 3568 Mucium
316 3516 467 3568 Scaevolam
480 3528 502 3569 o.
545 3512 566 3581 ²)
585 3516 645 3567 th.
665 3515 739 3579 infra
753 3520 823 3581 ipsos
839 3513 891 3561 Cic.
905 3512 938 3561 de
951 3514 999 3579 leg.
1014 3514 1103 3564 libros.
