2542 3909
169 200 232 265 656
325 237 328 242 «
376 217 434 252 nos.
453 217 492 252 ur.
512 216 573 252 uon.
594 215 684 251 cauum
702 215 809 250 concur.
828 197 875 249 111.
895 202 919 250 3.

171 349 245 406 tulo
269 346 306 402 ad
329 344 650 419 legemCorneliam
672 343 710 399 de
733 345 873 400 sicariis
895 351 927 401 et
950 343 1128 400 ueneficis
1189 404 1199 422 ι

169 433 268 488 dicit:
291 429 315 488 1.
333 431 435 485 Seruus
450 431 473 484 si
488 429 576 503 plagis
591 427 730 500 deiecerit,
747 428 798 484 nisi
810 427 836 483 id
847 425 911 482 dolo
926 425 980 498 fiat,
998 427 1128 484 dominus

169 515 305 571 homicidii
327 529 389 569 reus
412 529 466 570 non
490 519 581 587 potest
602 511 749 585 postulari3
772 512 881 568 modum
903 504 1023 568 'tamen¹
1046 513 1128 568 casti-

170 599 250 674 gandi
266 607 292 654 et
308 599 334 654 in
350 613 492 654 seruorum
507 597 672 652 coercitione
686 594 787 668 placuit
805 589 973 668 temperari.²

234 681 299 755 Kap.
315 681 357 736 lll.
395 680 562 754 Ulpianus
585 679 672 736 libro
695 664 817 736 octalro
839 679 877 735 de
900 678 1023 736 cilicio
1046 697 1127 753 pro·

169 766 348 837 consulis,
386 765 446 820 sub
482 763 589 820 titulo
623 763 661 818 de
697 762 913 820 dominorum
949 757 1127 824 saeuitia.l

172 851 199 908 1.
222 850 250 907 Si
272 849 398 906 dominus
414 850 440 905 in
457 863 567 904 seruum
582 847 725 919 saeuierit,
748 846 792 903 uel
808 846 841 902 ad
857 846 1051 920 impudicitiam
1066 855 1126 903 tur-

170 950 286 1008 pemque
308 927 496 989 uiolutionem⁴
519 931 680 1005 compellat,
703 947 771 1004 quae
793 933 849 987 sint
869 939 961 1003 partes
983 930 1125 1004 praesidis,

171 1035 202 1074 en
225 1019 358 1091 rescripto
381 1015 436 1072 diui
456 1016 495 1071 Pii
517 1016 549 1071 ad
569 1009 732 1071 ’autonomi
751 1012 911 1071 Marcianum
933 1015 1127 1088 proconsulem
1188 1089 1193 1094 ι

170 1102 290 1157 baeticae
313 1101 509 1156 manifestatur.
553 1097 582 1156 2.
606 1099 686 1155 Cuius
709 1101 832 1172 rescripti
855 1098 936 1155 uerba
959 1099 1025 1155 baec
1046 1109 1126 1156 sunt:

171 1185 356 1241 ‘Dominornm
369 1184 476 1257 quidem
491 1191 652 1257 potestatem
668 1185 696 1239 in
710 1199 775 1238 suos
787 1199 903 1239 serunos
917 1181 1053 1238 inlibatam
1064 1198 1127 1239 esse

171 1276 288 1342 oportet,
312 1285 362 1340 nec
377 1270 500 1340 cuiquam
515 1268 654 1323 hominum
671 1268 714 1322 ius
729 1283 808 1323 suum
823 1266 937 1328 detrahi.
972 1266 1024 1322 Sed
1039 1266 1127 1323 domi·

171 1369 268 1409 norum
296 1345 441 1423 interest,⁶
468 1367 502 1407 ne
525 1351 652 1407 auxilium
675 1358 769 1406 contra
796 1352 935 1407 saeuitiam
963 1350 1007 1406 uel
1030 1350 1125 1407 famem

109 1439 114 1449 “
173 1437 215 1492 uel
232 1435 428 1491 intolerabilem
443 1436 567 1491 iniuriam
583 1433 734 1507 denegetur
749 1435 800 1498 bis,
824 1437 871 1508 qui
886 1436 957 1491 iuste
979 1434 1126 1505 deprecan-

171 1529 225 1576 tur.
262 1515 290 1578 3.
305 1519 422 1590 ideoque
439 1534 575 1592 cognosce
590 1518 623 1573 de
639 1518 766 1591 querellis
782 1535 892 1590 eorum,
915 1520 961 1592 qul
976 1517 1126 1574 ex·familia

171 1604 230 1659 luiii
247 1602 337 1657 Sabini
360 1601 391 1656 ad
415 1610 530 1657 statuam
553 1602 751 1674 confugerunt:
774 1605 846 1657 etsi
869 1602 913 1658 uel
935 1602 1029 1658 durius
1052 1601 1125 1658 babi-

172 1695 226 1757 tos‚
249 1701 329 1758 quam
352 1701 466 1758 aequum
489 1693 548 1755 est,
571 1685 614 1740 uel
635 1678 754 1741 ‘iniami⁷
777 1687 873 1741 iniuria
893 1685 1003 1743 allectos
1022 1703 1125 1760 cogno·

172 1770 259 1842 ueris,
284 1771 375 1824 uenire
398 1769 476 1840 iube,
498 1771 533 1826 ita
556 1770 635 1824 utin
657 1777 819 1842 potestatem
841 1768 932 1826 Sabini
954 1786 1010 1826 non
1032 1783 1197 1833 muer-[auo]

172 1863 274 1911 tantur.
317 1852 377 1920 ’Qui
399 1847 437 1910 si8
459 1869 534 1910 meac
549 1854 737 1910 constitutioni
751 1852 872 1909 fraudem
891 1854 1000 1924 iecerit,
1024 1848 1125 1925 'sciat,⁹

171 1955 214 1994 me
236 1937 381 1994 admissum
404 1939 525 1994 seuerius
549 1935 759 1997 exsecuturum?
808 1933 837 1994 4.
867 1937 950 1993 llinus
973 1939 1052 1994 etiam
1075 1938 1126 1993 lla·

171 2023 281 2078 drianus
297 2014 457 2077 'Umbram¹⁰
473 2021 604 2094 quandam
620 2027 768 2077 matronam
783 2021 811 2076 in
828 2024 1040 2094 quinquennium
1056 2023 1125 2078 rele-

172 2109 262 2180 gauit,
286 2105 359 2178 quod
374 2121 405 2160 ex
421 2105 564 2162 leuissimis
580 2107 667 2161 causis
683 2104 790 2160 ancillas
806 2106 971 2161 atrocissime
987 2114 1124 2164 tractaret.

170 2189 198 2247 5.
221 2190 287 2246 ltem
303 2189 385 2244 binus
401 2189 463 2244 Pius
478 2189 510 2244 ad
533 2187 654 2244 libellum
669 2187 729 2244 atfit
744 2189 802 2244 lulli
825 2190 963 2262 rescripsit
986 2183 1043 2266 (in)
1061 2190 1126 2246 baec

171 2272 269 2330 uerba:
292 2271 452 2328 ‘Sernorum
468 2270 626 2344 obsequium
642 2288 697 2327 non
711 2272 799 2328 solum
815 2274 940 2348 imperio,
959 2273 1006 2330 sed
1022 2282 1049 2329 et
1064 2290 1124 2330 mo-

171 2358 310 2414 deratione
323 2365 349 2413 et
364 2353 560 2412 sufficientibus
576 2356 705 2428 praebitis
717 2365 743 2412 et
755 2358 833 2412 iustis
849 2356 976 2430 operibus
991 2359 1125 2414 contineri

172 2449 290 2515 oportet.
337 2437 366 2499 6.
391 2440 482 2512 ltaque
510 2439 547 2495 ’et
569 2441 626 2514 ipse
649 2433 775 2496 curare¹¹
797 2438 888 2497 ’debes
911 2433 972 2497 et¹²
998 2443 1070 2498 inste
1095 2458 1126 2496 ac

168 2516 327 2598 ’temperate
337 2516 463 2580 seruus¹³
475 2531 601 2594 tractare,
609 2533 641 2580 nt
651 2522 693 2580 ’er
704 2517 806 2580 iacili¹⁴
816 2526 954 2598 requirere
967 2542 1014 2582 eos
1025 2527 1123 2601 possis,

244 2707 264 2776 ¹)
280 2711 341 2758 enim
359 2709 420 2760 Odd.
435 2711 493 2760 edd.
506 2711 550 2759 etsi
563 2710 668 2760 Cramer
677 2713 709 2774 ej.
739 2711 836 2760 Vocem
848 2712 918 2776 sipia
928 2710 1055 2761 librarius
1064 2726 1124 2761 con·

169 2783 247 2845 fudit.
301 2777 322 2846 ²)
336 2780 397 2832 Alio
407 2795 443 2831 ac.
454 2783 574 2844 periculo
589 2781 691 2830 domino
705 2783 830 2830 saevienti
843 2783 994 2831 imminente.
1021 2782 1059 2845 Cf.
1071 2798 1092 2831 c.
1103 2794 1124 2832 4.

172 2849 193 2914 ³)
208 2853 247 2914 ξς.
263 2864 331 2902 1-4.
347 2858 437 2901 extant
451 2853 483 2901 L.
498 2863 517 2901 s.
538 2852 570 2899 D.
585 2852 617 2900 de
631 2850 680 2908 bis,
695 2853 739 2915 qui
752 2854 795 2900 sui
809 2851 840 2914 (1,
854 2851 886 2916 s).
908 2852 946 2915 Cf.
961 2855 984 2914 §-
999 2863 1020 2901 a.
1035 2851 1123 2902 Laod.

171 2922 202 2987 (1,
218 2921 249 2987 8).
272 2921 329 2971 Gar.
344 2934 364 2984 1,
375 2932 408 2974 58.
460 2919 481 2987 ⁴)
496 2920 541 2970 Sic
556 2923 613 2970 item
623 2922 683 2986 Dip.
698 2923 745 2971 sed
758 2928 842 2971 vetere
856 2924 918 2973 vitio
929 2924 1030 2986 factum
1041 2923 1125 2985 suerit

170 2993 409 3043 eocc'uersationem.
475 2991 496 3057 ⁶)
512 2991 602 3039 lelium
622 2993 682 3056 Diq.
702 2992 764 3040 Inst.
830 2988 852 3058 ⁶)
869 2993 906 3055 Cf.
922 2995 945 3054 ξ.
960 3005 981 3044 o.
1008 2990 1124 3057 ‘nequid

170 3060 347 3112 tumultuosius'
364 3070 411 3113 etc.
464 3060 485 3128 ⁷)
504 3061 550 3110 Vc.
565 3062 625 3126 Dip.
642 3063 750 3111 infamiae
765 3062 795 3111 B.
815 3063 926 3112 infamem
946 3063 987 3112 Vi.
1008 3063 1076 3112 lamis
1091 3065 1123 3126 qj.

171 3133 309 3198 Reisiperi.
369 3129 466 3198 ⁸)Dip.
481 3132 548 3190 Quod
563 3133 583 3181 si
600 3133 662 3182 odd.
677 3134 734 3183 edd.
793 3129 890 3198 ο)Ι)ι’9.
905 3133 968 3182 Inst.
985 3135 1046 3182 sciet
1062 3134 1122 3183 cdd.

170 3205 228 3254 edd.
281 3201 313 3270 ¹⁰)
329 3204 472 3252 Umbriciam
486 3202 621 3267 Diplnst.
671 3199 704 3266 ¹¹)
714 3205 735 3252 i.
746 3219 767 3252 e.
783 3218 834 3253 non
850 3210 947 3253 tantum
956 3206 1124 3268 proconsulis

170 3289 260 3324 euram
274 3281 434 3337 conspectore,
449 3289 466 3322 a
480 3288 529 3337 quo
544 3280 572 3322 ut
582 3274 710 3338 supitioos
722 3289 811 3323 servos
826 3276 982 3339 investigare
997 3290 1029 3323 ac
1038 3276 1125 3338 requi·

170 3359 230 3392 rere
244 3345 341 3398 liceret.
354 3344 458 3406 frustra
468 3345 570 3393 videtur
580 3346 710 3406 petivisse.
737 3343 775 3406 Cf.
786 3344 817 3393 L.
829 3355 848 3394 o.
864 3345 895 3392 D.
907 3346 938 3393 de
949 3344 1027 3409 sepit.
1039 3342 1084 3410 (11,
1093 3344 1123 3407 4).

145 3460 146 3463 ,
174 3410 206 3478 Η)
222 3413 292 3462 debet
306 3411 336 3461 B.
357 3413 402 3464 Ve.
422 3414 495 3462 debes
515 3413 556 3462 Vi.
572 3415 611 3462 ed.
626 3413 668 3462 Bl.
735 3409 767 3479 ¹³)
783 3421 915 3477 temperare
932 3421 1000 3463 einos
1014 3412 1045 3462 B.
1066 3423 1124 3463 tem·

170 3491 252 3543 perate
268 3490 291 3531 et
306 3497 362 3532 suos
382 3483 425 3533 Vc.
452 3490 581 3547 temperate
601 3491 654 3532 tuos
675 3484 716 3532 Vi.
731 3485 788 3533 edd.
856 3481 890 3550 ¹⁴)
904 3484 949 3533 Ex
963 3484 1125 3534 Lachmanni

170 3553 204 3612 cj.
220 3559 243 3600 et
258 3552 321 3601 lacili
339 3553 398 3602 odd.
414 3561 437 3602 et
452 3555 520 3603 iacile
536 3555 593 3604 edd.
