2542 3909
347 210 382 245 oa
396 208 592 245 ooaarrortnrvs
610 208 647 243 an
665 208 754 243 uranu
772 206 887 244 emesan.
1030 192 1090 257 799

58 355 125 404 [tos]
137 341 246 396 sionem
265 339 414 408 induxisti,
432 338 579 411 perfectam
594 354 625 393 uo
640 329 777 395 ’solidam¹
795 338 843 394 tibi
858 341 1093 412 praestitisque

138 424 245 497 opiter,
260 424 439 478 donationem
460 424 535 478 obici
548 437 602 477 non
618 438 710 493 posse,
731 422 839 494 quando
855 423 925 495 apud
942 424 1039 479 tesius
1055 425 1095 480 rei

137 506 298 579 proprietas
317 510 466 561 remansit.
497 504 555 561 Sed
567 520 621 561 nee
639 505 823 577 functionum
837 499 1035 577 depensiones²
1050 507 1094 565 uei

137 605 188 661 per
214 604 291 655 eum,
312 589 355 645 eui
376 588 481 645 donata
501 604 550 644 res
563 606 620 645 non
636 596 712 660 erat,·
728 589 775 645 uel
790 590 826 647 ab
842 591 990 647 actoribus
1004 594 1095 663 r'psius

138 676 251 729 nomine
277 670 427 728 celebratae
448 665 554 729 ’nune3
577 672 624 727 titi
647 672 743 729 obesse
764 666 927 729 ’aduersari
947 688 1011 731 eum
1029 691 1095 747 pas·
1127 684 1129 689 '

138 763 215 813 sunt.
252 754 359 822 Quodsi
385 757 493 813 absens
513 760 598 813 etiam
622 762 700 813 tuum
720 757 822 813 iustum
842 756 1002 829 magistrum
1023 771 1096 815 sunr-

138 842 249 898 moueri
267 843 300 895 ui
317 841 353 895 de
371 843 552 911 possessione
568 839 655 911 fecit,
669 841 833 912 praesidem
843 844 1019 911 prouinciae
1034 844 1093 914 adi,

139 930 171 980 nt
185 927 210 980 is
230 938 293 979 eum
308 939 369 979 oum
384 925 592 981 comminatione
608 923 739 982 uidelicet
753 926 855 980 uenire
869 925 979 991 iubeat,
996 932 1023 980 et
1038 928 1094 983 uim

136 1008 250 1080 foetam
270 1010 403 1065 ueniente
423 1009 469 1065 die
495 1025 534 1065 ex
548 1006 737 1080 praefinitione
752 1006 854 1081 allega,
875 1015 906 1062 ut
926 1010 949 1063 si
968 1010 1096 1081 praesidi

139 1106 200 1147 rem
213 1094 398 1163 probareris,
418 1093 610 1148 aduersarius
625 1098 652 1148 te
667 1094 819 1147 restituere
835 1091 1026 1163 compellatur.
1042 1090 1093 1147 PP.

138 1174 182 1232 Vi.
197 1174 249 1231 iai.
266 1176 321 1237 latr.
336 1174 457 1231 Messala
471 1182 500 1231 et
515 1174 606 1232 Grato
620 1169 729 1234 conss,⁵
745 1167 749 1251 l

200 1256 272 1318 289.
295 1252 316 1313 ⁰.
333 1300 340 1315 .
358 1305 366 1320 .
382 1298 391 1314 .
407 1258 509 1329 Neque
526 1262 556 1315 in
571 1266 699 1330 exceptu
711 1274 839 1330 persona
854 1275 907 1332 per
921 1254 1195 1333 stipendiarias-hta]

138 1341 184 1398 uel
200 1341 339 1398 tributarii
347 1344 466 1415 praedii
482 1347 722 1414 mancipationem
736 1346 798 1399 sine
815 1348 991 1413 possesionis
1002 1344 1092 1400 tradi·
1103 1328 1198 1431 iffi?

139 1428 215 1483 tione
235 1427 351 1483 donatio
370 1424 519 1499 perficitur.
559 1425 633 1481 Pone
647 1426 732 1499 igitur
746 1426 969 1498 sollicitudinem,
985 1430 1012 1483 si
1027 1444 1093 1484 eou-
1120 1437 1169 1475 Μ’·

138 1516 206 1578 stat,
221 1526 293 1579 eum,
310 1512 402 1582 quiin
416 1511 547 1580 praediis
568 1518 616 1566 tuo
630 1513 744 1566 nomine
760 1510 855 1584 degit,
877 1526 931 1566 uon
954 1510 1094 1567 tradidisse

140 1610 181 1663 ea,
197 1594 242 1649 uei
256 1610 325 1667 quae
339 1591 512 1665 adusserit,
527 1608 567 1649 eu
582 1595 718 1650 mandato
729 1597 777 1651 uel
789 1597 937 1651 uoluntate
950 1602 998 1651 tua
1008 1594 1094 1666 faeta

139 1670 285 1733 'uocatnda⁷
300 1693 357 1733 non
371 1686 445 1734 sunt.
474 1676 525 1732 PP.
542 1677 600 1733 Non
616 1678 665 1733 Oct
667 1718 819 1738 .......

202 1756 277 1817 290.
301 1754 322 1815 ⁸.
340 1800 348 1817 .
364 1806 371 1822 .
387 1803 395 1817 .
412 1760 525 1819 Secura
540 1768 708 1833 assequtus,
725 1778 789 1818 eum
806 1761 919 1833 'preces
933 1767 1000 1818 tuas
1013 1754 1095 1819 tides⁹

141 1840 259 1899 adiuuat.
286 1843 413 1901 Ceterum
428 1846 506 1919 quod
513 1848 666 1917 proponis,
686 1860 740 1901 nee
750 1843 929 1901 inhonestam
942 1848 1039 1916 patris
1053 1848 1096 1903 tui

140 1939 195 1981 nee
209 1926 335 1983 inutilem
349 1921 506 1985 ’declarat¹⁰
526 1928 704 1999 uoluntatem,
725 1943 790 1985 eum
812 1932 844 1983 tu
857 1927 1050 1999 filiafamilias
1063 1934 1095 1985 ut

140 2024 274 2081 muqnam
295 2025 425 2068 mereres
446 2014 624 2069 donationem
651 2010 683 2067 ab
703 2027 737 2069 eo
761 2009 912 2084 perfecisti:
939 2010 962 2065 si
985 2010 1094 2083 quidem

141 2083 286 2147 ’feminisss
297 2109 410 2166 quoqne
420 2096 520 2152 liberis
528 2102 556 2152 et
568 2097 665 2154 addua
681 2100 710 2151 in
725 2096 867 2167 potestate
880 2110 934 2149 suu
946 2110 982 2149 ao
991 2094 1095 2165 familia

140 2174 301 2248 degentibus
316 2184 393 2249 pater
409 2177 577 2236 donationes
595 2187 675 2236 reete
690 2179 835 2250 conserat,
854 2180 967 2234 etiamsi
985 2178 1015 2233 id
1032 2184 1094 2234 tan·

142 2262 256 2317 tandem
270 2260 313 2315 eis
322 2263 369 2316 uel
378 2265 467 2331 panio
479 2262 547 2334 plns
563 2264 630 2320 adeo
643 2262 817 2334 emolumenti
827 2260 937 2325 tribuat,
951 2278 1037 2333 quum
1046 2260 1094 2333 fo·

74 2344 341 2414 [am10iuntpartes
360 2347 482 2401 omnium
500 2347 656 2405 liberorum
683 2346 836 2421 aequales,
856 2344 930 2419 quod
946 2338 1041 2401 'sibi¹²
1062 2350 1094 2401 ei

215 2560 235 2629 ¹)
250 2563 325 2612 solam
344 2563 403 2611 Vat.
418 2562 476 2612 edd.
497 2564 536 2626 Cf.
551 2564 583 2613 L.
599 2577 618 2614 1.
633 2565 656 2625 ξ.
666 2576 687 2615 8.
711 2564 755 2613 ΤΙι.
772 2566 798 2615 C.
813 2566 845 2615 de
859 2574 917 2615 mat.
933 2566 989 2616 hou.
1005 2565 1036 2632 (s,
1047 2564 1094 2632 18)t

143 2630 263 2684 ‘solidum
273 2633 466 2697 perfectumque
480 2630 640 2684 dominium’.
710 2630 731 2698 ⁹)
745 2634 816 2685 latine
830 2638 922 2699 incipit
936 2637 967 2685 L.
981 2648 1002 2686 4.
1024 2636 1050 2686 θ.
1064 2636 1096 2686 de

141 2705 201 2755 don.
221 2704 257 2771 (a,
276 2703 321 2768 54).
352 2700 394 2753 ‘So'
408 2703 558 2765 functiones
577 2702 739 2770 [remotiones
758 2712 800 2755 uet
817 2704 926 2773 tributa]
943 2743 949 2754 .
965 2745 971 2758 .
987 2742 993 2756 .
1009 2743 1015 2756 .
1031 2708 1095 2757 sele·

142 2774 233 2825 brutae
246 2781 314 2833 sunt,
328 2773 376 2824 tibi
389 2773 476 2824 obesse
489 2787 540 2823 non
550 2772 657 2837 potest'.
687 2810 693 2823 .
709 2810 715 2823 .
731 2811 737 2824 .
754 2811 759 2823 .
775 2767 856 2824 siones'
875 2777 933 2826 Vat.
950 2777 1095 2839 functiones

141 2846 180 2895 ed.
192 2846 285 2895 Hottw.
311 2843 381 2904 Quae
388 2851 539 2908 sequuntur,
549 2850 667 2907 spectare
677 2845 797 2894 videntur
807 2848 935 2908 querelam
946 2846 1096 2905 Massieiae,

141 2930 158 2963 a
171 2930 199 2963 se
212 2916 325 2978 praedio
339 2915 503 2978 praefectum
516 2914 604 2963 iustum
622 2915 760 2975 magistrum
779 2922 924 2964 summotum
942 2930 996 2964 esse
1011 2916 1043 2965 ab
1057 2932 1095 2976 ea,

142 2991 233 3034 eontra
248 3000 320 3048 quem
331 2984 503 3049 supplicabat.
549 2980 626 3048 ’Μὶν
641 2984 668 3033 V
669 2983 689 3033 ⁶¹.
703 2984 743 3033 ed.
755 2984 868 3033 Momms.
878 2999 926 3033 non
941 2984 998 3033 Vnt.
1018 2985 1096 3037 Hane

142 3070 194 3103 rem
205 3062 296 3117 postea
307 3055 406 3117 factam
419 3056 532 3107 nondum
545 3054 621 3105 IOtos
635 3055 761 3105 docuerat
773 3054 908 3103 Massiaia.
959 3050 980 3119 ⁴)
995 3055 1027 3103 In
1047 3056 1074 3105 V
1075 3055 1095 3107 θ.

137 3132 268 3188 postrema
287 3126 375 3175 littera
393 3142 406 3175 a
425 3134 470 3182 est.
507 3125 577 3187 Quae
595 3132 749 3189 sequuntur,
769 3124 805 3174 ad
821 3126 973 3174 sententium
986 3127 1091 3174 restitui

143 3195 228 3258 cut.
244 3206 326 3246 tatu
345 3194 611 3262 D.deiudio.(5.1).
677 3192 698 3261 ὅ)
713 3210 738 3245 a.
752 3206 801 3246 280.
865 3192 1007 3259 ⁶)Sensum
1020 3198 1096 3245 resti·

141 3266 236 3315 tuendo
250 3266 392 3319 declaravi.
421 3267 510 3318 Primo
524 3282 600 3317 uersu
614 3273 674 3317 ante
688 3266 838 3330 stipendiarii
857 3266 885 3315 V
885 3264 905 3315 d.
920 3264 995 3313 habet
1008 3280 1030 3328 p.
1057 3266 1096 3328 Cf.

141 3338 163 3397 §-
178 3347 227 3387 293.
292 3332 369 3401 ⁷)Ita
387 3338 415 3387 V
415 3337 435 3386 ⁶.
451 3338 585 3402 spernenda
604 3338 663 3387 Vat.
729 3334 750 3402 8)
764 3336 828 3386 Item
842 3338 952 3389 restitui.
1017 3332 1039 3400 ⁹)
1054 3336 1097 3385 Ita

141 3421 176 3455 ex
194 3406 222 3454 V
223 3404 244 3455 ἃ.
260 3406 374 3457 Momms.
389 3410 429 3457 eal.
445 3425 530 3458 ...a
544 3410 603 3458 ides
622 3409 681 3459 Vat.
757 3404 791 3474 ¹⁰)
806 3408 903 3458 dederat
922 3422 982 3457 mox
997 3407 1096 3470 suetum

141 3476 247 3526 declarat
265 3477 296 3526 V.
371 3475 404 3541 ¹¹)
423 3480 483 3529 Vox
496 3481 552 3529 etia
566 3495 643 3529 manu
657 3480 693 3529 ad
705 3482 846 3545 morqinem
860 3480 1006 3541 adscripta,
1021 3483 1054 3539 et,
1069 3483 1097 3525 ut

137 3554 210 3611 pute,
223 3549 351 3613 qlossema
364 3551 435 3599 noeis
451 3545 573 3601 ‘liberis’.
627 3547 660 3615 η)
674 3551 727 3603 *ihi
746 3551 777 3601 V.
796 3551 840 3600 tibi
855 3550 1001 3600 saltatim.
