2542 3909
422 219 483 256 atu
502 221 605 256 rusurr.
624 201 674 256 ΙΙΙ.
694 208 803 257 73-76.
1031 205 1094 270 303

126 361 1093 438 mmmmmm,wffldhmmfflmmmmmmmm-

126 456 255 523 peratore
271 448 314 502 ius
328 445 470 515 Quiritium
490 458 656 504 consecutus
671 447 769 505 iuerit:
784 445 878 506 'item¹
894 452 917 507 si
928 449 1039 506 Latinus
1054 452 1094 506 in·

126 535 183 590 uita
201 532 246 588 uri
268 531 413 606 ignorante
434 540 550 606 patrono
571 535 613 588 ius
629 531 773 600 Quintium
788 533 822 589 ab
844 537 1009 608 imperatore
1028 551 1094 592 eon-

126 613 1094 691 mmmMqumwfflmsuMMmemmmmmmssmm

127 700 1095 772 umfflmfflfflmmmmmmfflmmssmmdmmm

125 785 1094 861 mmmmmmmmmmMmmfflfflmfflmm

126 871 204 928 tiberi
219 873 279 928 eius
295 870 410 927 heredes
426 887 487 928 esse
503 881 633 946 possunt3
652 881 679 928 et
694 873 721 928 in
737 873 905 929 hortantum
917 873 997 930 habet
1010 883 1093 930 testa·

126 958 209 1013 menti
234 956 391 1027 ῐιιεῑίοιιειιι,
416 965 447 1012 ut
469 965 612 1030 patronum
642 957 770 1013 heredem
798 959 923 1014 instituat
944 960 1039 1031 eique,
1068 960 1093 1013 si

125 1043 206 1098 ireres
229 1057 289 1096 esse
312 1039 446 1114 noluerit,
470 1041 550 1096 alium
573 1041 741 1098 substituere
767 1043 863 1114 possit.
906 1037 953 1099 tu.
976 1041 1008 1098 Et
1030 1043 1092 1115 quia

126 1127 175 1182 hac
190 1126 387 1184 constitutione
408 1126 552 1182 uidebatur
566 1126 708 1199 effectum,
732 1135 762 1182 ut
775 1120 952 1200 ’numquam³
973 1128 1019 1182 isti
1041 1126 1092 1182 ho-

126 1213 211 1267 mines
234 1219 369 1284 tamquam
392 1213 465 1269 ciues
487 1210 601 1266 Romani
623 1219 811 1283 morerentur,
833 1215 955 1284 quamuis
977 1229 1011 1268 eo
1033 1214 1093 1268 iuro

126 1305 223 1370 postea
239 1297 280 1352 usi
296 1304 397 1366 essent,
414 1313 469 1370 quo
486 1295 530 1352 uei
546 1313 578 1352 et
594 1296 656 1369 lege
670 1297 754 1353 Aelia
765 1296 857 1352 Sentia
873 1298 916 1354 uei
932 1313 966 1353 es
979 1305 1103 1353 senatus·

56 1392 112 1445 [orel
126 1378 254 1437 consulto
270 1381 345 1437 ciues
360 1381 471 1437 Romani
487 1390 589 1446 esseut,
613 1381 694 1437 diuus
709 1381 869 1447 Hadrianus,
892 1383 1037 1456 iniquitate
1051 1383 1092 1437 rei

126 1474 228 1535 motus,
244 1474 338 1520 auctor
354 1465 404 1521 iuit
419 1474 531 1522 senatus
547 1465 666 1522 consulti
679 1466 811 1538 faciundi,
834 1476 866 1524 ut
886 1469 931 1541 qui
946 1468 1092 1541 ignorante

127 1548 170 1604 uei
186 1558 329 1605 recusante
344 1545 480 1623 patrou0⁴
496 1550 528 1606 ab
549 1553 713 1624 imperatore
733 1553 774 1607 ius
790 1551 933 1619 Quiritium
952 1553 1092 1609 consecuti

126 1642 227 1704 essent,
249 1636 272 1690 si
287 1651 321 1690 eo
343 1637 402 1691 iure
418 1643 513 1709 postea
528 1637 571 1691 usi
586 1645 689 1705 esseut,
713 1653 768 1711 quo
784 1653 816 1693 er
833 1637 893 1710 lege
909 1636 983 1692 deiia
998 1635 1091 1692 Sentiat

127 1719 171 1776 uei
179 1719 476 1791 exsenatusconsulto‚
489 1719 606 1776 siLatiui
614 1725 791 1786 mansissent,
802 1723 940 1778 ciuitatem
947 1722 1091 1778 Romanam

127 1812 371 1876 consequerentur,
384 1804 497 1878 proinde
509 1805 561 1878 ipsi
571 1804 747 1878 haberentur,
761 1823 792 1863 ac
802 1807 825 1862 si
837 1808 900 1878 iege
910 1807 984 1862 delia
998 1806 1091 1862 Sentio

127 1887 170 1944 uei
187 1898 297 1945 senatus
313 1890 438 1946 consulto
455 1889 486 1944 ad
504 1891 641 1946 ciuitatem
657 1889 802 1947 Romanam
818 1893 1016 1964 peruenissent.
1035 1886 1039 1969 i

189 1969 236 2033 74.
259 1972 357 2029 Eorum
374 1982 473 2044 autem,
495 1991 565 2048 quos
581 1975 623 2030 iex
639 1975 713 2032 Aelia
730 1976 822 2031 Sentio
837 1975 1026 2032 dediticiorum
1042 1975 1161 2030 nu·14⁷·

126 2074 201 2114 mero
218 2059 293 2130 iacit,
310 2057 381 2115 bona
396 2058 477 2115 modo
494 2061 569 2132 quasi
585 2063 690 2116 ciuium
705 2061 902 2117 Romanorum
917 2059 1091 2130 libertorum,

126 2144 206 2199 modo
222 2144 297 2217 quasi
310 2142 467 2200 Latinorum
479 2144 511 2199 ad
528 2152 659 2217 patronos
676 2145 822 2217 pertinent.
851 2139 899 2199 ⁷5.
914 2143 980 2198 Nam
996 2160 1090 2199 eorum

127 2227 1091 2302 bmamiummmommmnmmtmmmmcmsffl·

126 2314 198 2370 mani
218 2313 303 2369 futuri
324 2321 427 2384 essent,
448 2315 525 2387 quasi
541 2314 640 2370 ciuium
655 2312 839 2370 Romanorum
862 2313 982 2386 patronis
998 2313 1090 2369 eadem

125 2397 187 2471 lege
203 2395 373 2453 tribuuntur:
385 2414 444 2487 app
463 2407 553 2454 tamen
569 2400 600 2454 iai
613 2397 714 2454 habent
729 2400 809 2454 etiam
825 2399 978 2454 testamenti
993 2397 1090 2455 factio·

124 2495 202 2538 nem:
218 2497 278 2537 uam
294 2481 320 2537 id
336 2481 473 2556 plerisque
489 2483 601 2557 placuit,
616 2485 820 2540 necimmerito.
857 2500 919 2539 nam
933 2481 1091 2540 incredibile

126 2566 279 2639 uidebatur,
295 2569 431 2641 pessimae
446 2568 614 2624 condicionis
630 2568 785 2626 haminibus
801 2569 922 2625 uoluisse
936 2567 1007 2643 legis
1022 2569 1090 2625 iato-

199 2697 218 2766 ¹)
234 2715 287 2750 nam
306 2709 427 2767 sequente
445 2709 470 2751 ut
487 2702 512 2752 0.
528 2703 586 2753 edd.
601 2701 650 2768 By.
665 2712 690 2753 et
708 2703 782 2753 Sena.
803 2717 857 2753 nam
876 2704 907 2752 ita
928 2704 1034 2754 Lucium.
1050 2705 1089 2755 eti.

124 2772 190 2833 item,
205 2779 231 2820 nt
243 2773 303 2822 edd.
318 2789 387 2822 meae
402 2786 422 2825 1.
437 2786 457 2824 a.
473 2784 494 2824 s.
509 2781 534 2823 et
547 2773 596 2839 Bp.
611 2787 632 2826 a.
653 2777 711 2825 item
731 2775 820 2826 Palen.
854 2774 952 2824 Vitium
965 2791 1000 2826 eac
1017 2777 1090 2840 falsa

125 2845 326 2907 transpositione
340 2851 435 2902 natam,
450 2844 482 2895 de
497 2861 548 2910 qua
562 2847 613 2898 vid.
623 2861 676 2910 seq.
686 2854 780 2896 notam.
846 2842 866 2912 ¹)
880 2846 955 2896 Ha'ee
969 2846 1048 2897 uerba
1062 2849 1089 2897 in

127 2913 165 2973 0.,
180 2915 282 2965 scilieet
299 2931 334 2964 ex
348 2917 478 2981 marpine,
497 2916 541 2965 ubi
554 2920 673 2981 suppleta
688 2925 776 2978 erant,
796 2920 823 2967 in
840 2918 910 2968 itanc
928 2922 1011 2969 locam
1025 2921 1090 2968 maie

124 2987 292 3050 transposita,
312 2989 433 3052 iepuntar
452 2995 512 3036 ante
530 2988 609 3038 uerba
628 2990 649 3038 si
663 2990 761 3040 Latinus
779 2989 862 3041 inuito.
895 2992 989 3040 iustum
1007 2992 1090 3040 laeum

119 3058 251 3119 produnt,
270 3073 336 3122 qaae
349 3073 401 3122 seq.
417 3061 440 3121 §-
455 3059 487 3108 de
501 3059 594 3122 effectu
609 3061 687 3111 isaias
701 3063 893 3112 constitutionis
906 3062 942 3111 ad
955 3068 1090 3124 utrumque

124 3143 210 3177 casam
220 3131 379 3193 pertinentis
393 3131 525 3188 dieantur,
540 3147 588 3181 nea
600 3140 679 3182 sanat
692 3135 775 3183 locum
784 3132 831 3182 sed
839 3134 950 3196 amplias
963 3133 1090 3195 depravat

125 3195 224 3266 [quibus
239 3197 347 3268 casibus]
367 3202 406 3250 ed.
426 3200 501 3251 sena.
516 3217 550 3252 ecc
569 3202 684 3253 Momms.
700 3207 733 3268 ej.
807 3201 829 3269 ⁸)
844 3218 874 3253 ne
887 3217 990 3267 unquam
1007 3202 1033 3251 0.
1048 3203 1088 3252 ed.

123 3270 173 3322 Kr.
189 3283 209 3323 tt.
275 3268 297 3338 ⁴)
314 3271 371 3322 Non
387 3288 451 3335 opas
465 3280 502 3324 est
513 3281 610 3337 putare
622 3277 767 3326 eaecidisse:
781 3275 819 3325 nel
833 3276 900 3324 saluo
916 3275 967 3323 iure
982 3273 1088 3337 patroni3

123 3357 182 3391 narn
196 3342 246 3393 doe
255 3358 318 3393 casu
334 3344 401 3393 idem
414 3347 511 3403 valere,
525 3345 595 3410 quati
602 3347 695 3396 alteris
705 3346 804 3398 duobus
818 3346 904 3413 (inuito
915 3345 953 3394 uel
963 3351 1089 3394 recusante

122 3411 248 3479 patrono),
263 3429 298 3464 en
312 3417 494 3467 constitutione
512 3415 623 3466 Traiani
636 3421 705 3468 altro
719 3417 881 3485 sequebatur.

194 3522 219 3582 §-
234 3522 275 3572 73.
297 3521 336 3584 Cf.
358 3535 383 3587 1,
398 3533 424 3574 29
438 3537 489 3588 seq¹
508 3535 535 3574 ss
551 3538 602 3589 seq.
622 3536 715 3590 seseq.
779 3522 805 3594 ξ.
824 3527 867 3576 74.
888 3524 926 3587 Cf.
947 3537 972 3586 1,
991 3534 1017 3574 18
1035 3537 1088 3588 seq.

121 3586 149 3658 §-
165 3593 208 3641 to.
229 3590 268 3652 Cf.
283 3605 303 3654 1,
318 3603 352 3644 aa.
368 3603 401 3645 aa.
425 3593 481 3657 Uip.
496 3605 530 3659 ao,
545 3607 578 3646 ιι.
594 3606 628 3647 15.
792 3628 796 3635 -
