2542 3909
160 191 225 257 394
434 207 493 244 osu
510 208 603 243 susum.
622 189 669 243 IV.
690 195 836 245 tet-144.

159 338 307 415 praecipit,
322 354 356 394 ue
370 340 428 394 sine
443 338 511 395 oitio
527 335 676 410 possidenti
697 336 738 392 uis
753 334 815 408 liat,
830 352 899 391 neue
914 336 942 393 in
956 336 1018 391 loco
1032 352 1111 393 sacro

51 451 53 455 ·
158 423 259 497 aliquid
278 420 337 477 hat:
362 421 433 477 unde
454 422 541 477 omnia
567 419 709 476 interdieta
731 427 778 476 aut
802 420 972 475 restitutoria
996 428 1044 476 aut
1066 436 1111 477 eu·

160 506 285 563 hihitoria
310 512 356 579 aut
381 502 556 579 prohibitoria
584 512 727 560 uocantur.
774 500 834 559 141.
863 503 917 559 Nee
939 511 1026 559 tamen
1050 502 1135 561 11111

159 589 224 663 qnid
239 590 348 644 iusserit
364 586 420 645 fieri
441 595 487 643 aut
508 585 565 643 lieri
585 586 769 661 prohibuerit,
797 588 886 642 statim
907 595 1050 660 peractum
1069 596 1194 648 estsere]

160 674 316 746 negotium,
341 670 388 727 sed
408 671 441 727 ad
461 670 575 727 iudicem
596 678 835 743 recuperatoresue
855 672 914 727 itur
934 678 961 727 et
982 670 1016 726 ihi
1032 670 1112 727 editis

160 755 285 813 formulis
310 756 462 829 quaeritur,
494 771 528 811 an
554 753 655 827 aliquid
680 753 810 810 aduersus
835 754 968 827 praetoris
994 753 1113 810 edietum

160 839 260 896 lactum
275 840 326 911 sit,
348 838 391 895 nel
412 855 445 894 au
465 837 565 894 iactum
587 838 701 908 nonsit,
725 837 798 911 quod
814 838 837 893 is
852 835 910 893 heri
926 838 1046 894 iusserit.
1084 846 1112 895 et

160 923 240 979 modo
255 939 315 979 cum
330 938 417 996 poena
432 923 530 995 agitur,
547 919 627 977 modo
643 921 702 976 sine
717 938 820 995 poena:
841 938 903 977 eum
917 937 1019 995 poena,
1035 920 1112 977 uelut

159 1022 220 1063 cum
242 1022 291 1079 per
312 1007 486 1080 sponsionem
508 1009 612 1079 agitur,
636 1006 694 1062 sine
716 1021 816 1078 poena,
839 1003 916 1061 uelut
936 1022 998 1061 oum
1011 1006 1111 1061 arbiter

160 1091 277 1163 petitur;
304 1089 461 1164 etquidem
487 1104 519 1145 eu
545 1087 731 1162 prohibitoriis
757 1088 906 1144 interdictis
930 1104 1039 1161 semper
1064 1104 1112 1161 per

160 1174 334 1247 sponsionem
353 1174 397 1246 agi
417 1172 504 1243 solet,
533 1188 564 1228 er
588 1173 764 1228 restitutoriis
789 1188 855 1228 uero
880 1171 923 1227 uel
946 1171 1112 1235 exhibitoriis

160 1256 241 1313 modo
263 1274 312 1330 per
326 1258 512 1330 sponsionem,
528 1255 608 1312 modo
623 1272 673 1329 per
687 1255 830 1312 formulam
844 1256 946 1329 egitur,
961 1270 1029 1328 qaae
1045 1255 1111 1310 arhi-

161 1341 240 1395 traria
255 1348 377 1395 uocatur.

222 1418 285 1479 142.
308 1421 465 1495 Principalis
481 1416 574 1495 igitur
581 1422 678 1479 diuisio
694 1422 722 1478 in
736 1438 769 1478 eo
780 1430 834 1496 est,
847 1422 919 1495 quod
930 1430 977 1477 aut
989 1421 1111 1496 prohibi·

161 1508 229 1562 toria
249 1515 313 1561 sunt
333 1504 475 1562 interdieta
502 1512 549 1559 aut
575 1506 744 1561 restitutoria
767 1515 814 1562 aut
835 1504 1003 1562 cslrihitoria.
1047 1501 1112 1563 143.

159 1589 282 1662 Sequens
297 1590 325 1645 in
339 1604 372 1644 eo
388 1596 430 1644 est
444 1588 556 1658 diuisio‚
579 1588 654 1661 quod
671 1588 715 1645 uel
731 1588 917 1663 adipiscendae
931 1590 1111 1663 possessionis

160 1688 239 1728 causa
254 1680 397 1746 conparata
418 1679 483 1728 sunt
502 1671 547 1727 uel
566 1672 723 1729 retinendae
745 1673 789 1729 uel
803 1672 1001 1745 reciperandae.
1045 1668 1111 1730 144.

161 1754 353 1828 hdipisceudae
380 1756 561 1829 possessionis
589 1771 667 1811 causa
695 1755 867 1813 interdictum
893 1755 1112 1813 accommodatur

161 1837 293 1895 bonorum
309 1840 471 1913 possessori,
487 1839 563 1895 cuius
578 1840 738 1913 principium
754 1848 796 1896 est
808 1854 937 1906 nvouvu
949 1854 1112 1903 nouonvut

160 1923 273 1996 eiusque
287 1924 329 1979 uis
344 1931 371 1979 et
386 1930 507 1997 potestas
523 1922 587 1978 haec
603 1929 654 1992 est,
670 1932 700 1979 ut
716 1922 789 1998 qnod
800 1925 914 1998 quisque
926 1940 959 1979 en
968 1924 1011 1979 his
1022 1922 1111 1993 honis,

161 2022 276 2081 quorum
290 2007 428 2080 possessio
443 2006 523 2064 alicui
538 2006 599 2061 data
614 2015 672 2077 est,
692 2022 742 2080 pro
764 2005 863 2062 herede
877 2016 923 2063 aut
937 2023 988 2081 pro
1003 2023 1112 2081 posses·

89 2098 150 2148 111.
161 2105 224 2169 sore
250 2086 414 2164 'lpossidet,
440 2091 541 2148 dolone
559 2090 649 2163 fecit,
673 2084 851 2164 quominosl¹
870 2084 876 2168 Ι
895 2089 1062 2165 possideret,
1084 2090 1112 2146 id

160 2174 196 2245 ei,
218 2174 261 2229 cui
282 2173 415 2231 bonorum
430 2174 568 2247 possessio
584 2173 645 2229 data
661 2180 718 2245 est,
741 2175 917 2229 restituatur:
939 2190 989 2248 pro
1012 2173 1113 2231 herede

160 2264 248 2313 autem
263 2257 401 2331 possidere
418 2256 526 2312 uidetur
541 2264 593 2311 tam
608 2258 649 2329 is,
670 2258 716 2329 qui
731 2256 810 2313 heres
826 2266 884 2330 est,
901 2274 979 2331 quam
1001 2259 1041 2329 is,
1065 2260 1112 2330 qui

158 2348 236 2414 putat
250 2356 280 2395 se
294 2340 420 2396 heredem
437 2354 511 2408 esse3
533 2354 582 2411 pro
604 2356 763 2413 possessore
782 2340 806 2395 is
827 2341 964 2415 possidet,
986 2343 1032 2415 qui
1053 2341 1111 2398 sine

160 2440 238 2480 causa
253 2422 369 2496 aliquam
383 2439 440 2478 rem
455 2422 643 2479 hereditariam
664 2424 708 2479 uel
728 2425 808 2480 etiam
829 2431 913 2480 totam
935 2424 1111 2482 hereditatem

233 2586 254 2655 ¹)
267 2587 392 2653 Suppleoi
404 2604 440 2640 ee*
453 2588 478 2638 L
491 2601 503 2641 1
514 2605 558 2653 pr.
573 2590 605 2641 I).
616 2606 690 2655 quor.
700 2589 758 2642 hon.
773 2588 818 2657 (41,
833 2589 865 2657 1),
880 2598 908 2642 ot
920 2599 991 2642 reete
1004 2591 1112 2641 haberet

159 2660 302 2725 possideret.
328 2658 382 2709 Sed
394 2667 477 2710 tamen
491 2662 567 2711 etiam
581 2676 613 2711 ea
627 2662 659 2710 de
669 2676 749 2711 oanan
759 2676 810 2711 non
821 2668 874 2711 tota
884 2663 931 2712 illa
940 2664 1023 2725 hosius
1031 2663 1111 2712 edicti

158 2730 236 2781 verbo
246 2730 421 2781 transcribere
430 2732 501 2781 volni
509 2728 589 2798 (quod
602 2747 671 2781 nono
682 2731 748 2795 feeit
758 2730 806 2796 Bp.
813 2733 853 2781 ed.
858 2730 882 2798 1)
892 2734 952 2797 quic
965 2739 1039 2781 tanta
1051 2731 1110 2782 soh·

158 2802 241 2851 tilitas
250 2799 459 2852 Institutionibos
472 2817 522 2852 non
537 2803 663 2862 convenit,
677 2808 703 2851 et
714 2801 794 2851 Gaios
807 2808 859 2851 tum
869 2809 955 2852 cetera
964 2802 1112 2852 huiusmodi

158 2872 300 2921 interdieta
314 2885 364 2921 non
377 2873 530 2935 simpliciter
542 2874 639 2922 similia
652 2872 740 2922 dicere
749 2874 884 2936 potuisset.
907 2870 996 2922 Simile
1010 2874 1111 2921 initium

160 2937 296 3005 ‘possidet'
316 2947 341 2992 et
360 2938 525 3007 ‘possideret’
546 2943 680 2993 omittendi
703 2957 807 2993 eausam
826 2943 911 3006 fuisse
932 2950 957 2993 et
975 2942 1111 2992 librariam

157 3028 214 3062 com
222 3012 290 3063 hono
300 3027 415 3063 errorem
425 3013 578 3072 admisisset,
592 3020 652 3063 ante
665 3027 709 3077 pro
723 3012 811 3063 herede
821 3011 941 3080 (ntsecit)
952 3015 1111 3079 particulam

158 3083 180 3131 si
198 3083 340 3142 addidisse,
355 3082 460 3148 quilibet
473 3084 549 3133 videt.

228 3236 254 3309 §-
271 3245 329 3294 141.
350 3241 487 3305 0191111
500 3257 552 3307 seq.
575 3241 631 3307 Uip.
645 3242 709 3292 Inet.
722 3241 759 3306 fr.
775 3254 826 3302 1,1.
840 3253 861 3292 a.
886 3241 991 3303 Quintil.
1006 3241 1028 3292 Ι.
1046 3241 1074 3292 0.
1089 3253 1111 3301 s,

158 3312 340 3376 rossan.
364 3313 614 3374 §.a.1a,1o.§.ao.
706 3309 731 3380 ξ.
748 3315 807 3363 141.
826 3335 860 3355 =
878 3315 902 3376 1.
921 3326 941 3364 ι.
965 3314 1022 3364 init.
1041 3312 1111 3362 Late

158 3383 253 3432 interd.
273 3380 305 3447 (c,
320 3378 364 3448 rt).
390 3381 475 3447 (31.1.
491 3395 510 3433 1.
525 3384 549 3445 ξ.
564 3395 584 3433 1.
599 3383 631 3432 Ι).
647 3384 703 3433 eod.
723 3381 767 3448 (rs,
782 3382 813 3449 1).
885 3379 911 3450 ξ.
928 3386 987 3435 143.
1003 3405 1037 3425 =
1051 3385 1074 3445 ἕ.
1090 3394 1110 3433 a.

157 3452 180 3503 I.
195 3453 229 3502 ib.
250 3452 288 3516 Os.
303 3450 401 3501 Aeson.
419 3451 508 3516 Gripi.
527 3464 553 3505 11
566 3467 618 3519 seq.
638 3452 692 3517 Uip.
708 3453 771 3503 Iasi.
785 3465 807 3512 4,
822 3466 842 3505 1.
893 3449 918 3520 ξ.
930 3456 989 3505 144.
1006 3454 1044 3517 Of.
1056 3455 1079 3515 ἕ.
1090 3464 1110 3503 1.

160 3520 224 3571 Lib.
234 3537 316 3587 supra
329 3532 350 3583 1,
366 3533 431 3582 141,
442 3534 488 3574 141.
499 3521 531 3573 L.
542 3534 627 3575 11-11.
647 3523 679 3573 1).
695 3524 726 3573 de
740 3524 794 3573 her.
805 3532 859 3587 pet.
873 3522 905 3589 (o,
919 3522 950 3589 1).
