2542 3909
419 211 552 247 nvnnmrs
570 211 666 246 raervs
683 211 786 248 nrcron
1065 202 1085 259 3

186 338 215 397 2.
237 379 245 396 .
271 383 278 396 .
301 340 372 394 sieut
386 336 517 393 Veranius
532 352 564 392 er
579 339 666 409 primo
678 329 762 393 libro¹
777 335 893 392 Pictoris
907 337 945 391 ita
958 334 1086 391 disserta·

125 425 224 481 tionem
244 424 325 479 buius
340 420 417 477 uerbi
432 429 561 477 executus
576 431 630 475 est:
654 418 731 476 ‘lirta
746 420 932 493 porriciunto,
948 419 989 475 dis
1004 418 1086 474 danto

124 511 151 563 in
165 508 258 564 altaria
279 521 387 561 aramue
402 506 529 561 locumue
545 520 630 575 eone,
652 521 707 578 quo
722 512 781 560 enta
796 504 853 559 dari
869 503 1027 562 debebunt’.
1044 532 1087 543 —

123 591 236 651 llacrob.
253 591 310 646 Sat.
326 589 357 659 3,
374 588 402 645 2.
419 588 447 659 S.
464 588 494 649 3.

183 672 211 733 3.
234 674 417 731 Caerimoniae
432 673 573 745 impositae
588 671 689 727 damini
703 672 768 727 lliali
782 671 895 738 multae,
916 674 981 728 item
995 678 1086 727 castus

84 770 116 818 [3]
123 759 296 833 multiplices,
318 773 388 831 quos
405 758 434 812 in
454 756 542 827 libris,
564 758 611 829 qui
629 754 663 811 de
683 754 869 813 sacerdotibus
883 754 998 828 publicis
1013 770 1087 811 com·

122 845 205 917 positi
219 849 299 912 sunt,
322 842 387 897 item
406 842 435 895 in
450 838 524 895 nanu
537 839 653 895 Pictoris
667 839 796 896 librorum
811 842 899 913 primo
913 838 1034 912 scriptos
1048 838 1087 893 le·

123 929 227 1001 gimus;
250 925 321 981 unde
342 925 409 980 haec
429 924 514 979 lerme
535 933 615 995 sunt,
638 939 706 997 quae
725 925 956 979 commeminimus
964 916 986 980 :²
1012 921 1086 996 Equo

122 1010 220 1066 Dialem
236 1009 370 1065 flaminem
385 1009 449 1063 nebi
463 1006 560 1081 religio
576 1016 627 1076 est,
645 1004 693 1081 (etl
708 1007 821 1062 classem
836 1009 1000 1080 procinctam
1012 1014 1087 1061 ertra

121 1096 284 1168 pomerium,
300 1092 327 1148 id
343 1099 386 1147 est
400 1092 546 1149 exercitum
562 1099 710 1161 armatum,
725 1089 830 1159 uidere3
850 1090 951 1147 idcirco
966 1098 1089 1145 rarenter

122 1176 221 1234 damen
234 1177 314 1233 Dialis
329 1184 435 1233 creatus
450 1175 546 1231 consul
562 1183 620 1246 est,
641 1191 701 1230 cum
718 1173 789 1231 bella
809 1173 966 1231 consulibus
981 1173 1088 1229 manda·

121 1262 230 1317 bantur.
261 1263 326 1317 ltem
340 1262 429 1315 iurare
445 1258 544 1313 Dialem
560 1258 598 1313 las
613 1274 751 1331 nunquam
766 1267 817 1315 est.
847 1260 911 1313 item
931 1257 1031 1313 annulo
1047 1258 1088 1312 uti

123 1346 178 1401 nisi
197 1345 292 1417 peroio
313 1359 445 1416 cassoque
466 1341 505 1397 las
520 1358 575 1397 non
593 1350 645 1398 est.
675 1344 765 1416 ignem
781 1358 795 1397 e
810 1340 925 1398 daminia
939 1342 967 1399 id
982 1349 1026 1397 est
1040 1340 1087 1396 lla·

123 1429 204 1483 minis
220 1427 296 1483 llialis
316 1427 397 1483 domo
413 1428 466 1482 nisi
479 1442 585 1481 sacrum
601 1426 690 1481 ellerri
704 1427 748 1481 ius
762 1442 817 1481 non
833 1434 883 1483 est.
918 1428 1048 1496 uinctum,
1064 1427 1087 1480 si

122 1512 206 1569 aedes
222 1512 280 1567 eins
294 1511 444 1581 introierit,
466 1509 538 1565 solui
554 1509 695 1565 necessum
710 1519 752 1565 εει
766 1517 794 1565 ει
810 1509 918 1565 uincula
929 1527 978 1582 per
991 1510 1088 1583 irnplu·

122 1598 198 1652 uium
213 1598 242 1651 iu
258 1595 364 1667 tegulas
378 1593 492 1649 subduci
507 1602 588 1665 atquc
602 1595 665 1649 inde
679 1593 753 1649 loras
769 1592 796 1649 in
811 1595 881 1649 uiam
897 1592 1011 1651 demitti.
1035 1594 1087 1650 No·

121 1680 186 1737 dum
205 1678 236 1735 'in
252 1680 328 1752 apice
342 1694 431 1752 neque
446 1680 474 1733 in
490 1679 580 1732 cinctu
595 1694 683 1749 neque
697 1679 725 1732 in
739 1677 788 1732 alia
802 1686 880 1751 parte
895 1678 980 1733 ullum
996 1678 1086 1735 habet.

121 1766 144 1820 si
162 1766 223 1836 quis
237 1763 272 1819 ad
287 1761 484 1819 uerberandum
500 1761 624 1831 dueatur,
641 1764 664 1817 si
678 1760 711 1816 ad
725 1761 809 1834 pedes
823 1763 881 1817 eius
897 1764 1010 1836 supplex
1024 1778 1088 1835 pro·

120 1847 263 1919 cubuerit,
285 1862 318 1901 eo
340 1847 382 1901 die
395 1844 533 1901 uerberari
548 1844 682 1918 piaculum
698 1852 750 1901 est.
779 1846 904 1919 capillum
920 1846 1014 1915 llialis,
1036 1846 1088 1900 nisi

122 1934 171 2005 qui
191 1931 260 1987 liber
280 1930 363 1986 homo
389 1938 445 1993 est,
473 1945 527 1985 nou
554 1921 720 1985 ’(ιειοῐεάει.3
748 1945 853 2003 capram
874 1940 903 1987 et
922 1947 1029 1986 carnem
1047 1930 1086 1984 iu·

124 2024 230 2071 coetum
251 2022 279 2069 et
299 2013 427 2069 hederam
447 2019 475 2069 ει
495 2011 581 2067 labem
601 2029 690 2085 neque
705 2021 816 2087 tangere
832 2014 896 2070 lllali
911 2030 970 2070 mos
985 2022 1027 2070 εει
1042 2029 1088 2068 nc·

124 2114 180 2171 que
195 2100 342 2153 nominare.
368 2097 532 2170 propagines
547 2112 562 2150 e
577 2096 679 2152 ultibus
693 2097 773 2153 altius
789 2106 944 2171 praetentus
959 2114 1014 2153 non
1026 2113 1087 2152 suc-

123 2181 206 2240 cedit.
240 2181 324 2255 pedes
344 2180 423 2252 lecti,
445 2183 473 2236 in
493 2196 548 2254 quo
570 2179 662 2249 cubat,
683 2179 742 2236 luto
759 2183 832 2235 tenui
846 2181 1012 2236 circumlitos
1028 2196 1088 2236 esse

124 2273 252 2339 oportet,
282 2262 364 2320 etde
385 2281 418 2320 eo
438 2265 511 2321 lecto
532 2266 690 2319 trinoctium
710 2265 867 2319 continuum
887 2280 943 2319 non
963 2262 1088 2334 decubet,

123 2365 215 2423 neque
233 2350 261 2404 ln
282 2364 315 2405 eo
336 2348 409 2404 lecto
430 2348 527 2405 cubare
549 2347 631 2403 aliurn
652 2348 691 2402 las
711 2354 768 2416 est;
789 2343 918 2421 denique⁴
939 2346 1010 2420 apud
1031 2348 1089 2402 eius

122 2433 188 2489 lecti
214 2432 333 2489 fulcrum
358 2433 494 2506 capsulam
518 2448 578 2487 esse
599 2448 660 2487 enm
680 2441 756 2488 strue
775 2439 855 2505 atque
877 2431 948 2488 lerto
969 2438 1088 2505 oportet.

123 2518 259 2591 unguium
273 2516 351 2571 llialis
366 2522 394 2571 et
408 2517 497 2590 capilli
512 2517 633 2588 segmine
649 2515 743 2572 subter
757 2514 880 2572 arborem
897 2516 1001 2573 felicem
1017 2523 1089 2571 terra

124 2602 296 2676 operiuntur.
333 2600 412 2656 Dialis
434 2598 554 2674 quotidie
575 2599 689 2655 lestatns
709 2607 760 2655 est.
789 2601 849 2655 sine
869 2602 944 2673 apice
959 2598 1010 2655 sub
1025 2599 1088 2656 diuo

123 2700 187 2741 esse
200 2684 305 2741 licitum
320 2700 375 2739 nou
390 2690 442 2742 εει.
472 2683 609 2739 subtecto
624 2684 666 2739 utl
679 2684 783 2749 liceret,
803 2700 859 2739 non
873 2684 976 2757 pridem
991 2700 1006 2738 a
1020 2700 1088 2756 pon·

124 2767 244 2825 tilicibus
266 2768 463 2839 constitutum,
484 2766 617 2823 Masurius
632 2766 747 2823 Sabinus
762 2769 886 2842 scripsit,
902 2776 929 2823 et
943 2767 993 2823 alla
1009 2784 1090 2841 quae·

124 2852 186 2909 dam
212 2854 325 2909 remissa
352 2854 492 2926 gratiaque
517 2851 623 2925 aliquot
647 2851 868 2908 caerimoniarum
893 2852 962 2908 lacta
981 2851 1088 2909 dicitur.

124 2935 250 2993 Farinam
265 2936 401 2993 fermento
415 2935 544 2993 imbutam
559 2938 695 3010 attingere
709 2937 734 2993 ei
748 2936 788 2992 las
803 2943 919 2993 nonest.
944 2938 1035 2993 tunica
1049 2938 1091 2992 in·

127 3022 201 3093 tima,
217 3022 270 3077 nisi
285 3022 314 3076 in
328 3019 397 3079 loeis
412 3020 501 3085 tectis,
516 3036 572 3076 non
586 3023 662 3076 enuit
676 3037 715 3084 se,
731 3015 788 3097 (ne)
804 3020 855 3076 sub
870 3020 948 3076 coelo
963 3031 1091 3094 tanquam

200 3176 221 3243 ²)
228 3184 310 3242 puto:
319 3178 529 3241 iurispontifica'i‚
539 3178 584 3241 qui
591 3177 654 3227 libri
661 3178 719 3226 item
725 3177 848 3240 deinceps
855 3176 1018 3241 intellipendi
1022 3184 1091 3235 eunt,

128 3247 172 3298 ubi
179 3250 249 3299 aliua
263 3250 355 3299 titulun
368 3250 579 3311 adscripturum
589 3255 634 3297 est.
660 3244 681 3312 ²)
697 3246 755 3298 Non
764 3249 858 3307 omnia,
868 3255 1092 3312 praesequantur,

127 3332 162 3368 ere
177 3318 257 3370 Fabio
276 3320 411 3383 desumpta
424 3333 491 3377 esse,
506 3320 596 3382 polam
609 3326 655 3369 εει.
690 3313 835 3383 ³)detonsct
849 3317 907 3367 edd.
940 3315 962 3382 ⁴)
976 3317 1093 3381 Scripei‚·

128 3402 203 3453 oeque
217 3397 279 3441 onte
293 3390 365 3440 aliurn
379 3392 469 3440 addito
484 3404 513 3438 ne
529 3390 608 3454 (quod
617 3389 758 3455 sepitionem
772 3399 797 3442 et
814 3394 937 3439 mutatum
950 3401 985 3436 eac
999 3389 1029 3437 de
1038 3402 1094 3437 esee

128 3461 241 3577 zeletur)
257 3461 320 3511 cdd.
335 3458 439 3529 ne[qne]
454 3461 526 3510 elium
539 3462 575 3510 las
590 3468 628 3511 est
641 3474 719 3523 neque
733 3470 824 3525 aput..
836 3459 914 3519 ‚aput
928 3457 981 3507 eins
995 3466 1042 3510 etc.
1053 3458 1094 3508 ed.

156 3538 217 3582 ertz.

844 3613 882 3665 1*
