2542 3909
351 212 409 247 uos.
428 211 468 247 en.
488 212 547 247 non.
566 210 656 247 nnovu
675 209 781 247 oocnnr.
800 192 847 246 IV.
867 198 892 246 4.
1037 194 1100 259 659

147 348 271 397 ramento
287 348 400 414 rogatus
415 347 457 396 est
472 340 503 395 ad
520 340 655 413 gladium,
666 340 721 396 *uel
737 342 814 396 etiam
829 339 921 409 illum,
945 341 991 413 qni
1007 355 1103 412 operas

148 442 226 493 suas,
249 431 280 480 ut
301 440 361 481 cum
384 423 476 481 bestiis
499 432 648 498 pugnaret,
670 419 792 481 locauit}
836 421 864 482 3.
886 422 938 479 Sed
959 432 985 480 et
1004 424 1103 480 iudicio

149 507 257 582 publico
273 506 425 564 damnatum
447 508 510 565 licet
530 506 682 565 interficere
698 510 726 563 in
740 506 874 564 adulterio
895 507 1102 580 deprehensum,

149 592 194 649 uel
215 591 351 649 ’libertum
366 586 472 648 uxoris²
494 592 537 647 uel
553 609 631 649 suum
648 592 692 649 uel
707 584 884 665 ’paternum‚³
906 599 933 646 et
947 599 1002 647 tam
1018 593 1103 648 ciuem

148 677 296 733 Romanum
320 692 399 750 quam
421 676 558 731 Latinum:
580 676 645 749 ’qno
668 676 730 732 loco
753 684 780 730 ct
802 673 944 731 dediticius
965 670 1104 735 habetur.⁴

149 759 178 817 4.
203 760 255 816 Sed
271 768 298 815 et
312 761 395 834 patris
412 768 440 815 et
454 762 545 817 matris
561 768 588 815 ct
604 758 650 816 ulit
665 768 692 815 ct
707 758 777 815 tiliae
792 757 917 815 libertum
940 761 1106 831 permittitur

151 844 282 901 occidere.
318 842 347 900 5.
363 843 448 899 [lebet
462 852 549 900 autem
565 843 689 918 profiteri
711 834 826 921 ’(νεηι)5
848 842 918 916 apud
933 858 1005 913 eum,
1028 845 1105 898 cuius

151 928 301 984 iurisdictio
317 936 359 983 est
374 943 406 983 eo
423 928 494 998 loco,
510 927 555 983 ubi
567 928 675 999 occidit,
691 934 718 982 ct
732 942 844 982 uxorem
860 927 1003 985 dimittere.
1027 925 1105 993 Quod

151 1014 173 1069 si
195 1028 250 1068 non
274 1011 385 1080 lecerit,
412 1013 520 1085 impune
542 1027 596 1067 non
624 1002 800 1067 'interiecit⁰
848 1006 877 1067 6.
900 1009 1041 1066 Sciendum
1065 1020 1107 1066 est

151 1105 257 1166 autem,
280 1095 372 1150 diuum
388 1094 503 1150 Marcum
519 1103 546 1149 et
562 1094 737 1151 Commodum
752 1094 939 1167 rescripsisse,
962 1109 1039 1162 eum,
1061 1096 1107 1166 qni

151 1172 315 1235 adulterum⁷
332 1178 441 1235 vinlicite
455 1179 636 1249 interfecerit,
659 1179 756 1235 leuiori
769 1194 856 1251 poena
874 1178 972 1251 puniri.
1011 1176 1108 1233 Sedet

151 1262 263 1334 Magnus
279 1257 446 1318 Antoninus⁸
461 1263 582 1334 pepercit
597 1264 646 1332 eis,
669 1263 715 1335 qui
733 1260 872 1317 adulteros
893 1261 1048 1317 inconsulto
1064 1279 1108 1317 ca·

152 1347 210 1403 lore
226 1346 298 1402 ducti
315 1345 518 1402 interfecerunt.
554 1344 593 1399 Et
615 1346 759 1418 reliqua.

76 1431 136 1481 [aas]
215 1428 279 1502 llap.
301 1428 342 1487 lV.
391 1427 480 1483 ldem
508 1428 633 1484 Paulus
662 1428 781 1485 eodem
809 1427 902 1484 libro
932 1429 1108 1503 singulari

153 1522 186 1571 et
207 1511 325 1569 titulo.
362 1510 387 1571 t.
412 1510 462 1579 Qui
484 1514 543 1567 iure
566 1514 654 1569 mariti
676 1512 720 1569 uel
743 1506 847 1585 patris⁹
870 1520 993 1584 accusat,
1017 1519 1109 1586 potest

153 1605 181 1655 et
204 1598 261 1653 sine
286 1596 433 1653 calumniae
456 1612 541 1669 poeno
566 1597 651 1652 uinci:
679 1590 737 1653 si¹⁰
758 1598 817 1652 iure
845 1598 963 1653 extranei
992 1606 1108 1668 accusat,

152 1687 245 1755 potest
260 1680 405 1738 calumniae
420 1696 506 1753 poena
519 1682 621 1753 puniri;
637 1680 685 1735 sed
702 1688 803 1736 tantum
816 1689 879 1754 post
890 1681 959 1737 duos
975 1675 1109 1737 menses¹¹

228 1854 247 1921 ¹)
262 1856 316 1907 Hic
330 1855 361 1908 ob
376 1848 588 1923 ὁμοιοτὲλευτον
600 1858 660 1920 sere
674 1857 818 1906 exciderit:
831 1857 901 1920 quiue
916 1857 969 1905 leno
985 1858 1028 1906 luit
1039 1858 1109 1922 quine

153 1935 228 1977 artem
243 1927 357 1975 ludicram
373 1926 427 1975 antd
441 1928 505 1989 lecit,
520 1928 575 1975 inne
590 1942 685 1976 socnam
701 1927 802 1976 saltandi
817 1927 956 1976 contendine
971 1942 1043 1976 causa
1053 1943 1110 1991 pro·

154 1999 205 2063 diit.
237 1998 274 2061 Cf.
290 1998 322 2045 L.
337 2009 364 2047 nt
373 2012 417 2059 pr.
433 1997 464 2045 D.
480 1998 504 2045 lt.
520 2004 536 2046 t.
596 1994 769 2062 ⁹)Hicraullo
784 1998 954 2047 modoomitta‘
963 1999 1058 2059 potuit,
1074 1999 1109 2061 of.

153 2068 185 2119 L.
201 2080 234 2119 24.
250 2070 292 2120 cit.
313 2069 383 2117 etiam
403 2067 444 2117 Vi.
463 2068 599 2117 libertinum
612 2066 644 2117 B.
664 2068 709 2117 Ve.
724 2068 782 2116 edd.
801 2068 849 2118 loc
865 2067 965 2129 factum
984 2082 1019 2116 ex
1038 2068 1111 2117 liber·

153 2147 203 2187 tum
218 2152 256 2187 ux.
312 2134 333 2202 8)
349 2139 366 2187 ι’,
382 2153 403 2187 e.
415 2139 503 2201 patris
517 2140 610 2188 uxoris
624 2140 664 2187 uel
676 2140 719 2187 sui
732 2139 867 2187 demortui.
928 2135 949 2201 ⁴)
964 2136 1030 2186 Eum
1045 2140 1111 2187 euim

154 2212 198 2258 leae
212 2209 283 2257 Iulia
301 2209 412 2257 nondum
431 2216 552 2264 uouerat:
572 2209 619 2257 aed
636 2224 671 2257 ex
684 2210 811 2257 sententia
825 2210 880 2258 eius
894 2215 940 2257 aut
959 2210 1023 2257 ciuis
1038 2208 1110 2259 Rom.

154 2286 199 2328 aut
219 2279 311 2328 Latini
330 2281 386 2329 loeo
405 2278 537 2327 habendus
555 2285 624 2337 erat,
644 2279 678 2342 af.
696 2279 753 2328 (dai.
768 2291 794 2337 a,
810 2290 905 2330 tt-to.
933 2277 995 2327 cad.
1014 2286 1039 2327 et
1052 2280 1110 2331 edd.

155 2350 219 2399 llaec
234 2348 312 2399 uerba
326 2350 410 2411 inepte
424 2349 461 2398 ad
474 2351 568 2398 calcem
578 2352 601 2410 ξ.
611 2362 633 2399 4.
648 2351 802 2407 reiecerunt,
818 2350 884 2397 uude
898 2348 949 2398 huc
962 2351 1111 2399 reuocanda

155 2426 239 2469 crant.
286 2417 307 2485 ⁶)
323 2419 381 2468 Hoc
396 2420 495 2468 excidit
509 2420 539 2469 od
554 2421 758 2469 antecedens—ri.
785 2420 823 2483 Of.
835 2416 970 2468 ‘testandae
980 2420 1015 2468 rei
1026 2418 1116 2477 oausa’,

156 2491 188 2539 L.
203 2500 229 2541 25
239 2506 282 2553 pr.
303 2490 335 2539 D.
355 2490 379 2538 t.
400 2499 417 2538 t.
438 2490 511 2552 iufra
529 2506 551 2539 c.
571 2501 604 2539 12.
627 2493 649 2551 ἓ.
664 2501 685 2541 5.
759 2487 840 2555 ⁸)Ea
857 2488 926 2540 Saul.
948 2492 980 2553 ej.
1000 2490 1112 2539 interficit

158 2561 220 2609 aad.
235 2561 293 2610 edd.
345 2556 366 2625 7)
380 2559 420 2608 Dc
434 2560 556 2609 adultera
570 2576 639 2610 nunc
653 2562 768 2625 loquitur
782 2561 813 2609 L.
825 2572 858 2611 38.
874 2562 896 2621 ἓ.
907 2572 927 2611 8.
947 2561 980 2609 I).
991 2561 1015 2609 lt.
1026 2568 1052 2620 t.,
1066 2562 1113 2611 sed

157 2630 193 2679 itt
207 2631 340 2695 legendum
354 2631 457 2679 uidetur
471 2632 551 2679 tenoris
570 2632 593 2679 in
614 2631 730 2680 adulterio
750 2632 931 2695 deprehensum.
997 2629 1019 2696 8)
1034 2632 1062 2680 Is
1075 2639 1113 2681 eat

158 2702 322 2763 Caracallum,
342 2702 445 2765 eiusque
464 2702 565 2750 uidetur
584 2716 639 2751 esse
659 2702 690 2750 L.
705 2714 726 2751 4.
751 2702 776 2750 0.
791 2702 815 2750 lt.
830 2709 848 2752 t.
864 2700 900 2767 (a,
915 2700 938 2767 9)
958 2704 1113 2765 rescriptum

157 2774 223 2833 item,
239 2779 266 2820 ut
276 2772 308 2821 L.
319 2782 339 2821 a.
351 2770 383 2819 tt.
400 2771 505 2821 Iuliano
515 2773 611 2829 datum,
622 2773 691 2836 puori
699 2788 768 2821 nunc
778 2772 933 2822 Alexandro
943 2774 1112 2823 adscribitur.

157 2840 179 2907 ⁹)
194 2842 225 2889 B.
240 2842 283 2891 liic
297 2844 390 2904 repetit
403 2842 452 2905 qui,
467 2843 534 2891 uude
551 2842 674 2892 Pithoeus
688 2843 724 2901 id,
738 2843 807 2906 quod
820 2841 1022 2892 cmissatum
1038 2845 1112 2893 initio

156 2912 258 2973 ludent,
273 2913 364 2961 omisit.
432 2909 465 2977 10)
480 2912 550 2961 Idem
560 2920 639 2975 poter
654 2916 693 2961 uel
707 2914 822 2961 maritus.
885 2909 918 2975 ¹¹)
935 2913 1045 2963 Priores
1058 2914 1112 2962 edi·

157 2990 226 3031 tores
236 2982 278 3031 leia
288 2983 425 3044 periodum
435 2997 574 3045 perperam
584 2984 718 3044 finierunt,
728 2981 769 3031 Bl.
780 2983 855 3031 etiam
866 2984 888 3043 ξ.
900 2995 928 3039 1.,
940 2983 1009 3046 quod
1017 2984 1113 3045 effecit,

84 3058 90 3071 ’
158 3059 185 3100 ut
199 3059 251 3101 tota
265 3055 391 3102 scatentia
406 3068 456 3103 uou
471 3055 668 3117 intelliperetur.
692 3052 877 3101 Accusator-em
887 3058 976 3100 tantum
987 3060 1042 3114 post
1052 3053 1112 3102 duos

157 3136 252 3171 menses
267 3124 410 3173 calumniae
425 3139 504 3173 causa
519 3126 624 3187 puniri,
644 3124 692 3173 luae
707 3123 784 3171 niatu·
797 3137 864 3179 esse,
884 3137 955 3171 nemo
970 3137 1020 3172 nou
1035 3124 1112 3173 uidet.

156 3191 210 3242 Sed
223 3192 332 3242 Paullus
346 3194 394 3243 ltoc
409 3194 481 3251 dicit,
496 3196 615 3243 maritum
629 3196 668 3243 uel
678 3201 780 3256 patrem
793 3194 894 3241 exactis
909 3191 1007 3241 duobus
1022 3196 1112 3243 mensi·

157 3264 212 3322 bus,
227 3263 326 3329 quidus,
337 3265 452 3313 eacclusis
461 3266 530 3323 aliis,
541 3266 653 3328 proprio
668 3265 725 3313 iure
735 3270 868 3321 accusant,
883 3264 954 3311 intra
963 3265 1030 3313 alios
1040 3271 1113 3327 quat·

157 3342 217 3385 tuor
231 3348 328 3384 meuses
343 3336 401 3383 iure
414 3336 535 3383 extranei
549 3350 674 3385 accusare
684 3348 769 3397 posse.
794 3332 845 3399 (Cf.
857 3333 888 3381 L.
900 3346 933 3383 11.
948 3335 971 3394 §.
980 3345 1000 3384 6.
1016 3334 1048 3382 Ι).
1060 3334 1083 3382 i.
1095 3341 1112 3383 t.

157 3405 215 3473 etc.)
245 3405 385 3468 Proprium
404 3419 465 3454 uero
485 3411 572 3455 eorum
594 3408 635 3455 ius
654 3407 763 3454 maxime
781 3405 899 3453 consistit
920 3406 947 3452 in
969 3406 1113 3453 calaernniae

157 3477 316 3539 impunitate,
332 3490 405 3538 quam
416 3482 508 3538 postea
522 3483 675 3524 accusantes
684 3477 816 3530 amittuut;
831 3476 866 3538 cf.
877 3475 909 3524 L.
919 3486 953 3526 att.
969 3477 991 3537 ἕ.
1003 3489 1023 3526 t.
1038 3475 1071 3524 D.
1082 3476 1114 3524 de

156 3548 248 3597 minor.
265 3544 297 3612 (t,
311 3542 343 3608 4).
358 3545 390 3594 L.
405 3556 425 3595 a.
448 3545 472 3593 0.
487 3546 512 3594 ll.
527 3552 544 3594 t.
559 3544 591 3610 (9,
606 3544 641 3610 e);
661 3546 728 3594 unde
742 3552 863 3608 apparet,
879 3561 944 3610 quae
959 3547 990 3595 L.
1006 3558 1038 3598 14.
1055 3548 1077 3609 ἓ.
1092 3558 1112 3597 o.

845 3634 900 3687 42*
