2542 3909
307 202 365 237 vsu.
379 202 483 237 crrvso.
498 202 583 238 mnne.
597 201 780 239 consvnnunno.
794 183 839 239 IX.
855 190 932 245 6-8.
1032 186 1091 253 857

186 338 257 387 tasse
277 332 444 401 constiterit,
460 340 552 387 rector
573 332 728 405 prouinciae
743 332 876 403 bominis,
899 333 945 407 qui
961 349 1010 390 nec
1025 336 1095 408 paci·

185 414 276 471 scendi
298 430 349 470 nee
363 413 537 488 colloquendi
559 414 592 470 de
606 418 719 487 negotio
736 414 914 472 substantiam
929 416 1031 484 babuit,
1048 419 1096 473 im·

135 563 138 569 ¹
184 496 340 571 pudentiam
361 505 544 569 summoueat,
565 498 696 572 reddique
711 499 805 570 lactat,
828 500 956 573 quicquid
971 500 1097 557 claruerit

184 588 358 653 usurpatum:
373 597 424 637 nec
437 580 604 655 impudentia
618 579 747 652 uindicet,
769 582 842 655 quod
858 584 1007 640 concedere
1022 584 1097 657 leges

185 672 212 719 et
227 664 285 719 iura
300 680 355 721 non
370 672 501 737 possunt:
518 666 630 722 maxime
649 682 708 721 cum
724 681 867 736 memores,
888 661 961 722 'nec¹
976 683 991 723 a
1013 670 1097 741 prima

184 749 322 820 pactione,
340 764 408 820 quae
422 747 599 806 substantiam
619 764 675 805 non
690 748 818 818 habebat,
840 748 958 807 secunda
978 766 1096 807 conuen-

138 838 142 845 '
185 832 258 888 tione
274 831 431 900 discessum,
445 831 503 888 'sed
518 827 617 889 etiarn²
628 833 745 888 inaniter
756 826 855 907 ’lres)³
867 832 1009 904 resedisse,
1023 834 1097 907 quod

186 930 241 970 non
255 916 307 971 iarn
319 916 419 989 pacilo,
434 916 482 971 sed
496 916 625 989 quaedam
638 916 807 988 usurpaticils
819 932 874 972 non
887 915 1096 974 subsistentibus

185 999 272 1054 causis
297 996 484 1056 immoderatio
509 999 648 1057 doceatur.
689 1000 746 1055 ilat.
762 998 804 1055 lll.
820 998 925 1055 kalend.
947 1001 1017 1073 Aug.
1042 1000 1095 1057 lle·

185 1080 295 1152 diolani,
310 1083 377 1155 ipsis
392 1083 448 1139 Au.
464 1098 535 1139 coss.

228 1161 257 1222 6.
274 1164 358 1239 impp.
370 1165 465 1222 Valens
478 1174 506 1221 et
517 1164 717 1221 Valentinianus
729 1167 784 1222 An.
797 1165 944 1239 impellas.
971 1166 1016 1236 Ea,
1029 1183 1096 1240 quae

185 1249 298 1306 heredes
326 1251 397 1305 inter
431 1264 461 1305 se
488 1250 671 1305 transactione
697 1250 858 1321 interposita
885 1252 1097 1323 composuerint,

185 1330 260 1387 firma
275 1331 430 1405 illibataque
451 1332 673 1405 perseuerabunt.
710 1331 743 1388 Et
762 1332 824 1389 ideo
846 1332 995 1390 secundum
1017 1332 1097 1390 tidem

186 1417 359 1473 instrumenti
384 1425 541 1489 competens
568 1414 617 1471 tibi
644 1417 735 1490 portio
762 1431 776 1470 a
804 1415 1008 1489 possessoribus
1037 1434 1097 1474 cum

186 1498 318 1556 fructibus
333 1500 494 1558 restituetur
508 1514 557 1573 per
571 1500 660 1555 uirum
685 1499 860 1555 clarissimum
878 1495 1098 1573 ’proconsulem4

185 1582 299 1655 siricae,
316 1584 428 1641 amicum
442 1593 583 1655 nostrum,
604 1582 657 1641 lide
673 1591 813 1658 gestorum
829 1577 952 1657 diligenti
968 1585 1097 1641 examina·

187 1667 261 1723 tione
276 1666 459 1741 comprobata.
495 1667 552 1725 liat.
567 1666 612 1724 ttl.
628 1682 694 1728 non.
709 1666 759 1723 lul.
777 1666 890 1734 Sirmio,
907 1668 970 1724 diuo
987 1668 1098 1726 louiano

186 1757 214 1805 et
229 1749 340 1805 Varron.
357 1744 445 1805 coss.⁶

228 1826 254 1886 t.
276 1832 360 1904 lmpp.
376 1831 552 1892 Valentinian.
568 1841 596 1887 et
610 1831 706 1888 Valens
721 1832 775 1887 An.
789 1830 870 1888 Felici
886 1831 1021 1889 consulari
1037 1833 1098 1889 ’Ma-

187 1907 339 1969 cedoniae.⁶
380 1914 475 1971 lnter
497 1924 614 1991 cetera
636 1923 670 1971 et
691 1914 729 1969 ad
751 1913 877 1970 locum:
900 1912 927 1970 Si
954 1916 1098 1973 seruilibus

187 1997 371 2053 contuberniis
386 2014 447 2054 sese
461 1998 588 2054 mulieres
611 1996 746 2071 quondam
767 1998 900 2071 ingenuae
920 1997 1097 2070 subdiderint,
1172 1998 1174 2003 ’

187 2089 213 2137 et
228 2097 301 2138 nunc
320 2090 525 2138 contemnentes
541 2081 679 2137 dominnm
695 2082 806 2137 minoris
823 2082 932 2151 aetatis,
956 2085 1098 2139 seruitutis

186 2165 279 2237 iugum
301 2173 434 2222 conantur
455 2164 592 2237 elingere,
614 2166 734 2239 grauitas
757 2172 803 2219 tua
830 2164 887 2235 bis,
914 2158 1013 2238 'quae⁷
1040 2182 1097 2224 ser-

188 2248 266 2304 uilem
295 2247 479 2305 condicionem
508 2264 563 2305 non
590 2250 681 2305 statim
708 2249 735 2303 ln
763 2249 828 2321 ipsis
850 2243 1098 2305 ’coniunctionum⁸

187 2331 342 2405 primordiis
364 2327 552 2405 reingernut‚⁹
573 2332 761 2390 necessitatem
784 2330 938 2387 subeundae
956 2334 1099 2389 seruitutis

187 2416 317 2489 imponat.
365 2414 421 2471 liat.
442 2415 505 2470 lllV.
535 2415 640 2472 kalend.
670 2417 740 2488 Aug.
768 2412 926 2485 Mediolani,
953 2415 1019 2488 ipsis
1044 2416 1097 2473 An.

187 2515 257 2557 coss.

228 2580 258 2639 8.
280 2580 318 2638 Ex
333 2597 449 2655 corpore
465 2581 648 2656 Gregorinno:

190 2658 285 2740 ¹⁰lmp.
308 2666 462 2722 Antoninus
474 2666 515 2721 Ἀ.
538 2663 675 2723 Priscinno
697 2664 785 2723 militi.
835 2663 943 2723 Summa
964 2668 1099 2725 sententia

188 2750 391 2827 comprehensa,
407 2765 497 2821 quam,
512 2750 682 2806 cessantibus
696 2748 868 2806 curatoribus
884 2749 1019 2824 quondam
1036 2753 1098 2821 tuis,

188 2835 267 2891 iudex
281 2843 391 2891 secutus
411 2832 582 2889 iurisiurandi
602 2841 660 2889 ate
677 2832 773 2906 perlati
794 2832 971 2907 religionem,
991 2834 1019 2889 in
1035 2850 1099 2890 eon·

219 3024 239 3093 ¹)
255 3028 373 3078 Fueriein
390 3044 413 3077 rn
427 3030 444 3077 i.
454 3044 476 3078 e.
491 3043 537 3079 nou
548 3026 627 3077 modo.
675 3020 696 3090 ²)
707 3032 730 3074 et
742 3025 859 3089 Gotdofr.
908 3021 1099 3091 ⁸)Genrinondo

145 3098 227 3146 restit.
278 3097 300 3164 ⁴)
314 3099 357 3148 Ita
374 3098 491 3161 Gotdofr.
506 3096 700 3161 proconsularem
715 3096 772 3145 edd.
825 3093 845 3161 ⁶)
860 3107 943 3147 acon.
995 3094 1098 3163 ⁶)Con1·

144 3166 228 3229 paulae
244 3167 265 3216 I.
283 3168 400 3232 Gntdofr.
415 3172 442 3218 in
456 3168 488 3217 L.
503 3180 524 3221 o.
548 3168 592 3218 tu.
610 3167 636 3217 0.
652 3167 693 3215 ud.
707 3164 755 3215 SC.
773 3166 861 3215 Claud,
877 3165 908 3231 (4,
923 3166 953 3230 o).
1020 3166 1039 3234 ⁷)
1055 3168 1100 3218 Ean

144 3234 288 3303 Scdnltinp.
304 3242 336 3301 φ’.
352 3240 392 3303 qui
406 3240 463 3291 edd.
523 3236 544 3305 ⁸)
558 3237 701 3302 Scbnltinp.
717 3239 749 3299 ej.
764 3238 954 3287 couiunctiouem
970 3238 1027 3290 edd.
1042 3254 1098 3289 cou-

145 3308 273 3356 iunctionis
290 3309 407 3371 Gotbofr.
471 3306 494 3374 ⁹)
505 3308 673 3372 paciscendo,
688 3314 716 3357 ut
729 3306 826 3357 liberae
840 3315 972 3357 monerent
986 3306 1031 3373 (cf.
1047 3317 1099 3361 not.

144 3378 182 3427 ad
201 3377 257 3426 Gai.
273 3391 293 3437 1,
307 3390 341 3430 oe.
366 3380 442 3428 Paul.
457 3378 485 3430 S,
500 3380 531 3429 R.
546 3392 572 3437 4,
587 3390 620 3431 ιο.
635 3380 658 3441 ἓ.
674 3375 719 3443 i.);
739 3378 805 3427 unde
825 3378 875 3428 lom
894 3386 1015 3441 apparet,
1036 3380 1100 3443 quid

144 3449 288 3507 attinuerit,
302 3449 370 3499 banc
384 3451 590 3499 constitutionem
603 3450 646 3499 bic
660 3448 817 3499 subnectere.
877 3444 910 3515 ¹⁰)
925 3448 956 3497 L.
973 3462 992 3499 1.
1011 3449 1055 3500 Gr.
1072 3450 1098 3500 0.

145 3520 177 3569 de
191 3526 314 3569 transeut.
330 3519 361 3585 (1,
376 3521 411 3585 ιι)
422 3536 450 3583 p.
465 3531 485 3571 o.
500 3519 585 3571 Hoen.
608 3520 646 3583 Cf.
662 3518 694 3569 L.
709 3530 729 3571 5.
752 3520 777 3570 0.
792 3520 823 3569 de
838 3520 865 3569 in
880 3521 917 3569 lit.
933 3522 983 3569 tur.
999 3519 1034 3586 (o,
1053 3520 1098 3588 oo).
