2542 3909
434 246 600 282 3111133333.
620 228 667 282 IV.
688 233 836 283 122-124.
1029 226 1093 293 387

140 373 207 437 122.
231 377 376 434 Dilatoriee
404 383 467 433 sunt
494 378 682 450 exceptiones,
709 392 778 450 quae
806 374 838 431 ad
862 383 968 449 tempus
993 375 1095 447 ualent,

138 462 225 519 ueluti
240 461 314 517 illius
329 462 399 535 pacti
415 461 549 528 conventi,
572 459 645 533 quod
668 458 767 516 iactum
787 467 830 517 est
852 459 928 517 uerbi
949 460 1046 534 gretia,
1060 474 1096 515 ne

139 548 209 603 intra
225 546 438 619 quinquennium
460 551 615 617 peteretur3
639 541 716 599 linito
730 545 802 600 enim
819 561 853 601 eo
876 552 997 617 tempore
1015 538 1021 615 Ι
1039 551 1165 601 nocito.

139 628 220 686 habet
242 629 332 687 locum
348 630 480 701 exceptio.
521 629 564 685 cul
585 627 679 683 similis
693 628 816 701 excepiio
836 635 878 684 est
900 628 954 685 litis
970 627 1097 685 diuituae

139 722 167 769 et
188 714 229 771 rel
244 712 383 769 residuam
406 728 466 767 nem
482 712 505 767 si
521 713 582 785 quis
597 719 702 785 partem
717 713 757 769 rei
773 713 880 785 petierit
895 719 924 769 et
938 712 1009 768 intra
1024 713 1097 768 eius·

138 796 199 853 dem
216 805 368 871 praeturam
384 797 514 869 reliquom
536 803 640 868 partem
661 802 750 868 petat,
771 796 820 851 trec
842 797 1002 870 exceptione
1022 812 1097 851 smn-

139 888 282 951 mouetur,
304 895 372 953 quae
387 879 540 953 appellatur
555 879 609 935 litis
624 878 764 939 diditione:
787 880 851 935 item
866 880 889 935 sl
911 880 951 949 is,
973 881 1018 952 qui
1034 896 1096 936 cum

139 964 233 1021 eodem
248 964 340 1038 plures
361 963 422 1019 lites
438 962 566 1033 habehat,
589 962 622 1019 de
638 961 797 1037 quibusdam
812 964 914 1037 egerit,
934 963 967 1017 de
983 962 1095 1036 quibus-

139 1048 199 1105 dem
215 1048 364 1119 distulerit,
378 1054 409 1103 ut
424 1047 455 1103 ud
471 1047 539 1103 elios
554 1046 657 1103 iudices
672 1041 826 1119 'agantur,¹
850 1047 873 1101 si
886 1047 958 1102 intra
974 1045 1095 1102 eiusdem

5 1196 6 1199 Ἴ
138 1141 293 1205 praeturum
313 1131 347 1187 de
367 1131 418 1201 luis,
441 1147 508 1204 ques
530 1130 677 1207 distulerit,
700 1138 777 1204 aget,
799 1130 938 1203 perhanc
960 1132 1097 1203 exceptio·

5 1244 6 1251 ¹
68 1231 129 1283 [331]
140 1232 212 1287 nem,
228 1230 296 1290 quae
311 1215 461 1288 appelletur
476 1216 514 1271 rel
529 1213 664 1284 residuae,
678 1222 876 1271 commonetur.
915 1210 980 1271 12³.
997 1213 1096 1270 Obser-

5 1300 6 1303 ’
139 1300 256 1355 nendum
268 1307 310 1355 est
324 1307 414 1356 eutem
430 1300 465 1370 ei,
480 1300 524 1354 oui
536 1297 658 1354 dilatoria
670 1296 786 1353 obicitur
800 1299 934 1372 exceptio,
949 1306 980 1354 ut
992 1297 1095 1355 diilerat

139 1385 287 1447 notionem3
309 1383 428 1456 alioquin
450 1384 474 1439 si
496 1380 599 1439 obtecta
613 1383 774 1455 exceptione
796 1384 893 1457 egerit,
916 1399 974 1438 rem
990 1381 1094 1456 perdit;

139 1482 192 1523 nec
213 1467 282 1523 enim
297 1474 360 1541 post
382 1466 449 1523 illud
473 1474 593 1539 tempus,
618 1482 673 1539 quo
696 1466 846 1538 integrare
862 1460 979 1540 ’ieam)²
993 1468 1097 1523 euitare

138 1558 257 1624 poterat,
273 1551 361 1606 adhuc
375 1552 399 1607 ei
414 1558 536 1623 potestas
552 1548 652 1623 agendi
667 1558 792 1622 superest
814 1566 843 1607 re
857 1552 885 1607 in
900 1549 1026 1607 iudicium
1041 1549 1096 1605 'de-

139 1634 220 1691 ducto
236 1643 264 1691 et
279 1650 327 1707 per
342 1634 527 1707 exceptionem
543 1626 707 1707 peremptn.³
749 1628 812 1692 124
828 1634 886 1691 lton
901 1633 990 1690 solum
1006 1641 1095 1691 autem

139 1810 234 1865 pactum
257 1803 297 1852 ed.
320 1800 369 1867 Bp.
401 1799 455 1851 Sed
477 1808 572 1867 pentum
592 1808 629 1849 est
651 1816 703 1863 pro
723 1802 834 1850 conuenit
857 1803 929 1867 apud
947 1802 1024 1852 IOtae
1044 1817 1095 1853 non

137 1870 196 1933 lepi.
255 1863 276 1935 1)
291 1875 361 1929 egunt
373 1867 398 1920 G.
414 1875 469 1916 eunt
483 1869 515 1918 de
525 1868 624 1918 Bicltm
636 1872 670 1931 ej.
681 1869 721 1919 ed.
731 1868 779 1934 Bp.
790 1868 840 1920 Kr.
893 1866 1038 1934 ¹)Addidi.
1057 1868 1100 1919 Si·

136 1940 233 1988 militer
243 1938 283 1988 ed.
293 1938 341 2003 Bp.
352 1948 373 1990 t.
426 1934 447 2002 ⁸)
458 1938 573 1987 deductae
584 1946 706 2002 etpostea
716 1946 853 2003 peremptae
865 1938 891 1989 0.
910 1938 1023 1999 Quorum
1033 1940 1099 1988 litte·

138 2019 230 2054 rarum
244 2002 266 2069 (.
278 2041 284 2054 .
294 2019 320 2053 .e
336 2002 407 2071 ...e)
426 2005 501 2054 toties
520 2019 536 2053 a
555 2003 666 2054 librario
682 2004 753 2066 falso
763 2006 909 2067 positarum
924 2006 1097 2055 conservandi
1117 2058 1120 2064 ,

138 2075 225 2124 studio
235 2072 282 2140 Bp.
293 2075 333 2125 ed.
344 2084 364 2127 3.
384 2074 472 2137 abripi
484 2089 512 2123 33
518 2089 614 2137 pascue
628 2081 674 2132 eet,
688 2081 717 2123 ut
729 2075 929 2137 supptementum
938 2083 1000 2138 poet
1011 2090 1095 2138 super=

140 2154 177 2193 est
191 2146 347 2195 intercedendo
361 2145 454 2195 hacce:
477 2141 546 2193 ‘nam
560 2146 585 2195 si
598 2151 673 2209 apat,
688 2144 738 2194 nac
752 2146 903 2208 exceptione
916 2156 1096 2204 commonetur,

139 2230 205 2279 qnae
224 2218 371 2279 appellatur
390 2212 440 2264 rei'
462 2230 551 2264 nomen
575 2216 737 2277 exceptionis
756 2216 891 2264 induceret
909 2215 1054 2264 inauditum
1071 2223 1097 2265 et

135 2300 249 2349 prorsus
263 2286 388 2344 mirabile,
404 2286 497 2350 quippe
511 2301 528 2334 a
537 2300 564 2334 33
574 2287 631 2349 ipsa
642 2287 793 2350 appellatae.
818 2283 871 2334 Sed
877 2283 916 2350 (ut
926 2287 980 2334 alio
989 2284 1096 2352 mittam)

140 2372 171 2406 ne
181 2371 268 2405 oerum
279 2356 379 2420 quidem
389 2363 435 2415 est,
445 2370 496 2418 per
506 2358 682 2419 exceptionem
691 2357 733 2405 rei
742 2358 769 2404 in
785 2355 837 2405 iud.
848 2355 974 2406 deductae
984 2364 1097 2406 actorem

135 2428 295 2490 potissimum
309 2426 466 2483 submoueri;
479 2428 585 2489 saepius
597 2425 794 2476 summovebitur
807 2426 959 2490 exceptione
973 2424 1014 2476 rei
1028 2427 1097 2475 iudi·

140 2504 222 2547 catae.
253 2496 462 2547 Ceterumoerbie
476 2510 520 2561 per
533 2497 697 2560 exceptionem
714 2496 795 2546 Gaius
813 2504 903 2560 aperte
918 2498 1043 2562 intellepit
1056 2498 1096 2546 di·
1203 2516 1206 2519 ⁴

140 2568 261 2618 tatariam
270 2568 454 2631 exceptionem,
469 2582 534 2632 quae
544 2569 663 2631 opposita
672 2568 767 2631 effecit,
778 2574 806 2616 ut
815 2581 876 2617 reue
885 2566 984 2618 absolui
994 2568 1097 2617 deberet

140 2652 218 2701 eoque
233 2639 305 2688 moda
319 2653 362 2687 res
373 2638 556 2701 perimeretur,
571 2653 621 2687 non
636 2639 813 2702 exceptionem
826 2640 868 2688 rei
882 2639 908 2687 in
919 2639 1043 2688 iudicium
1053 2640 1097 2688 de·

139 2709 240 2758 ductae.

214 2852 240 2924 §.
256 2859 315 2908 122.
332 2856 370 2919 Cf.
386 2857 417 2906 L.
433 2868 452 2908 3.
468 2857 500 2906 D.
516 2857 548 2907 de
562 2872 618 2907 exc.
635 2855 813 2922 (1111113.
829 2854 850 2906 I.
866 2858 921 2907 eod.
938 2856 968 2921 (1,
989 2857 1032 2924 13).
1048 2860 1096 2909 litis

140 2923 262 2994 diuiduae]
278 2927 312 2989 cf.
323 2930 346 2989 5.
357 2938 390 2979 33.
406 2927 479 2991 infra
493 2929 516 2989 ὅ.
528 2938 574 2978 131.
590 2928 621 2976 L.
632 2939 667 2978 33.
682 2928 714 2977 D.
729 2928 762 2977 de
771 2935 908 2991 procurat.
924 2926 955 2993 (3,
969 2926 1000 2993 3).
1024 2930 1097 2979 Hine

138 2998 249 3047 maxime
264 3000 368 3047 multum
382 3000 516 3057 intererat,
531 2998 599 3062 qnod
612 3000 728 3062 placuit,
745 2999 770 3046 si
783 2999 841 3063 quis
860 3014 911 3047 nna
929 3000 1096 3061 stipulatione

139 3070 283 3131 complures
296 3083 339 3118 rec
352 3069 565 3131 stipulatorem,
580 3075 617 3118 tat
625 3069 805 3132 stipulationes
819 3083 873 3118 3333
883 3076 944 3133 quot
953 3083 1002 3118 res.
1019 3068 1050 3118 L.
1060 3080 1095 3119 33.

137 3138 171 3187 D.
186 3138 218 3188 de
236 3140 310 3189 euict.
326 3136 375 3205 (31,
390 3137 421 3206 s).
441 3138 472 3187 L.
488 3149 515 3190 33
525 3154 569 3203 pr.
588 3138 619 3187 L.
635 3151 669 3191 33.
689 3140 712 3201 §-
727 3150 748 3189 1.
768 3137 800 3187 L.
815 3150 850 3190 33.
868 3138 901 3188 Ι).
917 3140 949 3188 de
962 3138 1030 3188 verb.
1046 3139 1096 3188 abt.

138 3206 229 3275 (431).
253 3210 289 3259 rei
303 3206 426 3277 residuae]
447 3210 481 3273 cs.
496 3209 527 3259 L.
543 3221 576 3261 to.
598 3209 623 3259 C.
643 3210 675 3258 de
690 3209 768 3258 iudic.
784 3206 815 3273 (3,
830 3206 862 3274 1).
934 3205 960 3276 ᾗ.
977 3212 1034 3259 123.
1057 3209 1096 3272 Cf.

138 3279 174 3328 ad
187 3278 302 3330 Herenn.
317 3292 338 3339 1,
353 3291 386 3331 13.
402 3283 425 3342 ξ.
440 3291 474 3331 33.
496 3280 548 3330 Cic.
563 3280 595 3329 de
610 3281 660 3329 ino.
675 3292 696 3338 3,
712 3290 744 3331 13.
764 3280 806 3341 ἐξ.
820 3289 854 3330 tt.
869 3289 903 3331 tc.
925 3281 948 3340 §-
964 3291 998 3331 10.
1013 3280 1034 3328 I.
1051 3281 1095 3329 cit.

137 3365 195 3399 cnm
212 3348 321 3414 Tneopn.
382 3347 407 3419 §.
424 3354 482 3401 124.
499 3350 537 3413 Of.
548 3352 571 3412 ξ.
583 3353 628 3400 utt.
643 3350 664 3399 I.
680 3351 712 3400 de
726 3363 783 3399 exc.
800 3348 831 3415 (1,
845 3348 889 3416 13).
905 3349 936 3398 L.
952 3362 972 3401 3.
987 3352 1010 3412 ἐ.
1026 3362 1047 3401 1.
1062 3349 1094 3400 L.

136 3422 206 3483 sfin.
222 3421 254 3469 D.
270 3422 325 3471 eod.
341 3419 431 3487 (11,1).
449 3421 492 3471 Fr.
513 3421 571 3470 Vat.
586 3432 625 3472 333
639 3436 691 3485 seq.
715 3420 790 3470 Paul.
806 3433 826 3478 1,
841 3431 861 3470 3.
877 3422 916 3482 ἐξ.
934 3433 1002 3473 1-3.
1017 3420 1049 3470 L.
1060 3432 1094 3473 13.

137 3493 160 3553 §-
171 3502 190 3541 3.
207 3492 238 3541 D.
250 3492 364 3555 deprob.
375 3490 420 3558 (33,
435 3490 466 3558 s).
482 3492 518 3541 ad
525 3491 641 3541 Herenn.
656 3504 678 3551 3,
694 3502 727 3542 13.
742 3493 766 3552 5.
781 3502 815 3541 3ο.
834 3489 939 3551 Quintil.
955 3490 976 3540 I.
994 3490 1022 3542 0.
1038 3503 1058 3549 3,
1072 3503 1094 3543 3.

136 3563 161 3623 5.
177 3573 210 3613 xo.
226 3573 247 3621 1,
262 3574 282 3612 1.
298 3564 321 3623 §-
337 3575 357 3614 3.
373 3574 393 3622 x,
409 3574 428 3612 1.
444 3564 466 3625 ξ.
482 3574 507 3613 13
521 3577 571 3627 seq.

847 3646 902 3700 21*
