2542 3909
145 202 180 249 VI
520 198 728 247 PRAEFATIO.

144 352 246 433 sisse),
270 350 450 414 Antonium
465 348 701 433 Schultingium
725 352 860 432 secutus,
884 350 993 414 statim
1014 351 1049 415 in
1065 352 1103 414 ti-

144 435 212 498 tulo
241 435 344 518 operis
378 434 416 497 ad
447 434 729 515 iurisprudentiam
761 434 1042 498 anteiustinianam
1070 434 1104 497 id

145 518 248 582 retuli.
286 518 397 601 Itaque
413 517 510 580 etiam
526 517 612 581 ‘Divi
627 516 783 580 Hadriani
799 518 976 582 sententias
993 522 1025 582 et
1039 519 1104 601 epi-

146 602 267 684 stolas',
290 623 308 665 a
329 600 484 665 Dositheo
507 602 716 685 grammatico
737 600 831 665 nobis
854 605 1003 681 servatas,
1027 624 1104 685 quas

146 685 365 769 Schultingius
398 684 532 767 recepit,
568 685 760 749 omittendas
795 686 918 767 censui,
950 689 986 749 ut
1018 687 1104 749 enirn

145 770 248 853 ipsae,
282 772 438 852 quatenus
466 768 505 831 ad
534 769 583 832 ius
612 769 793 852 pertinent,
824 770 1104 833 constitutionibus

145 853 326 936 principum
353 853 421 917 sine
454 852 549 916 dubio
578 853 835 917 adnumerandae
858 856 947 932 sunt,
976 854 1023 917 ita
1044 875 1105 917 nec

147 937 334 1019 compositio
358 957 482 1017 earum,
505 957 567 1019 qua
589 935 760 1000 Dositheus
782 957 856 999 usus
879 940 944 1018 est,
973 939 1106 1001 aiuris

146 1021 290 1085 consulto
317 1020 460 1105 profecta
488 1020 538 1084 vel
560 1020 638 1083 iuris
661 1020 759 1084 studii
780 1022 987 1103 promovendi
1010 1043 1105 1086 causa

145 1105 231 1169 facta
254 1126 323 1168 esse
343 1104 477 1169 videtur.
522 1103 594 1169 Hoc
616 1104 701 1168 idem
723 1104 849 1187 quidem
872 1105 911 1168 de
935 1104 1103 1171 Codicibus

146 1188 345 1272 Gregoriano
368 1191 400 1251 εὴ
418 1187 679 1272 Hermogeniano
701 1188 763 1253 dici
784 1188 906 1271 nequit,
930 1210 968 1252 ex
991 1190 1104 1273 quibus

145 1274 241 1335 etiam
270 1270 459 1417 Visipothos
487 1293 567 1355 quae
596 1276 821 1355 excerpserunt
847 1273 1034 1336 interimis
1062 1274 1104 1337 ci-

145 1356 218 1419 vilis
241 1355 348 1420 scintil
363 1376 397 1419 as
418 1356 565 1421 retulisse
588 1358 664 1419 satis
679 1360 791 1420 notum
807 1359 865 1438 est,
888 1377 947 1421 nec
961 1357 1104 1439 profecto

145 1460 291 1523 peccasse
318 1438 396 1503 mihi
426 1439 563 1521 viderer,
594 1440 621 1503 si
649 1439 708 1503 hos
759 1460 861 1523 uoque
890 1440 1102 1524 admisissem3

145 1545 241 1607 quum
263 1528 386 1606 tamen,
403 1543 483 1606 quae
505 1544 590 1587 nunc
612 1544 651 1587 ex
672 1523 722 1587 his
737 1462 905 1589 bodicibus
925 1529 1104 1608 supersunt,

146 1629 184 1671 ex
211 1607 308 1670 meris
337 1606 619 1671 constitutionibus
641 1606 823 1690 principum
846 1608 1037 1687 consistant,
1065 1630 1104 1673 ex

145 1713 183 1755 ea
205 1691 340 1772 ratione,
364 1711 426 1774 qua
447 1712 533 1755 nuuc
557 1690 635 1755 iuris
659 1691 761 1755 civilis
775 1691 881 1756 fontes
895 1692 1057 1757 intuemur
1071 1697 1102 1757 et

144 1778 328 1857 tractamus,
351 1773 469 1837 rectius
491 1779 586 1857 atque
609 1775 784 1839 consultius
805 1775 911 1840 facere
931 1777 1103 1841 arbitratus

145 1880 224 1937 sum,
249 1858 275 1921 si
299 1879 351 1922 eos
374 1858 563 1922 omitterem.
601 1857 671 1923 Nec
691 1878 766 1923 vero
789 1860 874 1924 hauc
896 1862 1051 1924 rationem
1066 1881 1103 1924 eo

144 1942 324 2026 perducere,
347 1945 384 2006 ut
405 1942 501 2005 etiam
524 1942 669 2026 singulae
692 1943 945 2023 constitutiones,
969 1944 1103 2027 quaein

146 2026 341 2110 Oollatione,
368 2023 572 2108 Fragmentis
602 2025 771 2090 Vaticanis
801 2031 833 2091 et
859 2027 1103 2093 Consultatione

144 2110 360 2193 inveniuntur,
372 2109 545 2174 eiiciendae
556 2110 702 2194 fuissent,
717 2112 770 2174 vix
783 2115 840 2194 est,
852 2113 933 2195 quod
946 2133 1101 2176 moneam.

209 2194 283 2258 Alia
304 2216 342 2259 ex
363 2197 454 2278 parte
477 2198 580 2260 certos
601 2194 682 2261 fines
703 2196 781 2259 mihi
797 2196 1034 2278 praescribebat
1048 2196 1103 2260 illa

145 2280 277 2361 taxatio,
301 2300 381 2362 quae
403 2278 442 2342 ad
465 2279 513 2343 ius
529 2280 831 2344 anteiustinianeum
846 2280 929 2344 hano
945 2280 1103 2344 collectio·

145 2383 219 2426 nem
246 2363 470 2445 restringebat.
515 2362 727 2445 Quaecunque
753 2364 853 2445 igitur
874 2363 963 2424 libris
984 2362 1061 2423 iuris
1084 2385 1103 2424 a

144 2445 323 2509 Iustiniano
348 2444 502 2508 confectis
525 2444 739 2526 continentur,
761 2464 822 2507 nec
841 2445 903 2507 alia
925 2444 1048 2509 ratione
1065 2466 1104 2508 ex

146 2529 338 2611 antiquitate
361 2526 400 2591 ad
424 2548 481 2591 nos
504 2531 727 2610 pervenerunt,
750 2527 854 2591 aliena
876 2528 917 2592 ab
932 2527 993 2591 hcc
1008 2550 1103 2611 opere

145 2612 229 2675 duxi.
274 2610 368 2675 Hanc
393 2632 468 2675 vero
498 2611 654 2675 rationem
683 2611 766 2694 quod
792 2611 827 2675 iu
854 2614 981 2676 tantum
1001 2613 1101 2695 tenui,

144 2698 181 2759 ut
203 2696 299 2759 ctiam
322 2695 449 2778 singula
465 2694 670 2841 Dipestorum
692 2695 743 2759 vel
757 2694 1001 2761 Institutionum
1023 2696 1101 2777 loca,

144 2780 258 2863 quibus
290 2780 396 2843 manci
429 2779 480 2843 vel
527 2780 656 2843 acunosi
684 2779 757 2843 libri
783 2778 876 2843 huius
906 2778 1103 2844 collectionis

144 2863 280 2946 proprii,
314 2863 401 2927 velut
428 2861 561 2946 Ulpiani
589 2862 670 2927 liber
696 2863 868 2946 singularis
897 2862 1102 2947 Regularum,

145 2946 285 3010 eiusdem
314 2948 540 3012 Institutiones
574 2949 606 3010 ct
638 2946 740 3011 Paulli
770 2946 956 3012 Sententiae
987 2968 1022 3011 re
1044 2945 1104 3009 leri

143 3034 310 3113 poterant,
339 3033 371 3095 et
397 3032 516 3114 partim
547 3031 582 3094 in
617 3030 808 3095 editionibus
840 3031 955 3114 repleri
989 2969 1102 3110 solent,

143 3134 200 3177 suo
223 3114 301 3191 loco,
325 3115 429 3181 verbis
451 3115 530 3199 ipsis
552 3114 685 3195 omissis,
707 3117 832 3178 tantum
852 3115 1038 3196 indicarem,
1061 3114 1103 3196 id,

144 3198 257 3279 fatcor,
282 3198 375 3262 simul
398 3198 447 3262 vel
470 3199 567 3263 etiam
589 3198 693 3281 magis
717 3197 779 3261 alia
800 3200 839 3263 de
854 3220 958 3281 causa,
982 3198 1105 3263 scilicet

144 3285 181 3346 ut
209 3282 311 3365 spatio
341 3303 517 3365 parcerem,
546 3282 666 3346 factum
695 3284 758 3365 cst,
809 3284 993 3347 uamobrcm
1020 3283 1104 3348 idem

144 3366 328 3431 institutum
351 3366 448 3430 etiam
470 3366 504 3429 in
527 3364 577 3429 his
598 3365 678 3429 locis
693 3304 860 3450 custoiivi,
883 3388 962 3450 quae
979 3389 1018 3431 ex
1033 3367 1106 3431 aliis

143 3450 288 3533 partibus
316 3452 444 3514 nostrae
473 3449 670 3514 collectionis
698 3453 825 3515 servata
853 3455 944 3532 sunt,
976 3453 1012 3535 (u
1028 3456 1106 3535 puta
