2542 3909
189 196 229 252 52
527 202 553 237 u.
574 200 684 237 usumve
702 202 802 237 cresso.

187 330 239 386 lius
255 328 288 385 ad
303 327 452 386 custodiam
467 329 549 401 ignis,
565 336 592 384 et
607 329 726 385 sentiant
741 327 867 384 mulieres
881 328 910 382 iu
923 321 1013 402 (attis),
1027 335 1153 385 naturam

188 414 348 470 seminarum
364 428 470 469 omnem
485 413 635 469 castitatem
650 413 716 485 pati.

250 494 303 555 80.
327 496 404 565 Quod
419 498 542 569 sequitur
557 513 640 566 uero,
663 511 717 551 non
739 494 827 551 solnm
843 492 875 550 ad
889 494 1052 569 religionem
1066 498 1152 571 perti·

188 589 245 654 net,
260 582 307 639 sed
322 582 402 637 etiam
418 580 450 636 ad
460 581 577 636 ciuitatis
592 588 704 651 statum,
720 586 749 634 ut
761 581 819 635 sine
830 580 874 650 iis,
890 580 936 653 qui
947 582 1031 636 saeris
1043 579 1152 653 publice

187 667 325 740 praesint,
344 665 471 739 religioni
485 666 607 738 priuatae
621 665 688 720 satis
704 663 793 720 iacere
807 679 863 719 non
884 665 1006 737 possint3
1028 666 1152 720 continet

188 752 259 806 enim
273 766 330 805 rem
345 748 489 822 publicam,
509 748 624 805 consilio
641 755 668 804 et
683 748 844 804 auctoritate
859 748 1029 820 optimatium
1044 764 1170 821 semper·

187 834 318 908 populum
345 833 476 907 indigere.
514 831 717 905 descriptioque
743 830 915 889 sacerdotum
936 831 1041 888 nulium
1062 833 1152 888 iustae

187 918 327 992 religionis
350 933 438 991 genus
460 918 662 989 praetermittit.
697 932 759 970 nam
781 923 845 971 sunt
868 914 901 971 ad
923 915 1067 989 placandos
1082 916 1150 973 deos

140 1006 144 1016 ’
188 1000 233 1057 alii
247 1002 401 1073 constituti,
417 1002 463 1073 qui
476 1001 558 1056 sacris
567 1001 688 1073 praesint
699 998 885 1071 sollemnibus,
901 999 934 1055 ad
944 1000 1150 1073 interpretanda

187 1086 232 1143 alii
246 1085 383 1159 praedicta
399 1085 515 1156 uatium,
531 1101 619 1159 neque
634 1083 790 1154 multorum,
807 1100 841 1140 ne
855 1092 929 1140 esset
942 1082 1086 1156 inlinitum,
1102 1101 1151 1140 ne·

188 1186 241 1244 qne
258 1176 289 1224 ut
304 1185 335 1225 ea
350 1170 418 1242 ipsa,
440 1184 508 1241 quae
523 1175 650 1241 suscepta
664 1167 770 1242 publice
785 1176 893 1238 essent,
915 1168 1059 1242 quisquam
1074 1176 1152 1225 extra

187 1252 342 1326 conlegium
361 1259 465 1309 nosset.
499 1249 543 1311 81.
567 1254 710 1308 marimum
730 1258 820 1308 autem
842 1260 870 1308 et
888 1253 1150 1325 praestantissimum

186 1339 214 1393 in
236 1353 266 1393 re
287 1335 394 1410 publica
415 1337 458 1391 ius
480 1345 523 1393 est
544 1352 678 1411 angurum
700 1352 760 1392 cum
782 1337 943 1392 auctoritate
964 1338 1151 1393 coniunctum.

187 1436 275 1495 neque
291 1435 357 1476 uero
373 1420 436 1492 lroc,
456 1423 518 1494 quia
534 1437 592 1476 sum
608 1422 667 1494 ipse
681 1436 780 1494 augur,
800 1421 838 1476 ita
853 1421 953 1491 sentio,
967 1420 1016 1476 sed
1032 1423 1096 1494 quia
1110 1422 1152 1478 sic

187 1506 337 1562 existimare
360 1520 410 1561 nos
433 1511 475 1560 est
496 1521 617 1562 neeesse.
648 1504 713 1578 quid
728 1506 798 1560 enim
814 1506 899 1559 maius
918 1513 969 1574 est,
990 1506 1015 1560 si
1036 1504 1070 1561 de
1088 1507 1150 1561 iure

187 1590 351 1663 quaerimus,
373 1604 453 1662 quam
473 1604 583 1663 possea
599 1588 710 1643 summis
724 1589 844 1661 imperiis
858 1597 887 1645 et
900 1590 1012 1644 summis
1027 1597 1150 1662 potesta·

186 1671 258 1728 tibus
281 1672 433 1729 comitiatus
456 1681 484 1730 et
506 1672 618 1729 concilia
641 1672 687 1728 uel
700 1673 826 1727 instituta
840 1672 982 1729 demittere
997 1672 1043 1729 uel
1056 1672 1150 1730 habita

185 1754 356 1812 rescinderet
378 1755 442 1830 quid
458 1758 568 1831 grauius
584 1772 664 1829 quam
678 1772 735 1811 rem
750 1762 903 1830 susceptam
918 1757 1018 1830 dirimi,
1039 1758 1062 1813 si
1077 1774 1149 1814 unus

185 1856 274 1914 augur
289 1838 354 1896 ‘alto
371 1835 447 1915 (die)’
464 1840 579 1897 dixeriti
599 1840 664 1914 quid
679 1839 892 1912 magnificentius
907 1856 989 1912 quarn
1003 1857 1087 1916 posse
1100 1843 1150 1899 de·

185 1940 308 1996 cernere,
330 1931 361 1980 ut
382 1926 541 1999 magistratu
563 1940 593 1980 se
613 1923 737 1981 abdicent
751 1924 895 1981 consules?
916 1925 982 2000 quid
993 1925 1149 1999 religiosius

186 2024 266 2082 quam
280 2022 340 2064 oum
356 2008 472 2082 populo,
487 2025 547 2064 cum
560 2007 640 2083 plebe
652 2007 749 2083 agendi
760 2011 803 2063 ius
814 2015 861 2064 aut
872 2008 936 2065 dare
947 2017 994 2065 ant
1004 2026 1059 2067 non
1071 2010 1148 2085 dare,

166 2164 170 2171 ,
185 2091 250 2166 quid
264 2091 340 2166 leges
356 2108 410 2147 non
425 2093 484 2149 iure
499 2099 608 2166 rogatas
625 2092 733 2166 tollere,
748 2100 780 2148 ut
791 2092 886 2148 Titiam
901 2092 1011 2149 decreto
1026 2094 1149 2169 conlegi,

186 2184 216 2232 ut
226 2174 315 2232 linias
325 2176 439 2232 consilio
451 2176 575 2250 Philippi,
590 2175 711 2233 consulis
722 2183 750 2232 et
762 2178 884 2251 auguris,
901 2177 968 2233 nihil
979 2176 1061 2250 domi,
1079 2178 1149 2236 nihil

184 2261 291 2317 militiae
313 2276 363 2333 per
384 2262 556 2333 magistratus
576 2269 685 2335 gestum
705 2261 763 2316 sine
778 2276 872 2317 eorum
888 2262 1049 2318 auctoritate
1062 2278 1149 2336 posse

183 2346 307 2417 cuiqnam
322 2342 448 2417 probari?

246 2426 311 2483 liiii.
332 2422 379 2485 32.
401 2426 436 2486 A.
459 2429 527 2503 Age,
549 2430 601 2485 iam
622 2430 673 2485 ista
696 2427 776 2485 uideo
799 2429 943 2501 fateorque
963 2446 1024 2487 esse
1038 2446 1147 2505 magna,

183 2512 274 2568 setin
296 2511 423 2585 conlegio
446 2521 539 2570 uestro
561 2514 633 2569 inter
655 2510 807 2569 llarceiinm
830 2521 858 2570 et
879 2515 1005 2588 Appium,
1027 2516 1148 2589 optimos

184 2612 312 2670 augures,
335 2612 430 2670 magna
453 2596 585 2654 dissensio
609 2594 681 2671 (nam
704 2612 796 2652 eorum
819 2614 873 2671 ego
894 2600 922 2654 in
941 2598 1025 2655 libros
1040 2598 1146 2671 incidi),

183 2697 244 2737 cum
261 2678 339 2736 alteri
359 2679 464 2753 placeat
484 2682 602 2756 auspicia
619 2682 669 2737 ista
685 2681 718 2737 ad
733 2681 878 2738 utilitatem
893 2698 954 2738 esse
969 2682 1147 2757 reipublicae

183 2764 348 2838 composita,
376 2764 454 2821 alteri
482 2765 621 2838 disciplina
650 2773 739 2822 uestra
766 2767 842 2839 quasi
870 2766 984 2822 dininari
1005 2762 1146 2824 uideatur¹

182 2863 279 2922 posse:
295 2848 344 2904 hac
360 2856 389 2904 tu
403 2848 437 2905 de
452 2866 482 2905 re
498 2864 599 2922 quaero
615 2849 679 2922 quid
696 2850 804 2906 sentias.

246 2930 286 2988 M.
309 2931 421 3007 Egone?
443 2932 643 3003 diuinationem,
668 2949 747 3006 quam
769 2935 863 2991 Graeci
884 2925 1032 3010 μαντικήν
1053 2935 1146 3010 appel-

182 3016 250 3090 lant,
270 3032 329 3073 esse
344 3017 433 3072 sentio
449 3024 476 3072 et
492 3016 571 3071 iratius
587 3016 656 3073 lranc
669 3019 754 3090 ipsam
768 3027 883 3092 partem,
904 3036 973 3094 quae
989 3022 1073 3077 estin
1088 3022 1147 3076 aui·

182 3099 232 3156 bus
254 3101 409 3174 ceterisque
430 3101 516 3174 signis
536 3099 691 3173 disciplinae
710 3110 829 3162 nostrae.
867 3104 980 3159 sienim
1001 3104 1068 3160 deos
1082 3120 1145 3161 esse

183 3186 355 3241 concedimus
378 3199 527 3257 eorumque
549 3192 640 3241 mente
662 3186 790 3242 mundum
812 3188 871 3261 regi
892 3195 921 3243 et
935 3188 1145 3245 eosdemhomi·

181 3285 245 3324 num
266 3266 409 3325 consulere
431 3268 524 3342 generi
545 3277 572 3327 et
592 3286 674 3343 posse
694 3270 771 3327 nobis
791 3273 868 3346 signa
884 3288 975 3328 rerum
990 3272 1144 3328 suturarum

182 3351 337 3421 ostendere,
353 3366 407 3405 non
424 3351 502 3409 uideo
510 3394 518 3423 ,
536 3370 586 3410 cur
600 3370 660 3410 esse
674 3354 866 3412 diuinationem
881 3372 988 3431 negem.
1017 3350 1065 3417 ³³.
1079 3364 1145 3413 sunt

181 3472 383 3483 .—.—--.

256 3527 275 3594 ¹)
291 3528 397 3579 diuinare
412 3533 536 3584 uideantur
550 3536 589 3585 ed.
610 3535 641 3584 V.
