2542 3909
264 253 265 256 ,
298 218 403 253 nonium
422 217 527 254 reruni
546 202 579 268 (i)
598 217 695 253 seuam
714 219 750 252 nn
768 217 829 253 rnna
847 217 925 253 rrscr.
1023 199 1084 263 641

136 340 211 403 scit.¹
228 354 232 411 t
249 345 345 418 quodsi
360 347 421 419 plus
437 347 548 402 semisse
561 345 666 410 Caetsar
680 348 790 420 accepit,
813 346 894 418 inid,
917 346 990 422 quod
1004 347 1065 421 plus
1081 349 1087 413 1

137 438 188 502 est,
205 431 282 485 etiam
299 430 402 486 Caesari
418 429 558 487 adcrescit.
577 434 581 493 1

199 510 243 572 12.
267 512 390 570 libertae
401 514 531 584 Caesaris,
547 524 600 570 tam
614 514 840 577 {manumissione
855 529 934 586 quam
949 513 1088 572 ’beneficio
1099 534 1125 574 rs

136 592 356 654 contiunctionis²
379 598 498 670 effectae,
515 613 520 660 1
537 599 559 653 si
583 606 696 654 testatae
711 596 852 664 decedant,
869 600 873 663 Ι
891 597 1044 672 dimidium,
1067 601 1090 656 si

135 683 303 752 inteslsltae,
327 691 414 739 totum
429 681 495 739 fisco
511 674 697 743 uiuidicatur.³
740 696 803 736 sane
818 682 903 754 patris
918 690 947 737 et
962 686 967 750 Ι
983 685 1089 756 patroni
1100 703 1126 741 so

139 767 289 838 ignorantis
308 772 312 836 1
328 768 370 822 ius
386 782 440 822 non
455 760 622 830 minuitur.⁴i

65 856 126 904 [54³]
200 846 244 906 13.
268 850 368 906 Ancilla
384 851 516 922 Caesaris,
539 865 607 922 quae
621 852 642 908 ir
656 849 766 911 litberos
781 847 922 920 hainuerit,
944 850 972 905 iu
989 859 1196 911 outae-ascolo.

137 951 202 990 rum
215 929 405 990 libertarum⁵
635 952 661 990 v.
678 933 769 990 2—6.
1001 926 1030 991 Ιθ

201 1013 259 1074 13⁸.
284 1011 394 1074 ⁷Latini
406 1019 540 1076 Caesaris
554 1021 651 1075 liberti
664 1034 840 1090 quanquam,
857 1015 863 1083 Ι
878 1034 942 1074 cum
957 1016 1092 1074 decedant

137 1108 170 1158 ut
180 1104 269 1173 serui,
280 1113 385 1160 eotrum
393 1101 463 1158 bona
473 1105 545 1174 fiseo
555 1101 747 1170 uinidicantur,
758 1110 852 1158 tomen
861 1118 901 1158 eac
910 1103 1090 1165 contractus}

137 1201 219 1243 causa
241 1184 307 1242 fisco
330 1188 478 1258 acquirere
500 1202 535 1242 ea
552 1187 556 1248 Ι
573 1179 716 1259 'propter⁸
737 1201 792 1241 nou
813 1192 931 1259 possunt
952 1188 1007 1241 nisi
1024 1199 1092 1257 poe-

138 1287 214 1335 nam,
232 1286 311 1342 quam
327 1273 427 1341 alileno
439 1271 553 1342 priuato
564 1276 710 1325 contractu
723 1269 791 1327 inito
808 1272 812 1339 Ι
828 1271 899 1326 iuter
914 1285 945 1326 se
959 1272 1031 1342 fisco
1045 1270 1093 1324 sti·

138 1352 298 1428 palantum!

201 1434 246 1494 14.
276 1429 396 1494 ”Eorum
419 1436 568 1508 bonorum,
596 1452 671 1510 quae
694 1442 700 1500 t
722 1439 758 1495 ad
777 1436 872 1494 fiscum
895 1439 1031 1512 pertinere
1054 1437 1092 1492 di·
1104 1449 1128 1490 ra

138 1530 256 1594 cunttur,
272 1524 298 1576 si
310 1524 496 1579 controuersia
511 1530 664 1592 moueatur,
688 1520 693 1592 Ι
717 1529 778 1578 ante
799 1524 959 1578 seutentiam
981 1537 1031 1577 nec
1046 1521 1094 1577 ob·

140 1603 256 1679 siginari
268 1622 321 1662 nec
336 1605 451 1662 describi
467 1614 512 1662 aut
527 1606 702 1679 inicorpprari
716 1616 842 1678 possunt.
872 1605 941 1662 idem
958 1612 1130 1668 sertuaturm

139 1683 206 1745 'et¹⁰
227 1706 287 1746 cum
298 1706 318 1744 a
333 1691 466 1746 sententia
481 1692 640 1762 prouocatio
655 1691 848 1762 interponitur.
866 1693 871 1757 Ι

215 1863 235 1934 1)
249 1866 387 1932 Singulari
405 1868 473 1923 eius,
493 1873 520 1915 ut
534 1869 640 1930 opinor,
660 1868 725 1914 inre.
755 1866 793 1928 Cf.
809 1867 873 1931 Lep.
890 1865 960 1915 Rom.
975 1865 1057 1930 Burp.
1073 1878 1093 1916 s.

141 1937 202 2001 idiq.
217 1936 298 1986 Baris.
324 1937 388 1986 Nam
399 1938 519 1999 priuatus
529 1944 659 2000 patronus
668 1951 724 1986 eum
735 1952 785 1998 per
796 1938 878 1999 filiam
888 1935 975 1984 liberti
988 1937 1096 1985 minoris

142 2011 290 2058 centenaria
305 2006 336 2057 ab
350 2007 493 2056 hereditate
507 2009 562 2056 eius
576 2007 773 2064 excluderetur,
788 2021 869 2055 causa
886 2022 938 2056 non
956 2013 1026 2064 erat,
1047 2021 1096 2055 eur

138 2081 196 2142 fllia
207 2080 354 2142 praeterita
368 2092 418 2127 non
433 2084 458 2126 et
471 2078 523 2140 ipsi
532 2085 634 2140 partem
649 2077 803 2125 detruderet.
834 2076 873 2139 Cf.
886 2075 943 2126 Gai.
953 2088 974 2135 2,
985 2088 1032 2126 124.
1056 2076 1095 2124 De

141 2151 244 2198 semisse
265 2148 386 2198 Caesaris
404 2149 439 2211 es.
457 2146 526 2196 Suet.
547 2150 563 2199 l.
584 2163 606 2196 c.
672 2143 693 2212 2)
714 2147 900 2210 Interpretatio
920 2161 972 2195 non
990 2154 1041 2195 tam
1061 2162 1096 2195 eac

146 2219 226 2268 Tacit.
242 2219 274 2268 A.
290 2230 323 2278 12,
338 2231 371 2269 12.
387 2225 412 2266 et
426 2218 501 2267 Paul.
516 2229 537 2276 4,
552 2219 615 2278 10.§
637 2230 668 2277 2.,
682 2233 757 2280 quam
770 2232 805 2267 ea
818 2216 850 2265 L.
865 2229 885 2268 u.
904 2216 948 2265 id.
965 2216 991 2265 0.
1002 2217 1038 2265 ad
1047 2215 1094 2266 Sa

143 2290 232 2339 Claud.
248 2287 284 2353 (4,
300 2288 335 2354 11)
346 2289 473 2351 petenda:
491 2289 557 2337 unde
576 2289 708 2346 doeemur,
727 2290 876 2352 inpensam,
895 2302 960 2350 quae
976 2286 1097 2337 Caesaris

141 2375 216 2410 seruo
235 2375 262 2408 se
282 2362 418 2416 iunxerat,
440 2360 515 2407 etiam
535 2361 666 2424 ipnaram‚
688 2360 792 2422 antiquo
815 2359 872 2406 iure
892 2371 991 2420 semper
1011 2356 1097 2422 (quasi

143 2433 316 2480 consentiente
337 2427 377 2495 eo)
398 2428 514 2478 libertam
534 2431 589 2478 eius
610 2429 727 2491 effectam
747 2443 809 2476 esse.
834 2442 915 2492 quare
936 2429 1012 2477 etiam
1032 2443 1096 2490 pro·

142 2501 229 2550 banda
243 2508 281 2549 est
295 2501 344 2549 Kr.
360 2502 408 2562 ei:
425 2507 473 2548 tam
492 2499 685 2548 manumissionis
703 2499 820 2547 benedicio
835 2513 905 2561 quam
921 2500 1094 2547 coniunctione.

146 2567 165 2635 Β)
181 2570 239 2620 Hoc
254 2586 352 2635 quoque
361 2571 492 2634 sinpnlari
501 2571 566 2618 iure.
592 2568 657 2618 Nam
667 2584 702 2618 ea
712 2572 770 2633 =lepe
781 2570 867 2631 Papia
877 2571 979 2631 priuati
988 2573 1097 2633 patroni

143 2640 236 2690 liberta
249 2648 372 2705 quattuor
390 2640 528 2690 liberorum
542 2643 600 2688 iure
616 2641 758 2688 testamenti
773 2639 914 2702 factionem
930 2640 1095 2690 nancisceba-

144 2719 195 2770 tur,
210 2713 247 2761 ita
261 2719 289 2761 ut
302 2712 388 2760 uirilis
397 2725 464 2774 pars
474 2725 527 2774 pro
541 2725 646 2760 numero
656 2709 794 2759 liberorum
807 2711 972 2772 superstitum
982 2718 1096 2774 patrono

99 2787 103 2795 '
143 2782 287 2833 deberetur.
313 2781 369 2831 Gai.
384 2793 405 2843 s,
419 2793 453 2832 44.
487 2780 556 2830 Unde
574 2783 706 2843 suspicor,
728 2780 848 2828 Caesaris
863 2779 1003 2829 libertabus
1021 2783 1096 2830 etiam

142 2855 200 2902 sine
214 2852 354 2902 liberorum
368 2854 425 2900 iure
439 2853 531 2900 testari
545 2853 662 2913 licuisse,
685 2858 712 2899 ut
725 2857 809 2900 tamea
823 2849 962 2900 liberorum
976 2853 1018 2899 ius
1032 2853 1097 2900 ninii

144 2925 172 2970 in
188 2922 308 2972 Caesaris
322 2925 431 2986 patroni
445 2924 502 2970 iure
516 2928 633 2970 mutaret.
698 2918 720 2985 4)
737 2920 775 2984 Cf.
791 2920 867 2968 Paul.
882 2931 902 2977 2,
917 2923 965 2970 21⁸.
985 2922 1025 2981 ἓξ.
1040 2933 1061 2970 t.
1075 2933 1095 2972 9.

146 2991 167 3055 ⁶)
191 2992 250 3040 Vid.
271 2993 398 3042 Columeii.
418 2994 449 3042 de
463 3009 485 3041 r.
501 3009 525 3043 r.
544 3005 569 3055 1,
583 3004 603 3042 8.
623 2993 647 3052 ξ.
661 3003 695 3042 19.
714 2997 784 3040 recte
802 3005 819 3038 a
838 2989 963 3052 Rudorfio
983 2992 1096 3042 allatam.

145 3061 283 3124 Suspicari
297 3065 365 3123 licet,
380 3065 490 3127 quinque
505 3062 594 3112 liberis
606 3061 726 3110 Caesaris
739 3061 851 3109 ancillas
864 3062 960 3109 similia
974 3062 1036 3108 iura
1050 3061 1096 3110 ad·

144 3140 217 3195 eptas
227 3147 290 3191 esse,
300 3139 375 3197 atque
385 3141 506 3198 quattuor
516 3133 604 3182 liberis
614 3148 630 3180 a
641 3132 755 3195 priuatis
763 3131 940 3182 manumissae.
983 3127 1005 3196 ⁶)
1015 3129 1047 3179 In
1057 3131 1097 3181 liis

145 3202 260 3252 uersibus
274 3203 337 3253 iaec
352 3206 468 3267 paucula
483 3211 580 3252 tantum
594 3205 659 3252 lecta
673 3210 746 3252 sunt:
764 3199 799 3266 (s)
808 3212 825 3252 t<
834 3213 852 3252 4
861 3216 929 3252 n....
944 3198 978 3266 (4)
988 3215 1096 3253 caes...

145 3272 178 3340 (5)
192 3286 302 3325 sorem.
316 3311 321 3322 .
333 3311 357 3323 ..
377 3273 410 3340 (o)
428 3287 477 3326 a*
491 3275 589 3324 milibus
603 3289 631 3322 s.
644 3311 650 3323 .
662 3311 667 3321 .
680 3311 685 3322 .
747 3269 767 3337 ⁷)
782 3271 869 3320 Huius
882 3272 910 3332 §i
922 3273 1097 3322 restituendae

144 3359 179 3394 ea
195 3341 251 3394 0¹⁰.
267 3347 413 3408 perieulum
424 3346 487 3408 feci,
503 3361 559 3394 cum
572 3344 629 3394 edd.
645 3357 665 3395 1.
680 3356 700 3394 2.
715 3351 831 3393 extremo
841 3349 946 3405 tantum,
961 3342 1098 3406 dequibus

145 3416 180 3478 ef.
195 3415 227 3464 L.
242 3429 254 3466 1
265 3431 309 3479 pr.
329 3416 361 3464 D.
377 3415 408 3465 de
422 3417 480 3464 iure
491 3417 550 3478 fisci
564 3413 608 3480 (49,
624 3413 669 3480 14),
683 3430 763 3480 eaque
776 3416 859 3463 minus
872 3420 943 3463 recte
956 3416 1097 3477 supplevis-

144 3501 202 3536 sem.
241 3484 262 3551 ⁸)
274 3487 340 3537 Nata
350 3493 392 3550 ppt
405 3487 529 3549 seriptum
541 3486 624 3548 fuisse
635 3487 721 3548 posui.
746 3485 801 3535 Pro
813 3501 863 3550 aeq.
875 3486 902 3534 in
914 3481 971 3534 0¹&
986 3492 1024 3534 est
1033 3499 1097 3549 aeq·.

145 3553 167 3622 9)
187 3558 246 3608 Vid.
257 3559 373 3622 praefat.
427 3553 459 3622 ¹⁰)
473 3571 508 3605 ea
524 3553 580 3605 Cir.
600 3556 698 3604 addidi.

200 3652 302 3683 rvnrsnc.
317 3650 400 3682 annun.
411 3649 463 3678 nnn.
479 3647 518 3676 nn.
548 3646 570 3678 v.
855 3631 888 3678 41
