2542 3909
346 238 405 274 usos.
424 240 457 274 nr
473 239 535 275 eoas.
553 239 645 275 neovsc
662 239 768 277 concas.
788 223 834 277 VI.
854 228 879 276 4.
1024 221 1085 285 667

135 371 214 444 giose
229 375 310 440 atque
326 368 445 439 legitime
460 370 534 425 iuste
549 368 715 441 disciplinam
731 370 798 423 iuris
821 368 922 425 ueteris
945 367 1090 441 copulatis,

134 463 295 509 cumeorum
311 452 458 523 honestati,
478 454 524 526 qui
536 452 690 525 nuptiarum
705 453 923 509 coniunctionem
942 461 1090 521 sectentur,
1142 464 1148 479 ’

135 551 215 610 quam
238 538 319 591 etiam
340 536 396 606 his,
426 539 472 609 qui
494 536 621 610 deinceps
649 545 756 593 seruata
781 536 913 610 religione
935 545 1091 608 nascentur,

133 621 245 693 incipiat
267 636 327 675 esse
348 619 519 677 consultum:
543 629 571 676 et
593 621 733 677 honestate
755 620 880 676 nascendi
895 622 976 678 etiam
998 628 1091 694 poste·

134 706 201 760 ritus
228 704 286 778 ipsa
313 713 427 778 purgata
454 706 500 760 sit.
544 698 606 760 'ld¹
634 706 704 760 enim
732 704 826 777 pietati
847 711 957 761 nostrae
979 707 1092 761 maxime

134 788 253 863 placuit,
283 796 313 843 ut
335 795 428 844 sancta
449 787 679 845 necessitudinum
701 780 827 845 nominc²
856 789 996 860 optineant
1021 788 1092 860 apud

135 871 247 928 allectus
275 866 362 927 suos³
387 869 459 945 'piae
482 886 513 928 ac
534 865 697 943 religiosae⁴
723 872 950 944 consanguinitati
976 871 1093 928 debitam

135 957 283 1013 ceritatem.
327 951 468 1029 ’lAteniml
484 956 559 1013 nelas
575 972 633 1012 eam
648 951 755 1011 creare⁶
771 963 813 1012 est
827 971 869 1027 ea,
890 956 1000 1028 quaein
1015 970 1093 1028 prae·

59 1056 124 1105 [suo]
137 1041 249 1097 teritum
265 1057 280 1095 a
295 1039 478 1113 compluribus
493 1048 600 1097 constat
623 1055 683 1095 esse
703 1040 860 1108 commissa,
883 1055 944 1095 cum
958 1037 1093 1111 pecudum

136 1141 166 1181 sc
182 1122 299 1179 ferarum
321 1125 476 1197 promiscuo
498 1125 554 1179 ritu
571 1122 603 1179 ad
617 1123 718 1178 inlicita
741 1122 856 1180 conubis
876 1124 1008 1179 instinctu
1031 1138 1093 1178 exe·

135 1294 200 1351 rint.
237 1287 267 1348 3.
290 1289 343 1347 Sed
360 1306 536 1364 quaecunque
554 1290 667 1345 antehac
689 1288 732 1346 uel
755 1285 913 1363 ’impuritiai
935 1289 1093 1363 delinquen·

138 1378 215 1444 tium,
239 1373 283 1429 uel
305 1371 364 1447 'per
379 1368 570 1445 ignorantiam⁷
593 1376 670 1445 iuris,
692 1373 844 1431 barbaricae
860 1375 1023 1430 inmunitatis
1037 1375 1092 1430 ritu

137 1476 170 1515 es
191 1457 300 1515 inlicitis
321 1459 496 1514 matrimoniis
520 1459 645 1515 uidentur
667 1457 795 1528 admissa,
826 1474 977 1532 quenquam
1000 1465 1093 1517 essent

136 1544 309 1600 seuerissime
324 1542 493 1613 uindicanda,
516 1550 606 1599 temen
620 1541 849 1617 contemplatione
871 1542 1029 1599 clementiae
1043 1558 1092 1598 no·

137 1636 209 1684 strae
225 1627 257 1683 ad
273 1626 469 1700 indulgentiam
484 1624 610 1683 uolumus
627 1628 778 1700 pertinere3
801 1628 837 1683 its
858 1636 957 1698 tamem
981 1635 1012 1684 ut
1034 1628 1093 1701 qui·

137 1727 244 1785 cunque
258 1712 286 1765 ln
301 1718 455 1766 anteactum
472 1720 579 1784 tempus
599 1710 709 1768 inlicitis
724 1711 891 1784 incestisque
904 1727 935 1767 se
957 1713 1093 1769 matrimo-

138 1796 188 1851 niis
205 1794 371 1867 polluecunt,
387 1794 518 1851 hactenus
529 1794 643 1867 adeptos
653 1810 683 1851 se
695 1810 755 1850 esse
766 1804 886 1851 nostram
898 1793 1094 1867 indulgentiam
1155 1806 1165 1825 ⁴

129 1878 238 1949 sciant,
263 1887 294 1934 ut
308 1885 372 1951 post
388 1886 441 1933 tam
456 1878 557 1933 nelaria
578 1871 722 1934 'lacinora⁸
744 1879 827 1935 uitem
843 1877 951 1950 quidem
966 1877 1017 1933 silei
1032 1894 1093 1951 gra·

139 1962 260 2019 tulentur
287 1977 348 2018 esse
374 1976 542 2018 concessam:
573 1963 658 2017 scient
687 1969 790 2032 tamen,
816 1977 872 2017 non
900 1960 1037 2034 legitimos
1063 1978 1094 2018 se

136 2048 290 2120 suscepisse
312 2044 423 2118 liberos,
446 2054 584 2119 questam
607 2044 707 2101 nelarie
729 2043 922 2099 coniunctione
939 2045 1093 2115 genuerint.

136 2130 177 2187 lta
199 2131 268 2186 enim
291 2128 348 2201 liet,
371 2137 402 2186 ut
424 2129 458 2185 de
479 2129 573 2185 luturo
588 2144 698 2201 quoque
720 2144 799 2184 nemo
815 2126 913 2183 audeat
934 2122 1093 2183 'ellrenutis9

137 2212 328 2289 cupiditatibus
352 2212 471 2285 obedire,
494 2229 556 2271 cum
578 2221 605 2268 et
626 2213 712 2269 scient
726 2212 763 2267 ita
783 2210 974 2284 praecedentes
998 2209 1094 2267 admis-

138 2314 215 2355 sores
229 2297 382 2353 istiusmodi
397 2298 537 2354 criminum
553 2298 631 2353 nenia
647 2295 787 2367 liberatos,
802 2304 832 2351 ut
847 2293 1006 2366 liberorum,
1023 2312 1094 2369 quos

138 2382 239 2438 inlicite
254 2382 408 2456 genuerint,
431 2379 576 2438 ’successio
592 2372 779 2454 negaretur‚¹⁰
801 2394 868 2452 qnae
885 2380 959 2435 iuxta
973 2386 1094 2435 uetusta·

138 2475 195 2521 tem
210 2464 335 2521 Romanis
357 2465 464 2539 legibus
483 2457 675 2522 'necalretur.¹¹
689 2494 726 2504 -
739 2462 771 2519 m
786 2472 955 2537 optassemus
974 2463 1094 2537 quidem,

212 2666 233 2735 1)
250 2668 282 2719 Β.
297 2670 351 2717 ideo
371 2666 415 2717 Ve.
436 2669 468 2717 ite
488 2668 529 2717 Vi.
544 2669 584 2718 ed.
599 2666 640 2717 Bl.
707 2664 760 2734 Ι)ι”.
775 2676 939 2732 epanenses.
1004 2664 1058 2734 ¹)s'.
1073 2684 1094 2718 e.

139 2739 250 2796 liberos·
264 2740 316 2789 oid.
333 2739 473 2788 Forcellin.
488 2754 509 2787 s.
524 2754 546 2787 n.
597 2734 619 2804 4)
634 2739 698 2802 piam
713 2754 740 2788 sc
756 2740 892 2801 religiosum
909 2738 971 2789 cdd.
986 2739 1044 2789 edd.

139 2809 161 2875 6)
176 2811 242 2859 nelos
257 2811 320 2859 enim
335 2810 433 2859 credere
450 2809 511 2860 odd.
527 2810 585 2859 edd.
600 2811 790 2872 ereptorem,
809 2812 834 2859 si
848 2825 943 2859 necent
955 2812 1095 2859 sententia·

138 2896 196 2931 rum
210 2882 328 2944 respicis.
356 2881 448 2929 ltcnim
463 2879 494 2931 ob
508 2881 662 2931 antecedens
675 2887 750 2929 ntem
765 2882 884 2930 omissum
897 2880 1014 2936 videtum,-
1029 2882 1094 2929 neiss

138 2950 317 3014 accipiendum
327 2965 379 3013 pro
393 2941 526 3018 ἀδυνάτῳ
541 2948 587 3016 (cf.
602 2948 681 2999 Beier
695 2951 732 2999 ad
742 2950 794 3002 Cic.
809 2949 841 2999 de
855 2950 924 3012 offic.
939 2949 976 3001 II.
987 2965 1015 3013 p.
1025 2950 1093 3015 ese).

139 3035 191 3069 eam
210 3036 246 3070 sc.
267 3023 409 3071 caritatem.
474 3018 654 3086 ⁰)imperitiem
667 3019 699 3069 B.
718 3020 828 3083 peritiam
847 3020 892 3068 Ve.
912 3019 954 3068 Vi.
974 3020 1094 3082 imperitis

138 3092 196 3140 edd.
224 3090 278 3140 Sed
298 3092 361 3155 quid
381 3092 460 3141 distat
479 3092 610 3155 imperitia
627 3089 660 3140 ab
680 3092 830 3154 ignorantia
849 3090 935 3139 iuris?
961 3089 999 3152 Cf.
1020 3105 1094 3153 supr.

138 3163 178 3211 tit.
193 3172 213 3212 5.
235 3178 257 3211 c.
272 3174 292 3212 e.
312 3162 335 3223 §-
350 3172 370 3211 2.
424 3159 445 3226 ⁷)
460 3176 503 3224 pro
519 3162 651 3224 ignorantia
665 3159 832 3226 (ignoruntium
851 3157 905 3225 Vs.)
922 3159 984 3212 cdd.
999 3159 1057 3211 edd.

139 3228 161 3297 8)
177 3232 268 3280 scelere
283 3232 322 3281 ed.
337 3231 379 3280 Bl.
394 3247 428 3281 em
442 3247 540 3282 errore.
614 3228 635 3297 ν)
652 3231 788 3279 ineirenstis
806 3229 837 3279 B.
866 3230 908 3279 Vi.
928 3231 953 3279 in
971 3231 1093 3280 eilrenstis

143 3302 189 3351 Ve.
209 3302 332 3351 inirenotis
348 3304 381 3366 ej.
398 3302 485 3353 Ouiac.
500 3303 540 3352 ed.
554 3302 596 3351 Bl.
630 3302 689 3351 Vid.
706 3300 831 3351 Zeitsclrr.
850 3299 930 3349 XIII.
946 3316 973 3364 p.
989 3313 1022 3353 st.

141 3368 173 3435 ¹⁰)
189 3374 342 3422 successione
357 3380 466 3422 careatur
479 3371 510 3422 B.
525 3374 565 3424 ed.
580 3372 620 3421 Bt.
640 3372 818 3422 successionem
832 3386 861 3420 ne
876 3378 971 3421 caretur
990 3371 1031 3421 Vs.
1047 3372 1093 3422 Ve.

137 3443 292 3494 successione
307 3450 404 3492 cereent
419 3445 451 3506 ej.
468 3442 554 3494 Ouiae.
570 3445 609 3493 ed.
620 3442 706 3493 Haen.
760 3440 792 3508 ¹¹)
807 3442 937 3504 negabatur
953 3442 1014 3492 cdd.
1026 3443 1093 3501 edd,

137 3514 207 3577 quod
220 3514 340 3563 restituta
354 3520 427 3563 recta
440 3514 549 3563 lectione
564 3515 600 3563 od
613 3521 666 3564 not.
681 3525 714 3565 ιο.
729 3514 806 3564 etiarn
819 3515 903 3563 minue
914 3513 986 3576 ferri
999 3520 1092 3578 potest.

139 3583 179 3646 Cf.
196 3583 321 3633 Zeitsclcr.
337 3586 353 3633 l.
369 3600 391 3634 c.
406 3589 431 3632 ei
444 3584 477 3633 de
490 3584 652 3633 successionis
666 3599 727 3634 occe
742 3585 807 3649 infr.
822 3596 856 3642 rs,
870 3596 891 3637 ι.
906 3586 928 3647 5.
943 3596 977 3637 ln.
