2542 3909
157 163 197 220 72
493 173 521 207 u.
540 170 652 208 emeras
670 170 771 207 cresse.

156 302 217 374 quis
237 316 292 355 uon
308 298 389 353 modo
404 296 621 371 magistratibus,
641 297 691 353 sed
712 299 793 355 etiam
813 299 927 372 priuatis
942 299 1048 356 consuli
1063 316 1121 357 non

154 382 323 458 parentibus.

217 463 258 524 te.
280 467 313 534 Q.
336 464 460 537 llagnum
475 465 542 521 dieis
557 464 672 534 malum;
688 476 748 522 nam
763 467 816 523 ista
831 473 969 539 potestate
983 474 1045 523 nata
1057 483 1122 541 gra·

156 553 225 607 uitas
240 551 410 623 optimatium
424 548 523 606 cecidit
538 549 731 622 conualuitque
747 552 787 605 uis
803 550 993 607 multitudinis.

218 634 261 692 M.
283 634 343 690 Non
358 642 411 706 est,
428 632 536 705 Quinte,
551 633 597 689 ita.
627 649 683 689 non
698 634 823 691 insenius
838 633 907 691 illud
920 634 1009 691 solum
1022 650 1121 709 super-

153 719 213 775 bius
228 719 331 793 populo
347 725 374 775 et
385 717 532 773 uiolentius
545 716 630 773 uideri
641 732 753 777 necesse=
766 718 843 774 eret?
858 734 912 793 quo
927 725 1023 791 postea
1039 734 1122 793 quam

155 802 260 859 modica
275 811 303 858 et
317 802 424 876 sapiens
440 800 599 875 temperatio
614 802 739 859 accessit.

217 886 282 944 Vlll.
304 884 351 943 18.
371 901 436 943 *ss
454 894 595 955 conuerte,
610 884 655 941 len
670 885 699 941 in
713 884 801 941 omnis
817 895 868 941 est.
898 885 1032 943 domum
1047 902 1122 943 oum

154 970 256 1027 laude
277 970 467 1032 redeunto;
494 969 562 1025 nibil
586 969 657 1025 enim
678 978 786 1042 praeter
807 968 913 1025 laudem
935 969 1013 1025 bonis
1036 977 1123 1043 atque

154 1055 343 1113 innocentibus
362 1068 451 1125 neque
473 1068 506 1107 er
525 1050 652 1107 hostibus
672 1068 761 1125 neque
782 1069 798 1108 a
817 1054 899 1108 sociis
914 1053 1121 1126 reportandum.

153 1141 207 1195 iam
220 1138 288 1194 illud
305 1144 428 1210 apertum
443 1141 501 1204 est,
522 1134 647 1208 prolecto
667 1128 741 1209 ipso¹
757 1135 825 1191 nihil
840 1152 900 1193 esse
915 1138 1022 1211 turpius
1038 1154 1122 1211 quam

154 1230 197 1278 est
212 1236 374 1295 quemquam
388 1218 474 1291 legari
487 1218 540 1273 nisi
554 1220 595 1274 rei
608 1218 732 1293 publicae
746 1235 835 1275 cause.
866 1220 974 1290 omitto,
990 1236 1071 1295 quem
1086 1220 1121 1277 ad

154 1304 265 1361 modum
278 1304 324 1359 isti
339 1319 369 1359 se
385 1310 480 1375 gerant
496 1311 578 1375 atque
590 1304 739 1377 gesserint,
755 1304 802 1377 qui
811 1303 950 1377 legatione
960 1304 1121 1360 hereditatis

154 1396 200 1445 aut
216 1386 387 1461 syngraphas
403 1401 465 1441 suas
480 1395 676 1459 persecuntur3
694 1387 728 1444 ⁴in
747 1386 902 1443 bominibus
923 1394 965 1443 est
985 1388 1040 1445 boe
1062 1388 1121 1444 lor-

154 1481 227 1529 tasse
246 1473 357 1539 uitium3
379 1470 428 1525 sed
447 1486 562 1543 quaero,
584 1471 650 1545 quid
670 1486 764 1543 reapse
785 1472 821 1526 sit
841 1472 948 1545 turpius
963 1488 1044 1545 quam
1059 1471 1121 1528 sine

153 1556 348 1632 procuratione
363 1561 473 1611 senator
488 1554 613 1628 legatus,
628 1554 850 1624 sisenandus,
867 1556 926 1613 siue
942 1555 998 1611 ullo
1014 1557 1055 1612 rei
1068 1572 1120 1630 pu·

154 1640 239 1697 blieae
261 1638 390 1696 munere?
419 1637 492 1711 quod
520 1638 628 1711 quidem
658 1654 745 1711 genus
766 1638 912 1713 legationis
935 1655 988 1713 ego
1010 1638 1120 1713 consul,

155 1738 316 1799 quamquam
339 1721 372 1777 ad
393 1721 564 1778 commodum
578 1730 688 1778 senatus
703 1723 840 1796 pertinere
855 1722 1006 1791 uidebatur,
1026 1731 1119 1780 tamen

154 1805 321 1881 adprobante
345 1814 441 1862 senatu
469 1805 707 1879 frequentissimo,
735 1806 787 1861 uisi
814 1806 880 1863 mihi
901 1806 971 1864 leuis
991 1806 1119 1863 tribunus

153 1891 241 1967 plebis
256 1897 314 1947 tum
327 1891 537 1963 intercessisset,
552 1890 734 1945 sustulissem.
764 1890 849 1955 minui
861 1898 949 1947 tamen
962 1899 1070 1964 tempus
1080 1900 1119 1957 et,

155 1974 228 2049 quod
244 1983 301 2030 erat
315 1972 460 2041 inlinitum,
477 1988 595 2030 annuum
610 1973 673 2029 ieci.
702 1974 739 2028 ita
754 1973 896 2047 turpitudo
912 1981 1002 2029 manet
1013 1974 1120 2031 diutur-

154 2061 240 2115 nitate
259 2056 375 2118 sublata.
401 2057 450 2113 sed
469 2058 530 2129 iam,
552 2058 576 2112 si
595 2057 695 2131 placet,
718 2056 751 2113 de
766 2058 914 2131 prouinciis
929 2057 1076 2115 decedatur
1090 2059 1119 2115 in

154 2143 304 2216 urbemque
318 2142 454 2198 redeatur.
484 2157 490 2161 ·

217 2227 252 2285 A.
274 2226 358 2282 Nobis
372 2240 439 2281 uero
454 2224 553 2298 placet,
572 2223 620 2279 sed
635 2226 678 2294 iis,
700 2225 748 2297 qui
766 2224 795 2279 in
810 2224 958 2298 prouinciis
973 2232 1048 2297 sunt,
1069 2228 1120 2282 rni-

154 2312 225 2366 uime
240 2309 339 2382 placet.
682 2299 691 2321 '
883 2314 891 2329 “

222 2389 267 2450 te.
289 2392 330 2448 M.
352 2392 387 2447 At
401 2406 484 2462 uero,
506 2390 580 2460 Tite,
600 2391 624 2446 sl
639 2390 772 2464 parebunt
787 2392 829 2446 bis
844 2390 968 2465 legibus,
983 2390 1050 2448 nibil
1066 2395 1122 2451 erit

153 2478 186 2533 ils
201 2474 280 2547 urbe,
295 2474 362 2531 nibil
383 2474 466 2529 domo
481 2490 530 2529 sua
545 2472 660 2545 dulcius,
680 2490 731 2530 nec
745 2473 907 2530 laboriosius
922 2474 1121 2550 molestiusque

154 2560 304 2634 prouincia.
336 2557 384 2614 sed
399 2558 524 2632 sequitur
533 2557 585 2629 lex,
602 2574 671 2631 quae
683 2558 768 2614 sancit
779 2574 837 2613 earn
846 2557 1018 2615 tribunorum
1031 2557 1120 2634 plebis

154 2650 333 2717 potestatem,
354 2657 423 2715 quae
444 2633 523 2718 (est)²
541 2643 570 2697 iu
590 2657 620 2697 re
641 2640 749 2716 publica
770 2649 879 2699 nostra:
898 2641 933 2698 de
954 2658 1007 2717 qua
1022 2642 1120 2699 disseri

154 2726 221 2783 nibil
236 2742 348 2783 necesse
362 2733 415 2782 est.

218 2809 252 2879 Q.
275 2810 310 2865 At
330 2825 373 2865 me
393 2808 504 2867 hercule
524 2824 587 2884 ego,
608 2808 704 2881 irater,
728 2822 839 2883 quaero,
859 2808 893 2865 de
913 2810 966 2866 ista
979 2816 1120 2885 potestate

155 2894 220 2970 quid
238 2896 354 2963 sentias3
370 2910 430 2949 nam
444 2894 510 2951 milri
526 2894 633 2968 quidem
648 2892 778 2967 pestilera
792 2893 912 2966 uidetur,
933 2895 1033 2970 qnippe
1049 2910 1120 2969 quae

154 2982 182 3036 iu
197 2974 332 3034 seditione
347 2978 421 3034 etad
436 2979 599 3035 seditionem
613 2985 677 3033 nata
691 2979 740 3033 sit:
763 2979 841 3033 cuius
856 2979 971 3052 primum
988 2986 1078 3035 ortum
1093 2980 1120 3035 sl

154 3061 292 3120 reeordari
308 3062 451 3134 uolumus,
471 3064 543 3119 inter
558 3076 631 3117 erma
645 3062 745 3117 ciuium
760 3068 788 3117 et
803 3064 941 3135 occupatis
956 3070 984 3119 et
999 3061 1120 3119 obsessis

154 3146 228 3203 urbis
243 3146 312 3202 locis
325 3155 500 3221 procreatum
514 3146 654 3214 uidemus;
671 3144 767 3201 deinde
782 3162 843 3202 curn
857 3153 930 3201 esset
940 3147 994 3203 olto
1007 3154 1119 3202 necatus

155 3241 292 3304 tamquam
312 3246 345 3288 ex
359 3246 407 3289 x11
421 3228 518 3287 tabulis
532 3230 648 3305 insignis
669 3229 702 3285 ad
722 3228 922 3286 deiormitatem
942 3244 1019 3303 puer,
1040 3228 1119 3285 breui

93 3469 96 3474 .
154 3418 249 3542 adds)
263 3421 371 3486 prolecto
385 3418 456 3471 aaa
469 3418 577 3483 prolecto
592 3419 768 3485 eBprolecto,
783 3418 840 3468 edd.
867 3414 964 3485 ¹)0um
976 3417 1119 3469 Goerenzio

208 3508 218 3541 s
238 3495 255 3541 i.
