2542 3909
428 216 490 252 usn
509 216 613 255 ansam.
633 198 681 253 IV.
700 204 808 257 24—25.
1039 200 1102 266 353

134 376 240 435 puram,
255 359 282 415 id
299 366 341 415 est
356 375 411 415 non
426 374 476 431 pro
492 358 629 430 iudicato,
654 358 730 414 uelut
751 358 801 415 lea
817 354 938 433 (Furia)
955 367 1101 416 testamen·

136 447 201 503 teria
224 444 359 500 aduersus
381 459 458 514 eum,
488 444 534 517 qui
557 442 712 516 legatorum
734 445 843 500 nomine
866 446 998 500 mortisue
1020 460 1101 502 causa

135 531 196 604 plus
211 527 360 587 mansibus
375 530 508 601 cepisset,
531 544 591 585 cum
614 544 646 583 ea
667 527 729 603 lege
750 546 805 585 non
821 538 894 585 esset
910 538 1050 603 exceptus,
1071 538 1102 586 ut

136 616 158 671 ei
180 613 243 687 plus
259 630 356 686 capere
375 612 483 681 liceret;
506 614 569 668 item
586 612 629 667 lex
645 612 740 669 Marcia
756 614 887 670 aduersus
903 614 1101 687 faeneratores,

135 708 164 755 ut
179 700 203 753 si
219 714 316 753 usuras
332 698 504 771 exegissent,
526 696 560 753 dc
582 697 625 752 his
640 697 784 754 reddendis
805 714 854 772 per
868 714 962 754 manus
977 699 1101 755 iniectio·

134 800 194 839 nem
218 800 279 839 cum
302 784 341 837 eis
364 789 501 856 ageretur.
545 776 594 844 24.
619 780 656 837 b'r
679 782 778 855 quibus
799 782 907 856 legibus
929 792 957 839 et
979 785 1002 839 si
1031 801 1101 858 quae

125 868 199 923 -aliae
215 868 317 924 similes
332 875 435 938 essent,
459 883 520 923 cum
542 865 685 940 agebatur,
707 883 814 923 manum
835 866 885 922 sibi
913 867 1050 941 depellere
1073 877 1102 925 et

134 968 183 1025 pro
205 969 236 1007 se
258 952 321 1025 lege
342 967 422 1022 agere
441 946 516 1025 '(rea
529 944 687 1025 licebat):¹
704 968 764 1007 nam
780 958 807 1007 et
822 960 899 1007 actor
913 954 941 1007 in
955 954 1013 1025 ipsa
1029 953 1100 1025 legis

135 1036 240 1093 actione
260 1052 315 1092 nan
337 1034 470 1091 adiciebat
491 1036 545 1091 lrvc
559 1036 674 1093 uerbum
689 1050 751 1093 eno
766 1051 928 1112 tumvana,
949 1035 997 1091 sed
1013 1039 1101 1093 nomi·

134 1128 195 1176 nata
209 1137 299 1185 causa,
315 1137 348 1175 cu
364 1136 416 1193 qua
427 1119 533 1193 agebat,
551 1123 588 1176 ita
603 1119 723 1176 dicebat:
739 1136 780 1178 on
795 1137 861 1177 aava
874 1138 940 1179 nnn
953 1136 1018 1179 noo
1033 1138 1103 1179 runt

132 1220 241 1263 nauum
256 1220 372 1278 1u10103
389 1221 449 1261 cum
471 1205 515 1277 bi,
531 1204 630 1279 quibus
649 1221 701 1279 pro
721 1204 839 1262 iudicato
861 1208 933 1261 actio
955 1205 1017 1261 data
1032 1216 1100 1278 erat,

132 1291 268 1345 nominata
282 1306 373 1361 causa,
389 1305 422 1344 en
438 1306 490 1363 qua
506 1289 634 1363 agebant,
655 1290 693 1346 ita
707 1288 875 1347 inferebant:
899 1304 940 1347 on
955 1306 1020 1347 nasa
1033 1302 1100 1347 nnn

131 1389 195 1430 nno
211 1390 278 1429 mm
299 1390 359 1431 rao
382 1389 535 1432 rvnrenro
558 1390 671 1433 usuum
692 1390 806 1433 turmo:
829 1391 880 1431 nec
897 1392 940 1431 me
955 1376 1096 1449 praeterit,

132 1458 159 1513 in
182 1456 269 1513 forma
291 1457 360 1531 legis
381 1456 476 1515 Furiae
497 1459 715 1516 testamentariae
733 1474 794 1518 ruo
809 1475 962 1525 lvntoaro
984 1459 1097 1516 uerbum

62 1548 117 1601 {2³21
131 1543 230 1613 inseri,
251 1558 311 1598 cum
326 1543 354 1597 in
369 1544 428 1616 ipsa
443 1543 505 1617 lege
520 1560 575 1600 non
591 1545 644 1619 sit,
666 1544 739 1616 quod
755 1543 865 1601 uidetur
880 1537 885 1621 Ι
901 1544 976 1600 nulla
992 1544 1096 1600 ratione
1116 1556 1175 1609 197.

129 1628 242 1703 iactum.
290 1624 340 1686 25.
362 1626 416 1682 Sed
438 1635 534 1701 postea
556 1626 619 1702 lege
641 1621 764 1700 ’Vallia,²
791 1638 905 1702 excepto
928 1628 1046 1685 iudicato
1069 1637 1099 1685 et

129 1729 182 1780 eo,
199 1728 250 1785 pro
266 1727 322 1785 quo
337 1710 486 1785 depensum
501 1720 554 1780 est,
575 1713 674 1769 ceteris
689 1711 825 1784 omuibus,
848 1729 910 1770 cum
928 1713 1027 1787 quibus
1048 1730 1100 1787 per

129 1813 227 1853 manus
247 1797 422 1853 iniectionem
443 1796 590 1871 agebatur,
611 1799 774 1871 permissum
795 1807 838 1854 est
857 1797 909 1853 sibi
924 1814 1031 1855 manum
1051 1798 1099 1855 de·

127 1881 231 1955 pellere
247 1890 274 1937 et
288 1897 339 1954 pro
355 1896 384 1937 se
400 1897 496 1955 agere:
512 1882 604 1955 itaque
620 1881 753 1939 iudicatus
769 1891 796 1938 et
811 1884 845 1955 is,
861 1899 912 1955 pro
925 1893 982 1955 ¹quo
995 1882 1097 1956 depen-

129 1983 189 2021 sum
206 1975 259 2038 est,
279 1967 360 2021 etiam
379 1975 443 2040 pust
463 1966 532 2022 hanc
553 1967 642 2040 legem
659 1966 792 2023 uindicem
808 1965 872 2023 dare
894 1964 1047 2039 debebant,
1069 1976 1097 2022 et

128 2051 180 2106 nisi
197 2050 302 2121 darent,
317 2049 426 2106 domum
442 2050 618 2108 ducebantur.
653 2051 759 2125 istaque
779 2051 905 2125 quamdiu
925 2050 997 2124 legis
1012 2052 1096 2107 actio·

128 2199 209 2234 causa
226 2184 347 2233 addendo
362 2185 527 2248 peccavisse,
545 2191 571 2233 et
588 2185 705 2235 editores
720 2199 771 2234 non
786 2198 851 2234 raro
868 2187 1024 2250 plossemata
1037 2186 1095 2237 riae

128 2270 210 2304 causa
226 2256 363 2305 statuendo
382 2257 558 2318 procliviores
578 2256 671 2319 fuisse.
700 2254 787 2304 Edam
808 2254 832 2305 l.
848 2257 865 2304 l.
888 2255 949 2304 dati
967 2246 1094 2306 intererat

126 2326 223 2385 dicere,
239 2342 289 2377 non
303 2328 484 2376 minusmultis
494 2328 520 2375 in
531 2328 731 2391 causispuram‚
745 2341 821 2391 quam
831 2340 884 2389 pro
898 2326 1015 2377 iudicato
1029 2329 1095 2393 lepis

126 2399 254 2447 actionem
264 2399 476 2460 pruiniacum
490 2397 597 2463 lepidus,
612 2413 678 2463 quac
687 2398 804 2447 actiones
812 2397 919 2456 dabant,
933 2398 1019 2447 datam
1030 2413 1094 2448 esse.

199 2464 220 2533 1)
235 2467 367 2531 Supplevi.
382 2467 497 2535 (licebat)
513 2469 571 2519 edd.
608 2468 663 2518 Sed
675 2469 753 2518 etiam
767 2464 836 2518 ‘reo’
852 2469 996 2528 excidisse,
1013 2485 1094 2535 orpu-

126 2546 209 2589 menta
228 2545 267 2588 est
284 2546 336 2588 tum
349 2554 458 2603 sequens
473 2548 496 2589 et
510 2546 590 2602 actor,
609 2546 662 2588 tum
681 2539 750 2604 quad
767 2540 805 2588 ita
819 2541 889 2590 ratio
903 2548 1027 2604 apparet,
1047 2557 1102 2592 curv

126 2610 204 2658 etiam
213 2625 249 2659 esc
259 2605 285 2661 ‘o
295 2608 401 2659 licebat'
414 2610 514 2673 factum
525 2606 650 2660 ‘dicebat'
661 2611 805 2669 excideret,
819 2625 897 2660 sensu
908 2627 1011 2670 carens,
1022 2619 1096 2676 post-

126 2696 202 2744 quam
211 2696 237 2730 re
252 2688 280 2730 ut
291 2682 447 2746 geminatum
456 2683 575 2731 omissum
585 2689 651 2731 crat.
707 2677 730 2747 ¹)
739 2679 785 2731 Sic
795 2690 930 2745 procerte
945 2680 1096 2748 V¹²,·quare

126 2752 157 2799 id
170 2753 274 2801 interim
287 2753 401 2801 retinere
412 2754 500 2811 malui,
514 2768 666 2817 quamquam
675 2766 768 2803 vercor
777 2753 813 2801 od
822 2756 966 2816 exemplum
977 2754 1095 2805 Mensiae

126 2824 200 2887 lepis.
220 2823 305 2872 Antea
320 2823 413 2872 Valeria
426 2826 584 2887 scripseram
600 2820 636 2874 ‘ei
651 2822 734 2873 necat
746 2824 772 2873 d.
790 2822 902 2874 Nexum’
916 2841 945 2889 p.
955 2837 1002 2876 141.
1018 2826 1058 2875 ed.
1073 2838 1095 2877 a.

126 2900 234 2943 notans:
253 2909 300 2943 nec
319 2894 420 2953 dubito,
440 2896 501 2959 quin
521 2893 558 2959 (in
578 2891 732 2959 archetypa)
747 2896 870 2954 litterar,
887 2911 963 2960 quam
979 2896 1004 2948 0.
1020 2896 1096 2947 babet

126 2966 154 3013 in
178 2980 254 3015 versu
273 2966 439 3015 antecedente
453 2972 514 3029 post
532 2980 585 3016 voc.
605 2981 672 3027 cnm,
687 2980 739 3029 per
757 2981 872 3016 errorem
889 2982 919 3016 eo
933 2969 1094 3033 migraverit,

125 3051 183 3085 cum
198 3044 334 3087 corrector
347 3052 402 3086 eom
416 3051 495 3101 svper
509 3036 579 3085 uallis
596 3035 646 3103 (sic
658 3037 717 3101 fere
733 3034 769 3103 G.)
782 3039 959 3101 supplevisset.

125 3152 275 3216 legendum:
289 3151 334 3201 Ubi
348 3151 520 3215 quadruplatur
532 3152 589 3217 quoi
604 3152 694 3214 inpiam
708 3150 772 3217 (pro
784 3150 931 3216 qnempiam)
944 3152 1028 3201 iniexit
1041 3167 1094 3202 ma-

124 3236 190 3271 num.
209 3221 255 3272 Ean
268 3223 356 3273 eodem
369 3238 430 3273 uero
445 3225 501 3274 loco
515 3224 648 3281 discimus,
662 3238 697 3272 em
710 3224 858 3273 huiusmodi
866 3222 1013 3273 actionibus
1027 3231 1093 3274 tres·

123 3294 198 3343 viras
212 3296 340 3357 capitales
357 3295 490 3345 iudicasse
503 3302 527 3345 et
541 3302 656 3345 actorem
670 3296 729 3344 vine
743 3296 864 3358 periculo
877 3309 925 3344 suo
940 3297 1092 3360 litipanisse.

123 3364 163 3413 lex
177 3362 260 3432 Furia]
276 3366 310 3429 cf.
325 3376 346 3427 2,
360 3376 406 3417 aas.
430 3366 467 3415 lex
485 3362 586 3433 llsreia]
601 3381 625 3415 a.
642 3382 667 3414 u.
681 3378 731 3417 tvi.
752 3365 790 3429 Of.
803 3364 847 3415 tib.
861 3382 942 3415 meum
958 3363 994 3417 ‘d
1011 3366 1094 3417 aecus

122 3436 171 3485 des
183 3434 295 3485 Nexvm'
304 3448 483 3501 p.1vvseq.1et
502 3437 629 3500 conplures
640 3437 671 3486 al.
681 3434 710 3504 l.]
718 3437 753 3500 cf.
765 3436 794 3486 L.
803 3448 824 3487 v.
834 3438 866 3486 1).
875 3438 907 3487 de
915 3440 993 3489 oleat.
1004 3437 1050 3504 (11,
1060 3436 1092 3503 a).

122 3502 149 3573 δ.
166 3508 207 3557 25.
226 3508 277 3569 lege
302 3506 426 3576 Valeriai]
446 3524 470 3558 n.
491 3525 514 3559 v.
533 3520 581 3561 tta.
617 3508 656 3571 Cf.
678 3505 715 3558 ‘d
731 3507 814 3558 liecbt
831 3508 856 3557 d.
874 3505 985 3559 Ncaum’
1003 3524 1032 3572 p.
1047 3520 1094 3561 1tt.

121 3578 254 3627 iudicatum
269 3574 344 3645 solui]
359 3580 394 3643 cs.
410 3581 433 3642 ξ.
449 3590 495 3631 10t.
514 3576 646 3646 uindicem]
664 3579 701 3643 Of.
716 3582 853 3630 leacolon.
866 3579 952 3635 (levet,
962 3580 1013 3630 Iul.
1024 3597 1046 3631 c.
1056 3592 1093 3633 vt.

174 3680 434 3714 wumrn.nm1.msn.
456 3683 494 3713 sn.
508 3684 530 3714 r.
858 3666 891 3716 23
