2542 3909
167 219 231 284 294
467 233 525 268 otu
542 233 641 268 msere.
659 211 708 266 ΙΙΙ.
728 218 837 272 ott-tt.

169 377 268 435 herede
285 383 384 449 potest.
422 383 450 430 et
465 373 541 430 'illud
556 370 771 449 conuenieu(ter
784 367 923 449 diceltor:
936 367 944 406 ¹
966 374 988 428 si
1004 372 1037 428 ad
1052 389 1136 448 agna·
1147 384 1204 438 [err]

171 473 226 518 tum
245 462 305 516 iure
320 458 395 516 ciuili
418 460 538 532 pertinet
560 458 709 528 hereditas,
734 469 762 515 et
783 460 807 514 is
825 459 921 515 adierit
946 457 1136 532 hereditatem,

169 545 216 602 sed
232 544 368 601 horrorum
383 544 586 617 possessiouem
607 553 702 617 petere
717 544 852 614 uoluerit,
875 542 912 598 'et
934 535 997 598 sio²
1020 544 1081 616 quls
1103 559 1138 600 ex

171 631 300 703 proximis
315 621 470 703 'regiratis³
485 629 610 702 petierit,
625 630 684 684 siae
700 645 730 684 re
751 627 861 685 habehit
878 626 1011 684 honorum
1027 643 1138 702 posses·

171 716 275 770 sionem
299 722 412 788 propter
434 712 546 769 eaedem
568 714 710 770 rationem.
754 709 804 771 88.
827 712 897 769 Sunt
911 721 940 768 et
960 713 1009 768 alii
1028 712 1138 786 quidam

94 797 150 850 135.
169 798 272 855 slmiles
293 807 387 869 casus,
411 815 526 872 quorum
549 797 656 873 aliquos
680 801 684 863 l
708 801 850 873 superiore
865 794 1059 854 commentario
1082 805 1137 854 tra·

169 877 317 940 didimus.⁴

232 965 282 1028 89.
303 969 378 1026 Nune
401 968 435 1024 de
457 967 615 1024 libertorum
639 969 717 1026 bouis
740 967 888 1024 uideamus.
933 966 988 1026 to.
1004 967 1072 1024 Olim
1088 969 1138 1023 ita·

170 1071 222 1129 que
245 1055 344 1112 lioelrat
364 1053 463 1111 liberto
482 1062 628 1127 patronum
644 1069 723 1109 suum
740 1047 900 1127 ’(tm)puae⁵
923 1052 951 1109 iu
972 1060 1137 1109 testamento

173 1141 341 1213 praeterire:
365 1155 426 1194 nem
440 1140 477 1194 ita
492 1138 599 1194 demum
617 1138 659 1193 lex
674 1154 722 1194 111
738 1136 889 1193 tabularum
904 1137 936 1192 ed
958 1137 1137 1194 hereditatem

170 1224 259 1280 liberti
275 1222 390 1280 uooahat
404 1231 559 1296 patronum,
575 1224 598 1279 si
613 1223 761 1279 intestatos
776 1230 903 1278 mortuus
921 1229 995 1278 esset
1010 1221 1137 1294 libertus,

170 1309 247 1365 nullo
270 1325 320 1364 suo
344 1307 443 1364 herede
466 1306 580 1364 relicto:
610 1309 702 1380 ltaque
730 1309 861 1364 intestata
889 1323 1000 1381 quoque
1026 1316 1137 1363 mortuo

170 1393 280 1463 liberte,
296 1394 319 1448 si
335 1395 357 1449 is
372 1409 452 1448 suum
468 1392 594 1448 heredem
610 1392 768 1466 reliquerat,
791 1391 858 1448 athtt
882 1393 910 1447 io
924 1393 1003 1448 honis
1018 1393 1077 1448 eius
1092 1407 1139 1466 pe·

171 1487 251 1534 trono
266 1479 334 1533 iuris
351 1486 423 1544 erot3
446 1486 473 1533 et
496 1477 518 1532 si
541 1477 653 1549 quidem
676 1493 708 1532 er
729 1475 897 1533 naturalibus
913 1475 1004 1532 litteris
1020 1476 1138 1550 aliquem

170 1579 250 1618 suum
266 1562 393 1619 heredem
412 1561 585 1634 reliquisset,
609 1562 683 1617 nulla
706 1561 848 1618 uidebatur
870 1577 932 1618 esse
955 1560 1090 1636 querella3
1114 1563 1137 1617 si

170 1663 238 1703 uero
256 1647 298 1702 uel
315 1646 459 1720 adoptiuus
478 1645 548 1702 lilius
565 1645 654 1702 dliaoe
670 1646 714 1702 uel
731 1663 806 1713 uror,
824 1663 898 1721 quoe
913 1648 940 1703 in
957 1663 1035 1702 antro
1050 1652 1137 1719 osset,

168 1731 261 1803 ³(suue
280 1725 360 1800 uelli
379 1747 427 1786 suo
450 1732 529 1788 heres
545 1739 632 1796 esset,
655 1742 747 1806 aperte
766 1732 889 1805 iniquum
905 1741 973 1802 erat,
987 1730 1053 1786 nihil
1067 1731 1136 1786 iuris

173 1825 290 1891 petrono
306 1833 460 1891 superesse.
503 1814 549 1875 tt.
569 1815 626 1883 Qua
640 1817 676 1874 de
690 1834 770 1872 eausa
785 1825 880 1890 postea
896 1816 1031 1890 praetoris
1046 1817 1136 1873 edicto

170 1901 238 1958 haee
252 1903 319 1958 iuris
340 1903 468 1974 iniquitas
483 1901 622 1959 emendata
638 1911 694 1959 est:
717 1904 777 1958 siue
799 1904 870 1958 euim
893 1902 972 1958 laoiat
991 1909 1136 1958 testamen·

172 1995 229 2043 tum
245 1986 368 2058 libertus,
383 1986 494 2044 iubetur
507 1989 544 2044 ita
561 1987 668 2059 testari,
690 1995 721 2042 ut
742 1994 859 2060 patrono
874 2003 925 2042 suo
942 1995 1045 2060 partem
1060 1986 1137 2042 dimi·

171 2071 242 2128 diam
266 2072 401 2130 donorum
423 2089 537 2129 suorum
561 2073 712 2146 relinquat,
735 2081 763 2128 et
785 2073 808 2126 si
823 2082 871 2128 aut
888 2071 954 2127 nilrll
977 2081 1025 2128 aut
1048 2072 1136 2127 miuus

174 2175 255 2233 quarn
270 2167 375 2233 purtem
390 2157 526 2214 dimidiam
537 2157 690 2230 reliquerit,
705 2157 785 2214 dator
796 2165 913 2229 patrono
925 2167 1020 2212 eontra
1033 2155 1136 2212 tabulas

173 2245 327 2302 testamenti
340 2243 556 2317 partisdimidiae
568 2241 703 2299 honorum
715 2241 872 2316 possessio;
883 2243 906 2297 si
915 2258 980 2298 uero
989 2243 1137 2298 intestatus

173 2332 306 2386 morietur
321 2345 371 2384 suo
387 2326 487 2383 herede
503 2326 598 2382 relicto
615 2327 746 2402 adoptiuo
762 2325 818 2383 lilio
829 2326 897 2401 (atel)
911 2343 1007 2398 uxore,
1023 2344 1093 2401 quae
1109 2327 1136 2382 in

172 2431 252 2471 mauu
267 2414 352 2488 ipsius
375 2421 464 2482 esset,
486 2410 531 2466 uel
554 2427 641 2483 nuru,
665 2428 733 2487 quae
756 2413 783 2467 la
807 2427 886 2466 meaa
907 2409 957 2466 lilii
971 2413 1028 2467 eius
1045 2412 1136 2482 luerit,

170 2501 249 2556 datur
264 2513 349 2570 aeque
366 2504 481 2571 patrono
497 2495 627 2554 aduersus
643 2497 694 2553 hos
710 2513 774 2553 suos
786 2495 900 2551 heredes
913 2497 998 2568 partis
1014 2494 1137 2552 dimidiae

95 2584 151 2634 136.
172 2584 305 2640 bonorum
326 2583 475 2655 possessio.
505 2591 622 2655 prosunt
643 2591 733 2638 autem
756 2579 854 2637 liberto
877 2579 909 2634 ad
932 2573 1136 2656 erlrludeudum

169 2773 213 2808 eos
231 2757 298 2805 enim
316 2769 379 2804 aare
397 2753 472 2804 heres
491 2769 543 2804 reon
561 2761 631 2811 erat,
652 2753 696 2801 roi
714 2754 759 2800 Iex
776 2751 944 2800 hereditatem
961 2763 1012 2798 nora
1027 2749 1138 2797 dederat

169 2829 216 2879 aed
233 2834 332 2876 tontum
351 2841 402 2876 noo
421 2826 567 2881 ademerot;
590 2825 639 2874 hoc
658 2838 721 2872 earu
741 2822 828 2887 produ
848 2822 971 2870 remotior
990 2834 1041 2868 noo
1060 2833 1137 2867 oocu-

170 2900 246 2950 bator
266 2898 300 2964 (ξ.
316 2896 361 2963 tte).
438 2894 458 2962 ¹)
479 2897 537 2946 illud
556 2894 730 2944 conuenienter
749 2894 775 2943 0.
795 2893 831 2956 os.
851 2904 872 2954 1,
890 2904 927 2942 et.
942 2901 975 2941 82.
996 2890 1058 2939 haio
1078 2905 1137 2940 eou-

170 2972 295 3021 uenieuter
308 2971 347 3021 ed,
362 2985 417 3019 mea
432 2981 452 3020 e.
468 2971 525 3019 coll.
540 2967 571 3015 L.
587 2978 620 3018 ιο.
637 2967 660 3027 §-
677 2978 696 3015 1.
717 2965 749 3015 D.
764 2965 797 3014 de
815 2979 872 3028 aeq.
891 2977 945 3012 rer.
967 2963 1033 3012 dom.
1049 2963 1094 3028 (tr,
1114 2961 1136 3026 1)

170 3057 191 3106 t,
207 3055 254 3095 160.
275 3039 356 3110 [illud]
372 3041 544 3092 conuenienter
557 3036 631 3087 Stud.
647 3037 687 3085 ed.
703 3037 784 3086 inuita
801 3035 861 3084 Gaii
874 3036 949 3099 stylo,
1010 3027 1032 3099 ³)
1047 3034 1093 3083 etsi
1110 3033 1135 3083 θ.

170 3116 228 3166 edd.
240 3116 285 3164 etsi
301 3112 341 3180 [ex
356 3107 483 3178 proximis]
499 3115 613 3171 cognatos
628 3109 668 3157 ed.
683 3106 757 3157 Stoa.
767 3109 824 3156 sine
838 3108 908 3156 irrata
918 3121 1006 3156 cauea.
1063 3102 1085 3172 ⁸)
1095 3120 1136 3154 eo·

169 3194 254 3250 gnatus
275 3186 301 3236 0.
321 3188 361 3236 ed.
376 3183 424 3250 Bp.
443 3182 490 3232 sed
508 3180 615 3242 cognatis
633 3181 673 3230 ed.
691 3191 712 3231 o.
776 3176 799 3244 ⁴)
813 3177 938 3243 Sequitur
956 3179 1027 3226 liaeo
1044 3191 1136 3226 vocuo.

171 3257 193 3324 6)
208 3273 270 3323 pune
290 3253 342 3306 Vii.
364 3256 402 3319 Cf.
414 3270 457 3318 pr.
473 3252 495 3303 I.
510 3252 534 3301 h.
550 3259 567 3300 t.
583 3249 620 3318 (tt,
634 3252 668 3316 a).
732 3248 754 3317 ⁶)
772 3251 926 3301 Necessario
944 3264 981 3298 ear
996 3248 1057 3298 Gaii
1069 3250 1137 3314 stylo

171 3331 271 3380 addidi.

242 3468 268 3541 §-
285 3471 326 3522 38.
343 3484 395 3532 sup.
412 3463 511 3534 comm]
526 3479 546 3529 e,
562 3479 608 3518 no.
625 3479 670 3519 tte.
685 3479 732 3520 rte.
795 3462 841 3606 ἕξ
856 3468 899 3516 39.
915 3466 957 3515 40.
969 3487 1003 3507 =
1009 3478 1053 3527 pr.
1069 3463 1090 3512 1.
1106 3463 1138 3511 de

170 3558 283 3592 earcere.
297 3541 340 3592 tib.
357 3539 389 3606 (e,
404 3536 436 3604 t).
458 3539 496 3602 Cf.
516 3538 570 3602 Uip.
587 3550 622 3602 tt,
637 3552 657 3590 1.
678 3551 747 3603 29,1.
836 3578 841 3587 .
855 3540 899 3588 41.
915 3558 950 3580 ε
962 3539 987 3599 5.
1004 3549 1023 3586 1.
1043 3533 1137 3584 Leod.

173 3614 210 3676 Of.
229 3613 284 3676 Uip
300 3625 335 3675 so,
351 3624 370 3662 1.
