2542 3909
160 190 201 250 58
505 198 531 231 sa.
551 184 662 231 rrnms
681 195 780 230 crunno.

222 319 273 381 46.
296 320 339 378 d„
355 322 392 377 lta
406 322 498 393 credo,
514 322 562 377 sed
577 329 666 377 tamen
681 322 734 378 hoc
749 322 836 394 magis
851 336 896 375 ees
911 336 956 375 res
971 327 999 375 et
1014 319 1127 377 memini

160 416 188 465 et
202 414 325 479 expecto,
344 406 417 479 quod
433 414 460 462 et
475 406 506 461 ad
521 404 690 479 pontificium
705 407 748 460 ius
763 412 791 461 et
806 405 839 460 ad
855 403 936 459 ciude
950 405 1099 477 pertinent.

222 492 264 547 M.
287 489 366 559 Vero,
383 499 411 545 et
425 506 439 546 a
453 490 624 565 peritissimis
640 497 705 545 sunt
724 491 786 546 istis
801 489 834 544 de
849 487 933 543 rebus
948 496 976 544 et
991 504 1126 562 responsa

160 584 187 631 et
201 575 301 648 scripta
315 574 415 645 multa,
437 582 464 629 et
479 590 530 647 ego
545 575 574 629 iu
588 574 642 631 hoc
656 574 729 629 omni
741 589 867 628 sermone
881 579 988 643 nostro,
1004 572 1078 643 quod
1089 572 1125 627 ad

159 674 276 732 cumque
297 658 366 731 legis
381 674 468 731 genus
484 674 527 713 me
543 657 692 730 disputatio
707 665 801 713 nostra
815 655 973 726 deduxerit,
989 655 1126 727 tractabo,

160 742 248 815 quoad
265 749 374 815 potero,
395 743 453 809 eius
473 744 558 815 ipsius
580 742 688 815 generis
702 742 745 795 ius
760 740 841 796 ciuile
856 747 991 811 nostrum,
1013 740 1124 810 sedita,

159 827 236 886 loom
251 835 282 882 ut
297 828 355 899 ipse
369 835 452 881 notus
467 827 513 897 sit,
530 842 562 880 er
577 841 631 897 quo
648 825 763 881 ducatur
780 839 904 897 quaeque
917 839 980 897 pars
995 824 1078 894 iuris,
1092 832 1134 880 ut

160 927 216 965 non
230 908 339 965 dilficile
353 911 398 979 sit,
416 911 463 983 qui
478 908 559 965 modo
575 910 685 981 iugenio
700 909 790 981 possit
805 909 920 979 moueri,
936 922 1126 980 quaecumque

159 1010 232 1051 noua
247 1010 325 1051 causa
341 993 543 1049 consultatione
557 991 696 1063 acciderit,
707 993 766 1048 eius
779 993 935 1062 ieremias,
950 1007 1032 1063 quom
1042 993 1124 1064 scias,

161 1096 174 1133 a
200 1095 254 1152 quo
281 1080 318 1134 sit
343 1078 431 1149 capite
457 1075 643 1149 repetendum.
681 1075 746 1132 lllV.
768 1070 815 1133 tr.
835 1076 884 1131 sed
905 1076 972 1131 iuris
993 1074 1124 1145 consulti,

160 1164 218 1219 siue
233 1163 333 1219 erroris
350 1158 485 1215 obiciendi
500 1174 589 1230 causa,
605 1176 661 1234 quo
672 1160 751 1233 plura
762 1168 790 1215 et
802 1158 956 1215 difficiliora
967 1160 1038 1214 scire
1051 1159 1125 1215 uide-

161 1254 251 1315 antur,
274 1246 343 1314 siue,
366 1244 439 1316 quod
454 1243 567 1299 similius
583 1246 643 1299 ueri
658 1252 710 1317 est,
733 1245 904 1317 ignoratione
920 1242 1046 1312 docendi,
1061 1259 1124 1299 narn

160 1345 214 1385 uon
235 1327 322 1384 solum
344 1329 413 1383 seire
434 1327 535 1400 aliquid
549 1330 614 1383 artis
630 1336 690 1399 est,
710 1328 757 1384 scd
773 1327 904 1401 quaedam
919 1343 963 1382 ars
978 1327 1060 1400 etiam
1075 1327 1125 1382 do·

160 1412 247 1484 cendi,
264 1428 355 1485 saepe,
377 1411 450 1483 quod
464 1413 583 1485 positum
599 1421 642 1467 est
657 1414 685 1468 in
699 1428 752 1468 uua
766 1412 934 1485 cognitione,
954 1410 981 1466 id
998 1405 1047 1484 (iae)
1062 1409 1125 1466 iuli·

160 1499 243 1554 uitam
258 1496 470 1569 dispertiuntur:
492 1496 569 1551 uelut
582 1498 610 1551 iu
625 1496 679 1552 hoc
691 1498 752 1569 ipso
768 1512 878 1569 genere,
900 1511 980 1568 quam
995 1510 1124 1569 magnum

159 1580 226 1637 illud
242 1579 387 1637 Scaeuolae
404 1580 515 1650 iaciunt,
537 1578 679 1652 pontifices
695 1579 772 1636 ambo
789 1587 818 1634 et
831 1580 918 1635 eidem
933 1580 999 1634 iuris
1014 1580 1123 1652 peritis·

159 1665 230 1723 simi.
262 1663 379 1736 ‘saepe',
400 1665 489 1737 inquit
503 1663 580 1719 Publi
599 1662 681 1733 lilius,
697 1663 740 1719 ‘er
755 1671 831 1737 patre
847 1663 948 1734 audiui,
964 1661 1123 1737 pontificem

159 1748 261 1805 bouum
274 1749 408 1803 neminem
424 1764 484 1804 esse
498 1750 552 1803 nisi
564 1749 611 1821 qui
626 1748 668 1803 ius
684 1747 765 1803 ciuile
780 1746 951 1821 cognosset'.
979 1747 1125 1803 totumne?

160 1831 225 1905 quid
240 1831 296 1886 ital
318 1830 382 1904 quid
403 1833 474 1887 euim
489 1831 522 1887 ad
537 1830 692 1904 pontificem
707 1831 741 1887 de
755 1833 815 1887 iure
830 1833 963 1904 parietum
977 1839 1025 1886 aut
1039 1847 1125 1905 aqua·

159 1932 219 1973 rum
241 1923 288 1971 aut
309 1914 366 1971 ullo
382 1917 492 1972 omniuo
508 1916 559 1971 nisi
575 1931 618 1986 eo,
634 1916 708 1989 quod
722 1932 784 1972 cum
798 1911 933 1988 religione
948 1916 1126 1972 coniunctum

160 2000 219 2057 esti
239 1998 267 2054 id
287 2006 377 2055 auteur
398 1999 558 2072 quantulum
578 2008 630 2056 est.
660 2000 694 2055 de
714 2001 808 2070 sacris,
831 1999 924 2070 credo,
940 1999 974 2055 de
988 2002 1072 2071 uotis,
1087 1998 1125 2054 de

159 2083 235 2140 lerlls
250 2090 278 2138 et
293 2082 326 2139 de
341 2082 494 2157 sepulchris
509 2090 537 2139 et
552 2084 575 2139 si
591 2084 656 2158 quid
670 2085 728 2140 eius
743 2083 816 2140 modi
827 2091 879 2139 est.
899 2100 949 2139 cur
959 2085 1044 2156 igitur
1055 2084 1125 2139 baec

158 2166 371 2239 malefacimus,
392 2183 452 2223 cum
468 2175 556 2223 cetera
571 2184 704 2241 perperna
718 2171 784 2238 sint,
804 2167 838 2223 de
853 2169 936 2223 sacris
951 2176 1053 2241 autem,
1074 2167 1125 2242 qui

158 2252 236 2309 locus
251 2259 327 2325 potet
341 2251 433 2321 latius,
450 2253 516 2307 baec
531 2254 567 2307 sit
578 2267 632 2307 una
643 2253 789 2323 sententia,
800 2261 831 2307 ut
842 2259 1039 2309 conseruentur
1049 2268 1123 2307 sem·

157 2352 207 2410 per
226 2344 254 2391 et
273 2336 400 2407 deinceps
419 2334 526 2390 familiis
547 2334 698 2408 prodantur
718 2344 755 2407 et,
775 2342 807 2391 ut
827 2338 855 2390 in
869 2335 932 2409 lege
946 2337 1042 2410 posui,
1057 2351 1124 2409 per-

158 2427 241 2494 petua
260 2421 315 2474 sint
334 2434 418 2475 sacra.
447 2414 497 2474 48.
521 2417 586 2475 'hoc
604 2414 678 2492 port¹
700 2418 858 2493 pontificum
879 2422 1042 2477 auctoritate
1056 2436 1123 2478 cou-

159 2511 251 2559 secnta
271 2510 352 2574 sunt,
378 2509 409 2557 ut
428 2518 461 2557 ue
481 2511 569 2559 morte
588 2505 673 2577 patris
695 2504 811 2560 familias
830 2520 971 2560 sacrorum
991 2506 1122 2562 memoria

159 2586 304 2654 occideret,
319 2586 352 2641 iis
368 2592 460 2641 essent
475 2587 659 2659 candiubrio,
674 2588 708 2643 ad
722 2605 793 2662 quos
808 2587 929 2644 eiusdem
940 2597 1029 2645 morte
1039 2605 1122 2662 pecu·

158 2672 201 2726 uia
224 2671 338 2729 uenerit.
369 2670 421 2726 hoe
442 2687 495 2726 uuo
517 2673 618 2744 posito,
641 2672 715 2746 quod
735 2672 826 2728 estad
841 2673 1025 2746 cognitionem
1041 2672 1121 2731 disci·

157 2754 247 2829 plinae
267 2754 342 2825 satis,
364 2754 567 2811 innumerabilia
588 2764 745 2827 nascuntur,
767 2755 865 2829 quibus
887 2756 1036 2829 implentur
1054 2759 1121 2815 iuris

158 2836 345 2895 consultorum
362 2836 432 2895 libri.
462 2850 630 2913 quaeruntur
649 2841 729 2906 enim,
750 2841 797 2913 qui
817 2842 1005 2914 astringantur
1022 2843 1117 2898 sacris.

158 2922 288 2977 heredum
303 2938 382 2977 causa
396 2924 543 2980 iustissima
558 2933 617 2994 est3
632 2924 707 2980 nulla
722 2933 765 2980 est
779 2926 850 2981 enim
864 2940 990 2998 persona,
1007 2942 1076 2999 quae
1087 2925 1121 2981 ad

158 3007 243 3061 uicem
259 3006 328 3078 eius,
351 3008 397 3079 qul
412 3024 427 3063 e
442 3010 498 3064 uita
516 3009 664 3082 emigrant,
679 3009 792 3082 propius
807 3008 926 3066 accedat.
952 3006 1058 3081 deinde,
1073 3011 1121 3083 qul

158 3097 246 3147 morte
272 3097 472 3148 testamentoue
500 3093 558 3147 eius
583 3091 740 3148 tantundem
762 3093 850 3167 caplat
872 3101 1002 3166 quantum
1026 3109 1121 3150 omnes

157 3170 285 3229 heredes:
301 3174 327 3229 id
344 3192 453 3249 quoque
469 3174 581 3246 ordine;
604 3183 646 3231 est
660 3177 731 3232 enim
747 3176 832 3247 adid,
852 3177 926 3250 quod
947 3179 1120 3251 propositum

157 3266 209 3330 est,
225 3258 466 3317 adcommodatum.
495 3259 666 3330 tntiulocm
681 3261 798 3317 sinemo
813 3261 851 3317 sit
866 3262 955 3332 heres,
971 3262 1006 3333 is,
1023 3263 1069 3335 qui
1085 3261 1120 3318 de

229 3446 249 3515 ¹)
263 3450 323 3499 baec
337 3448 415 3511 posite
429 3448 488 3497 haec
503 3449 554 3497 iura
568 3450 593 3497 A
607 3450 666 3499 baec
679 3450 731 3499 iura
744 3450 791 3500 ced
804 3452 899 3501 lineola
908 3450 1035 3501 subducto
1044 3450 1119 3501 Ber·

155 3520 233 3577 posite
247 3521 307 3569 haec
322 3518 373 3567 iura
389 3518 428 3567 ed.
449 3518 479 3567 V.

1222 3731 1249 3863 j
