2542 3909
327 197 386 234 uos.
406 196 521 268 resnou.
540 195 630 232 nnevu
648 192 754 231 coenan.
773 174 806 228 X.
827 181 905 231 b-'l-
1028 177 1090 245 679

199 325 265 402 llap.
288 326 318 384 V.
363 325 445 384 lidem
467 321 605 400 ’Augusti¹
629 333 657 381 et
678 325 802 382 Caesares
818 325 928 380 Aurelio
951 332 979 382 et
1000 323 1094 381 Eusta·
1141 377 1146 386 ,
1225 379 1227 382 .

136 413 194 470 thio
211 420 239 468 et
255 411 383 467 blosimo.
429 409 464 481 ls,
488 411 533 483 qui
550 410 703 484 depositum
720 409 850 483 suscepit,
866 409 938 465 ultra
952 408 1055 480 dolum,
1071 411 1093 464 si

136 513 192 552 non
208 494 280 551 eliud
295 493 450 567 specialiter
464 496 608 564 conuenit,
630 502 767 567 praestare
789 493 855 548 nihil
878 509 989 549 necesse
1005 492 1094 551 babet.

137 580 220 636 Cuius
235 594 338 634 memor
352 579 436 648 luris,
455 587 546 636 rector
560 578 733 652 prouinciae,
756 578 872 651 partium
888 577 1095 650 allegationibus

138 663 254 735 auditis,
282 679 332 736 pro
355 655 560 736 ’repertorum²
582 661 710 735 qualitate
732 677 807 717 suam
830 660 964 717 ordinabit
987 668 1096 717 senten·

137 749 211 803 tiam.
255 745 414 820 Subscripta
429 762 492 805 xlv.
508 745 565 803 llal.
582 745 651 802 Nou.
666 737 817 819 Appiaria.⁸

202 830 269 904 Kap.
286 830 329 885 vt.
374 823 469 886 ⁴lidem
491 831 607 904 Augusti
629 837 658 886 et
677 829 804 885 Caesares
819 826 963 902 Septimiae
978 827 1097 896 Quadra·

137 914 222 971 tillae.
268 911 318 980 Qui
334 913 398 970 dolo
415 914 483 970 malo
507 913 660 986 depositum
682 929 738 969 uon
759 913 896 983 restituit,
915 910 967 968 suo
987 915 1097 968 nomine

138 1006 303 1071 conuentus,
325 997 358 1054 ad
374 999 431 1054 eius
447 998 646 1054 restitutionem
661 1011 721 1052 cum
738 996 861 1052 infamiae
879 995 1000 1070 periculo
1016 1013 1098 1070 urge·

137 1090 194 1139 tur.
225 1081 384 1156 subscripta
400 1081 485 1155 pridie
500 1081 561 1136 ldus
577 1079 735 1136 Decembres
750 1079 931 1150 Nicomediae,
947 1079 996 1134 CC.
1009 1074 1098 1140 οοεε.ὁ

202 1165 268 1239 llap.
292 1165 345 1222 Vll.
390 1164 515 1221 Paulus
543 1163 635 1220 libro
658 1162 810 1220 secundo
837 1163 1096 1220 sententiarum

138 1249 200 1308 sub
223 1249 332 1306 titulo
355 1249 393 1305 de
415 1240 602 1320 deposit0.⁶
645 1245 672 1304 1.
695 1239 851 1320 ⁷lleponere
866 1262 1011 1320 possumus
1026 1245 1097 1319 apud

138 1333 222 1392 alium
236 1333 272 1402 id,
290 1332 362 1406 quod
379 1333 467 1388 nostri
481 1332 546 1387 iuris
562 1337 614 1401 est,
629 1329 675 1388 uel
689 1331 779 1387 alieni.
815 1325 845 1387 2.
867 1324 1041 1404 ⁸llepositum
1056 1339 1099 1385 est

139 1417 217 1492 quasi
232 1415 278 1472 diu
293 1417 421 1490 positum.
467 1414 633 1472 Seruaudum
653 1421 710 1485 est,
733 1414 807 1488 quod
828 1415 862 1470 ad
883 1414 968 1471 breue
990 1421 1098 1489 tempus

139 1499 347 1558 custodiendum
363 1493 467 1556 datur.⁹
509 1496 539 1556 3.
564 1493 736 1572 ¹⁰llepouere
758 1498 882 1569 indetur,
906 1499 1002 1571 quiin
1025 1508 1098 1557 metu

138 1588 246 1658 ruinae,
269 1584 400 1656 incendii,
430 1583 563 1657 naufragii
592 1582 663 1658 apud
685 1582 765 1638 alium
787 1581 928 1642 custodiae
951 1599 1030 1641 neusa
1052 1583 1098 1640 de·

138 1673 227 1744 ponit.
270 1665 302 1728 4.
325 1669 464 1742 Deponere
486 1668 596 1724 uidetur
618 1676 646 1724 et
668 1669 707 1738 is,
737 1666 783 1740 qui
804 1675 958 1741 suspectam
986 1666 1098 1739 habens,

138 1753 185 1810 uel
213 1755 300 1809 minus
329 1752 453 1808 idoneam
481 1752 628 1808 custodiam
657 1751 768 1817 domus,
801 1751 846 1807 uel
879 1751 934 1806 uim
950 1751 1099 1809 ,latronum

140 1839 248 1908 timens,
263 1836 334 1911 apud
351 1836 466 1908 aliquem
482 1851 539 1891 rem
560 1833 764 1890 custodiendam
780 1833 961 1890 commendat.
997 1831 1025 1893 d.
1044 1827 1100 1889 ¹¹Si

140 1919 287 1990 sacculum,
308 1919 353 1976 uel
369 1928 512 1992 argentum
527 1910 729 1993 ’penatum
744 1916 908 1992 deposuero,
924 1925 953 1973 et
967 1918 999 1984 is,
1014 1933 1099 1990 penes

65 2013 130 2065 [58³]
143 2021 223 2078 quem
239 2005 393 2078 depositum
408 2003 472 2074 luit,
494 2018 536 2058 me
552 2003 638 2059 inuito
653 2002 878 2070 contrectauerit‚
895 2008 924 2055 et
937 1999 1056 2075 depositi
1073 2010 1100 2058 et

140 2089 208 2145 lurti
236 2091 306 2145 actio
333 2088 397 2144 mibi
419 2089 446 2143 in
469 2103 530 2142 eum
559 2086 699 2158 competit.
743 2080 773 2144 6.
805 2077 873 2140 1301)
898 2099 941 2139 res
963 2084 1099 2158 depositas

141 2170 221 2228 dolus
244 2179 349 2228 tantum
372 2172 503 2244 praestari
526 2169 606 2226 solet.
650 2164 676 2225 7.
708 2162 768 2224 ¹⁴lu
795 2167 896 2225 iudicio
922 2167 1040 2242 depositi
1067 2185 1100 2225 ex

140 2272 216 2312 mora
233 2263 260 2311 et
282 2253 387 2312 fructus
403 2255 527 2326 ueniunt,
550 2263 578 2309 et
592 2269 691 2310 usurae
706 2255 747 2310 rei
761 2252 901 2326 depositae
915 2259 1099 2325 praestantur.

140 2338 170 2397 8.
196 2333 259 2396 ¹⁵Si
275 2340 335 2412 quis
351 2353 407 2393 rem
429 2354 512 2412 penes
528 2353 557 2394 se
572 2337 722 2410 depositam
744 2337 815 2410 apud
831 2337 911 2392 elium
932 2336 1100 2411 deposuerit,

143 2431 196 2481 tem
212 2425 270 2498 ipse
286 2422 424 2495 directam,
447 2423 573 2494 quomis,
593 2423 640 2493 qui
655 2417 726 2496 apud
743 2437 805 2477 eum
819 2420 956 2495 deposuit,
981 2413 1100 2477 ¹⁶utilem

143 2508 275 2564 actionem
299 2506 415 2579 depositi
438 2504 536 2561 habere
556 2514 682 2578 possunt.
719 2502 748 2560 9.
774 2497 833 2561 ¹⁷Si
857 2506 994 2578 pecuniam
1018 2504 1101 2578 depo·
1125 2580 1132 2590 ·

216 2689 237 2759 l)
251 2692 296 2742 Ere
313 2691 400 2742 Ouiae,
416 2693 449 2754 ς).
464 2698 577 2753 augustus
591 2691 622 2740 B.
638 2693 677 2742 ed.
692 2691 733 2745 Bl.
790 2687 811 2756 ²)
826 2691 936 2754 Scripsi.
966 2698 1103 2756 ereptorum
1151 2715 1154 2720 ·

144 2763 206 2814 Cdd.
226 2764 284 2816 edd.
350 2759 371 2829 8)
386 2761 531 2826 Supplendi
549 2763 626 2812 iidem
645 2765 764 2812 consules
782 2778 806 2811 a.
826 2772 950 2825 tec—toa.
1015 2759 1036 2825 ⁴)
1054 2761 1104 2811 Eat

142 2835 174 2886 L.
190 2845 223 2886 10.
250 2833 276 2883 0.
296 2834 383 2896 depos.
403 2831 440 2898 (4,
458 2830 502 2897 34).
568 2831 589 2898 ⁶)
604 2849 628 2882 a.
648 2843 771 2884 asc-302.
837 2829 923 2898 ⁰)Fan
940 2832 1103 2896 sequentibus

142 2907 183 2966 ἐξ.
197 2914 218 2955 5.
233 2910 258 2954 et
272 2915 292 2954 t.
307 2910 412 2953 exstant
426 2905 502 2952 etiam
517 2898 544 2950 in
560 2903 636 2952 Paul.
650 2902 677 2952 S.
694 2903 725 2952 R.
740 2915 766 2960 u,
781 2913 815 2953 12.
882 2899 903 2966 7)
920 2902 959 2965 Cfi
974 2903 1006 2951 L.
1020 2913 1047 2953 ta
1057 2918 1100 2965 pr.

141 2975 175 3024 D.
191 2974 222 3024 de
237 2975 316 3024 indic.
333 2973 365 3040 (o,
375 2973 408 3039 1).
426 2973 459 3022 L.
470 2986 490 3023 1.
506 2975 529 3034 ἓ.
539 2984 573 3024 te.
588 2973 619 3022 L.
630 2974 709 3036 elfin.
728 2973 761 3021 J).
777 2973 868 3034 depos:
880 2970 926 3036 (16,
940 2969 972 3036 e).
1025 2969 1046 3036 8)
1063 2972 1102 3034 Cf.

142 3045 175 3095 L.
191 3057 257 3108 tpr.
277 3045 310 3096 D.
325 3045 381 3094 eod.
446 3040 468 3110 9)
482 3041 580 3093 Sabidi.
595 3043 643 3093 boc
653 3043 749 3106 probat
769 3043 864 3106 Virpil
879 3044 926 3090 ecl.
940 3053 962 3100 3,
978 3052 1012 3093 tn.
1031 3052 1052 3100 5,
1067 3053 1101 3092 12.

142 3115 233 3165 Sedet
246 3115 401 3164 seruandum
416 3115 502 3164 dotum
517 3115 627 3177 depositi
646 3129 750 3163 numero
769 3127 837 3170 ense,
857 3119 967 3175 apparet
984 3127 1019 3161 ex
1033 3112 1065 3160 L.
1082 3125 1102 3162 1.

142 3188 181 3250 ἐξ.
197 3198 217 3237 8.
233 3197 267 3237 11.
286 3185 318 3234 L.
333 3197 359 3236 et
370 3186 416 3248 fin.
431 3185 465 3234 D.
480 3185 535 3234 eod.
590 3181 622 3250 ἕο)
640 3183 677 3248 Of.
692 3199 764 3248 supr.
780 3199 802 3233 c.
813 3195 834 3234 2.
849 3186 871 3244 ἓ.
883 3195 903 3233 t.
958 3179 991 3249 11)
1005 3181 1103 3232 Exstat

142 3258 170 3306 t'n
185 3257 217 3305 L.
232 3268 258 3308 29
273 3271 318 3320 pr..
341 3256 374 3304 D.
395 3255 450 3305 eod.
470 3262 495 3305 et
513 3255 589 3306 Paul.
610 3255 665 3304 Via.
680 3268 705 3313 1,
721 3267 753 3306 12.
773 3256 797 3316 6.
811 3266 832 3303 1.
861 3253 898 3316 Of.
915 3251 946 3300 L.
961 3265 982 3304 3.
1004 3252 1030 3302 0.
1046 3254 1102 3303 eod.

144 3325 175 3391 (4,
190 3326 235 3393 ec).
300 3321 332 3390 ¹²)
347 3325 392 3374 Ex
406 3327 466 3392 Dip.
530 3313 561 3390 13)
578 3325 616 3389 Cfi
631 3341 703 3388 supr.
719 3336 739 3383 2,
754 3338 775 3375 1.
839 3320 871 3388 ¹⁴)
888 3323 926 3387 Cf.
942 3323 973 3371 L.
989 3337 1009 3374 1.
1029 3326 1052 3385 ξ.
1067 3335 1102 3373 24.

143 3397 175 3444 L.
192 3407 224 3448 25.
241 3399 264 3459 ξ.
280 3410 300 3448 1.
316 3397 348 3445 L.
363 3407 397 3447 no.
413 3397 435 3457 θ.
451 3408 471 3446 1.
491 3396 523 3444 D.
539 3396 563 3445 b.
578 3403 595 3447 t.
611 3396 643 3444 L.
658 3406 679 3445 s.
701 3396 726 3444 C.
742 3396 798 3445 eod.
853 3391 885 3461 15)
902 3393 1102 3457 GfiL.1.§.11.

143 3466 175 3515 L.
187 3479 220 3517 to.
235 3469 268 3516 1).
279 3468 303 3516 b.
315 3474 332 3516 t.
382 3463 414 3530 ¹⁰)
434 3467 510 3515 Velut
519 3467 543 3516 ei
552 3473 659 3529 pactum
670 3467 815 3524 intervenit,
830 3473 858 3514 ut
868 3466 928 3514 buic
939 3465 1101 3514 redderetur.

143 3525 211 3588 Le.
235 3537 312 3588 0.αά
329 3536 415 3586 embib.
436 3536 471 3602 (e,
490 3533 536 3601 42),
604 3533 637 3601 ¹⁷)
654 3537 692 3600 Cf.
712 3537 826 3599 Lepr.
848 3537 880 3584 L.
895 3548 915 3587 o.
936 3537 959 3597 §-
974 3547 994 3586 o.
1021 3535 1053 3583 L.
1068 3546 1102 3585 1o.
