2542 3909
177 235 218 293 42
518 243 545 276 u.
565 242 675 277 rurum
693 240 794 277 crcuno.

176 379 219 427 est
234 386 276 445 ea,
293 384 361 442 quae
376 368 482 441 genuit,
503 383 582 440 quam
597 366 652 437 illa,
669 384 739 440 quae
753 367 868 440 excepit.
897 368 989 441 itaque
1004 384 1056 441 ego
1072 368 1143 426 lianc

114 485 116 487 ·
176 468 262 509 meam
283 468 343 508 esse
364 452 477 524 patriam
499 467 612 525 prorsus
635 467 781 524 numquam
802 450 922 523 negabo,
946 451 1009 507 dum
1034 450 1082 507 illa
1105 454 1143 507 sit

177 538 271 608 maior,
292 535 358 591 haec
376 536 405 590 in
426 550 457 590 ea
476 536 664 604 contineatur;
683 528 738 592 **¹
758 534 838 592 habet
853 536 980 606 ciuitatis,
1003 543 1046 590 set
1060 551 1142 591 unam

176 620 249 677 illam
265 620 402 675 ciuitatem
417 625 503 691 putat.

239 702 281 763 lll.
301 700 330 761 6.
358 702 391 758 Α.
419 700 502 758 Recte
522 702 608 775 igitur
629 701 742 775 Magnus
764 702 811 758 ille
832 710 929 758 noster
949 718 994 757 me
1015 702 1143 758 audiente

177 788 269 861 posuit
289 788 317 842 in
335 785 446 857 iudicio,
466 801 549 859 quom
569 801 619 857 pro
634 787 730 857 Ampio
750 793 839 841 tecum
855 785 935 841 simul
949 784 1067 857 diceret,
1083 802 1143 842 rem

176 870 308 944 publicam
336 878 455 926 nostram
483 869 644 924 iustissimas
672 869 736 924 lruic
761 871 906 941 municipio
934 870 1033 943 gratias
1059 885 1143 942 agere

176 970 267 1027 posse,
289 954 364 1028 quod
383 970 415 1009 ex
430 969 463 1009 eo
479 952 533 1008 duo
547 954 590 1007 sui
609 961 818 1008 conseruatores
839 954 1006 1009 extitissent:
1027 954 1070 1011 uti
1087 955 1142 1008 ianr

177 1037 269 1095 uidear
283 1038 388 1110 adduci,
408 1038 479 1093 lianc
493 1053 611 1109 quoque,
634 1052 702 1109 quae
718 1044 744 1092 te
765 1037 924 1110 procrearit,
945 1052 1005 1092 ease
1026 1038 1142 1109 patriam

177 1131 261 1179 tuam.
290 1123 339 1179 sed
360 1131 474 1179 uantum
495 1122 522 1176 in
543 1120 658 1177 insulam
678 1128 738 1188 est3
758 1120 809 1177 hac
827 1135 895 1176 uero
910 1119 977 1175 nihil
992 1127 1037 1175 est
1050 1136 1142 1177 amoe-

177 1208 247 1262 nius.
277 1214 308 1261 ut
328 1208 398 1261 enim
420 1204 473 1259 hoc
495 1205 571 1276 quasi
587 1211 679 1259 rostro
693 1202 805 1259 finditur
821 1201 968 1274 Fibrenus,
988 1211 1016 1259 et
1036 1204 1142 1261 diuisus

177 1288 325 1361 aequaliter
343 1290 372 1344 in
392 1289 459 1345 duas
474 1295 565 1359 partes
580 1287 665 1343 latera
680 1288 746 1343 haec
760 1286 847 1343 adluit
860 1287 1007 1361 rapideque
1022 1288 1142 1361 dilapsus

176 1374 231 1428 cito
251 1373 279 1427 in
302 1388 385 1428 unum
407 1370 520 1429 confluit
542 1380 569 1425 et
591 1379 694 1426 tantum
716 1370 899 1445 conplectitur
920 1372 994 1445 quod
1015 1374 1082 1427 satis
1105 1374 1142 1427 sit

176 1454 296 1511 modicae
317 1456 468 1529 palaestrae
489 1454 552 1510 loci.
597 1470 651 1527 quo
674 1448 788 1526 effecto,
808 1462 945 1529 tamquam
966 1455 995 1511 id
1017 1454 1144 1512 habuerit

177 1541 267 1613 operis
282 1556 312 1595 ac
326 1542 460 1608 muneris,
483 1546 515 1593 ut
534 1538 603 1594 hanc
618 1537 696 1593 nobis
712 1536 833 1594 efiiceret
847 1539 937 1595 sedem
951 1537 986 1594 ad
1001 1539 1143 1613 disputan·

176 1623 251 1693 dum,
266 1624 355 1678 statim
370 1622 528 1696 praecipitat
542 1624 570 1677 in
585 1620 673 1676 Lirem
685 1630 723 1692 et,
738 1623 815 1695 quasi
827 1624 854 1679 in
866 1622 991 1678 familiam
1001 1625 1143 1696 patritiam

176 1706 292 1775 uenerit,
314 1709 412 1763 amittit
431 1722 530 1762 nomon
551 1703 692 1762 obscurius
711 1704 854 1779 Liremque
873 1707 959 1763 multo
980 1706 1143 1781 gelidiorem

177 1790 252 1859 lacit3
268 1806 319 1845 nec
332 1792 404 1845 enim
418 1788 503 1846 ullum
518 1790 571 1846 hoc
585 1789 711 1862 frigidius
722 1788 824 1846 llumen
834 1792 922 1864 attigi,
938 1807 998 1846 cum
1011 1790 1044 1846 ad
1056 1791 1142 1847 multa

177 1874 343 1945 accesserim,
367 1881 398 1929 ut
412 1874 458 1929 uix
472 1873 541 1946 pede
555 1882 688 1946 temptare
702 1872 730 1928 id
744 1875 858 1946 possim,
879 1874 954 1947 quod
973 1876 1001 1929 in
1017 1874 1141 1931 Phaedro

175 1956 295 2013 Platonis
313 1957 375 2013 lacit
391 1957 526 2014 Socrates.

238 2035 264 2095 7.
285 2038 327 2095 Μ.
350 2039 398 2096 Est
412 2057 479 2096 uero
493 2042 546 2108 ita;
568 2038 616 2095 sed
636 2048 727 2097 minen
747 2040 811 2097 lauic
825 2042 989 2112 amoenitati,
1012 2058 1091 2115 quem
1106 2058 1142 2099 ex

176 2122 276 2191 Quinto
291 2140 371 2199 saepe
385 2124 476 2196 audio,
497 2124 623 2197 'lhyamis
638 2123 763 2197 Epirotes
783 2132 849 2181 tuns
869 2124 917 2180 ille
930 2124 1008 2200 nihil,
1029 2128 1141 2199 opinor,

175 2210 349 2269 concesserit.

238 2291 273 2359 Q.
297 2291 344 2348 llst
364 2294 410 2364 ita,
433 2300 464 2348 ut
478 2291 561 2360 dicis;
578 2308 645 2348 caue
660 2294 730 2347 eninr
746 2299 837 2365 putes,
854 2292 934 2348 narret
948 2294 1036 2349 nostri
1050 2292 1141 2347 Amal·

175 2376 232 2431 thio
254 2375 424 2449 platonisque
438 2375 491 2430 illis
507 2376 651 2447 quicquam
665 2390 726 2429 esse
741 2376 914 2447 praeclarius.
943 2376 1002 2447 sed,
1024 2376 1048 2431 si
1063 2376 1141 2431 uide·

174 2469 229 2529 tur,
253 2457 423 2513 considamus
444 2458 488 2513 hic
506 2459 534 2512 in
549 2456 643 2513 umbra
658 2467 739 2531 atque
753 2459 785 2514 ad
801 2476 859 2515 eam
874 2467 979 2533 partem
993 2461 1136 2530 sermon'm,

174 2557 207 2597 ex
222 2557 275 2615 qua
288 2543 392 2615 egressi
407 2556 511 2609 sumus,
525 2548 705 2597 reuertamur.

236 2624 278 2681 M.
300 2624 440 2680 Praeclare
455 2624 551 2697 exigis,
566 2623 680 2699 Quinte3
696 2634 724 2681 at
735 2642 788 2700 ego
799 2626 928 2700 effugisse
938 2626 1097 2699 arbitrabar,
1108 2635 1138 2683 et

174 2707 223 2764 tihi
238 2709 336 2765 horum
350 2708 417 2763 nihil
432 2706 524 2764 deberi
537 2716 640 2781 potest.

237 2792 271 2860 Q.
295 2790 391 2847 Ordire
405 2792 504 2864 igitur3
520 2808 581 2847 nam
597 2793 670 2849 hunc
685 2792 734 2848 tibi
749 2801 838 2849 totum
853 2794 972 2851 dicamus
986 2793 1067 2851 diem.

236 2875 277 2930 M.
299 2872 332 2929 ‘A
346 2874 411 2931 loue
425 2873 559 2931 llusarum
579 2874 753 2949 primordia,'
775 2878 847 2933 nont
865 2879 893 2933 iu
908 2880 999 2935 Aratio
1021 2872 1152 2936 carmina'

175 2975 228 3015 orsr
244 2974 348 3014 sumus.
473 3013 476 3019 ,

237 3041 271 3109 Q.
294 3039 428 3108 Quorsum
444 3044 533 3100 istuc?

235 3125 276 3180 M.
300 3123 365 3192 Quia
387 3143 460 3183 nuuc
479 3129 543 3183 item
564 3126 597 3182 ah
613 3127 708 3184 codem
723 3135 752 3183 et
765 3144 782 3183 a
796 3130 896 3185 ceteris
910 3129 963 3185 diis
978 3128 1138 3188 immortali·

172 3207 223 3265 lus
238 3217 303 3265 sunt
317 3208 396 3265 nohis
410 3210 508 3285 agendi
525 3209 651 3283 capienda
665 3209 821 3284 primordia.

245 3411 264 3481 ²)
279 3414 389 3479 supple:
410 3410 502 3477 ‘neque
516 3415 583 3463 enim
596 3414 673 3462 etiam
686 3415 761 3472 duaa,
776 3431 833 3465 cum
846 3416 879 3465 ud
893 3419 977 3466 altera
991 3420 1049 3483 quia
1063 3422 1137 3469 exci-

170 3482 544 3606 {ffiuzrfffeggpwfflffl
553 3483 610 3533 edd.
626 3486 724 3547 scripsi
735 3493 779 3533 set.
818 3484 918 3536 Similis
934 3490 1006 3538 luam
1023 3488 1139 3540 adami
