2542 3909
167 194 228 251 128
491 199 513 233 c.
533 195 639 236 cnssrvs
658 195 796 230 conannas.

228 325 276 384 25.
301 325 477 397 Triumphum
498 322 528 379 P.
552 321 702 377 Ventidium
719 321 752 376 de
766 320 872 377 Parthis
896 321 985 377 uoluit
1008 318 1055 395 (sc.
1072 322 1129 379 lor-

166 408 239 483 tuna)
264 408 371 483 quidem
393 407 492 478 solum,
513 405 563 461 sed
584 404 699 460 eundem
720 406 747 459 in
769 405 906 478 triumpho
930 400 1062 461 Asculano
1079 406 1127 463 Cn.

164 494 285 567 Pompeii
299 491 375 547 duxit
396 506 520 565 puerum,
536 505 697 562 quamquam
712 488 845 545 Masurius
860 496 955 545 auctor
970 497 1022 558 est,
1043 488 1128 545 liis-io

166 577 303 648 triumpho
318 574 440 631 ductum.
456 602 498 615 --
512 572 581 629 Plin.
597 572 629 627 N.
646 571 679 629 ll.
696 572 723 643 7,
740 572 791 629 43.
808 572 836 643 3.
850 571 901 629 44.

227 655 275 719 26,
297 659 398 715 Partim
418 659 489 713 enirn
504 658 685 730 scripserunt,
706 658 752 730 qui
768 665 873 727 onaret,
889 658 1002 713 introire
1018 657 1129 713 solitum

166 760 237 817 equo
258 743 417 810 uehentem3
437 750 465 798 at
482 740 596 797 Sabinus
611 740 743 796 Masurius
765 740 877 813 pedibus
893 741 998 814 ingredi
1015 749 1130 797 ouantes

166 829 238 897 dicit,
263 826 440 901 sequentihus
462 842 509 881 eos
524 841 579 881 non
594 824 741 895 militibus,
755 823 804 879 sed
821 826 948 880 uniuerso
964 832 1070 881 senatu.
1089 854 1128 865 -—

166 911 234 968 Gell.
252 910 281 977 5,
298 911 325 968 6.
343 907 371 984 3.
387 909 437 967 27.

229 991 273 1051 27.
297 988 469 1051 ¹Lihertinos
498 1008 564 1048 uero
593 991 626 1047 ab
648 992 773 1063 ingenuis
796 990 919 1064 adoptari
941 992 1049 1064 quidem
1072 993 1132 1047 iure

166 1096 257 1155 posse,
273 1079 404 1135 llasurius
419 1076 532 1132 Sabinus
547 1076 667 1148 scripsit.
702 1073 755 1129 Sed
776 1074 803 1129 id
817 1090 907 1147 neque
922 1076 1041 1147 permitti
1057 1075 1131 1143 dicit,

166 1180 256 1238 usque
270 1160 481 1237 permittendum
496 1176 557 1215 esse
573 1166 697 1230 umquam
714 1165 801 1230 putat,
822 1166 852 1213 ut
873 1158 996 1215 homines
1011 1157 1131 1215 libertini

168 1247 269 1304 ordinis
293 1262 341 1319 per
363 1244 520 1316 adoptiones
543 1244 570 1298 in
591 1244 651 1297 iura
672 1244 853 1313 ingenuorum
876 1242 1011 1298 inuadant.
1046 1242 1131 1299 ‘Alio-

168 1331 261 1405 quin’,
279 1329 378 1402 inquit,
399 1327 435 1381 ‘si
455 1326 521 1381 iuris
542 1327 594 1380 ista
613 1326 758 1398 antiquitus
779 1333 916 1397 seruetur,
938 1328 1018 1382 etiam
1033 1342 1130 1383 seruus

167 1431 181 1470 a
202 1414 310 1470 domino
331 1427 380 1485 per
399 1402 570 1483 praetorem²
592 1408 650 1464 dari
671 1411 699 1465 in
714 1408 889 1482 adoptionem
903 1409 1020 1483 potest'.
1050 1410 1132 1484 ldque

168 1500 204 1554 ait
224 1498 370 1571 plerosque
393 1495 458 1549 iuris
482 1493 582 1549 ueteris
604 1500 729 1549 auctores
751 1509 833 1566 posse
848 1491 905 1549 lieri
926 1495 1074 1567 scripsisse.
1090 1505 1184 1553 -toal

168 1581 235 1637 Geli.
252 1580 280 1651 5,
299 1579 347 1635 19.
364 1574 413 1652 33.
432 1569 565 1633 11-14.

231 1659 280 1721 28.
304 1662 449 1719 Subiecta
465 1662 504 1717 uti
518 1660 613 1715 liceret
629 1654 679 1735 (sc.
696 1659 796 1716 llamini
812 1661 876 1717 lliali
891 1661 950 1718 sine
961 1655 1043 1734 apice)
1060 1676 1130 1730 osse,

168 1765 224 1805 non
239 1746 342 1821 pridem
357 1764 371 1801 a
387 1743 560 1819 pontificibus
576 1745 767 1813 constitutum,
791 1744 921 1800 llasurius
937 1743 1049 1801 Sabinus
1064 1745 1131 1801 scri·

168 1834 233 1906 psit,
257 1838 285 1886 et
306 1830 356 1886 alia
372 1829 502 1903 quaedam
516 1829 629 1883 remissa
645 1828 786 1901 gratiaque
802 1828 905 1903 aliquot
920 1829 1131 1885 ceremoniarum

167 1917 237 1975 lacta
252 1914 359 1971 dicitur.
376 1943 417 1955 -
433 1912 500 1969 Gell.
518 1910 567 1981 10,
585 1909 632 1966 15.
652 1906 769 1985 3317.
788 1911 836 1969 18.

403 2041 437 2108 0.
460 2036 636 2106 cassius
660 2038 902 2107 LONGINVS³

354 2140 410 2208 (sub
424 2139 520 2191 Tiberio
535 2146 560 2186 et
573 2139 727 2202 sequentibus
742 2138 946 2206 imperatoribus).

231 2248 256 2308 1.
279 2250 354 2307 Circa
374 2246 474 2304 Padurn
495 2263 556 2317 cum
576 2254 715 2320 ageretur,
738 2247 812 2320 quod
833 2246 933 2304 llumen
949 2248 990 2305 ’ut
1007 2243 1134 2307 torrens⁴

170 2334 313 2409 aliquando
333 2341 388 2389 tam
410 2331 561 2387 uiolentum
576 2329 706 2402 decurrit,
723 2339 754 2387 ut
769 2330 876 2387 alueum
891 2340 1019 2389 mulctet
1034 2334 1134 2391 multo·

169 2437 230 2477 rum
251 2419 307 2474 late
329 2432 410 2490 agros
432 2423 506 2469 trans
528 2414 623 2486 ripam,
646 2421 678 2470 ut
698 2416 734 2470 ita
749 2414 845 2485 dicam,
868 2409 1038 2489 transierat,⁵
1053 2434 1134 2492 saepe

170 2505 251 2560 etiarn
271 2499 374 2557 insulas
396 2495 506 2569 efficiat,
528 2496 636 2553 Cassius
658 2498 807 2573 Longinus.
830 2498 1059 2573 prudentissimus
1081 2503 1133 2572 uir,

172 2587 239 2643 iuris
255 2592 360 2652 auctor,
375 2582 429 2637 hoc
443 2573 564 2654 statuit,⁰
580 2588 610 2636 nt
625 2582 755 2657 quidquid
771 2598 839 2655 aqua
851 2582 1031 2641 lambiscendo
1043 2584 1133 2641 abstu-

171 2670 244 2744 lerit,
266 2668 293 2723 id
315 2682 459 2740 possessor
480 2665 596 2736 amittat,
619 2668 747 2738 quoniam
768 2667 872 2723 scilicet
885 2670 970 2741 ripam
987 2684 1061 2724 suam
1076 2670 1133 2724 sine

245 2811 265 2879 ¹)
280 2813 355 2862 Haec
373 2812 497 2861 selibris
512 2815 580 2862 iaris
599 2815 685 2863 civilis
698 2829 753 2863 esse
763 2822 882 2876 possunt,
896 2814 988 2879 quidus
1000 2815 1076 2863 etiam
1091 2810 1134 2863 ‘de

172 2888 273 2935 dieram
282 2883 1134 2949 diffissionibusetconperendinationibnsetaltisquibusdamlegi-

173 2957 241 3006 tinais
255 2950 359 3003 ritibus’
375 2955 458 3018 egisse
473 2960 568 3017 potest.
586 2953 649 3004 Gell.
665 2966 699 3016 14,
714 2966 734 3005 2.
749 2956 773 3016 3.
788 2966 808 3005 1.
854 2952 875 3021 ¹)
890 2954 937 3013 Eo,
952 2956 997 3018 qui
1010 2954 1135 3013 vindicat,

172 3027 260 3076 statim
273 3024 380 3073 liberam
391 3025 522 3089 filiumque
531 3040 605 3074 snam
618 3026 646 3074 in
657 3032 784 3087 potestate
794 3040 849 3076 esse
863 3031 1001 3075 asserente.
1026 3023 1081 3085 Quo
1090 3041 1134 3075 ra-

172 3099 241 3146 tione
251 3102 276 3145 et
284 3095 402 3144 dominus
407 3096 521 3157 fiduciae
531 3110 611 3145 causa
621 3097 705 3145 amico
715 3098 886 3159 mancipatam
897 3110 999 3145 seruam
1008 3096 1135 3159 adoptare

171 3173 282 3232 poterat.
307 3167 331 3227 §.
347 3177 379 3215 12.
404 3165 474 3215 Lde
488 3167 574 3230 adopt.
595 3165 626 3229 (1,
642 3165 686 3230 11).
733 3162 755 3232 ⁸)
778 3166 897 3217 Accessit
910 3178 931 3219 t.
955 3167 994 3217 ed.
1041 3164 1062 3232 ⁴)
1086 3175 1136 3217 tor·

172 3254 227 3288 rens
249 3244 273 3285 et
291 3236 349 3286 cdd.
372 3237 429 3285 edd.
477 3235 499 3304 ⁶)
518 3238 535 3286 ἰ.
550 3252 572 3285 e.
590 3237 678 3299 saciat
697 3236 891 3300 daaspadanos
911 3239 950 3288 nei
971 3239 1134 3301 cispadnnos.

174 3306 195 3373 ὅ)
206 3324 258 3358 non
265 3309 294 3356 in
303 3306 378 3356 libris
387 3308 456 3357 iuris
463 3309 557 3366 civilis,
568 3313 595 3355 nt
602 3308 725 3368 opinatur
732 3307 847 3357 Dirlasen
858 3308 934 3359 cknd.
945 3308 1010 3358 Aen.
1020 3320 1053 3359 27.
1061 3307 1136 3357 Febr,

173 3391 224 3431 1851
228 3395 256 3442 p.
268 3389 311 3439 es,
321 3376 478 3442 (linterlass.
491 3375 843 3444 sacramentotenus),
855 3380 912 3439 sed,
924 3387 951 3429 nt
961 3380 1082 3444 Hyginus
1096 3394 1136 3428 re·

170 3452 234 3513 sert,
248 3464 283 3498 eac
296 3451 484 3498 consultatione
495 3449 527 3497 de
540 3447 653 3497 Padano
666 3448 773 3511 regione
782 3464 907 3512 responso
916 3451 986 3512 dato,
1002 3449 1070 3514 qaod
1086 3465 1137 3500 non

173 3522 209 3570 ad
219 3520 356 3585 generalia
369 3520 401 3568 de
415 3519 456 3568 dis
470 3517 684 3583 acquisitionibus
696 3526 839 3582 praecepta
852 3521 1018 3584 referendam
1032 3527 1078 3577 est.
