2542 3909
181 205 244 270 516
468 227 535 262 1vn11
552 227 647 263 ravum
665 227 736 262 saur.
756 209 801 263 iv.
823 216 846 263 7.

180 355 241 426 lege
261 356 439 429 praenimius,
463 364 653 413 testamentum
675 358 810 430 aperuerit
824 356 1029 426 reoitaueritue,
1045 372 1147 430 poena]
1158 373 1218 421 eeu]

180 441 368 494 sestertiorum
392 441 510 512 quinque
532 439 634 496 milium
656 449 773 496 tenetur.
818 436 848 497 8.
872 441 1071 496 Testamentum
1091 441 1137 496 lex

179 524 269 577 statim
284 530 476 595 postmortem
492 526 630 579 testatoris
646 522 743 597 aperlrl
757 523 853 579 uoluit.
884 531 911 579 et
927 523 998 593 ldeo,
1011 525 1136 597 quamuis

179 607 216 661 sit
230 608 369 680 rescriptis
385 608 525 677 uariatum,
542 614 628 662 tamen
645 625 659 662 a
674 606 861 681 praesentibus
876 609 946 662 intra
959 608 1075 663 triduum
1089 607 1136 664 uel

179 689 308 762 ’quinque
323 683 397 746 dies¹
414 689 573 764 aperiendae
589 700 653 746 sunt
669 690 792 757 tabulae;
809 689 841 746 ab
856 688 1012 746 absentibus
1024 707 1137 766 quoque

179 774 249 829 intra
267 767 406 829 'eosdem²
428 773 496 844 dies,
521 790 582 830 enm
598 765 841 848 superuenerintz³
863 790 914 832 nec
929 775 1000 831 euim
1023 782 1138 849 oportet

178 851 265 913 ’tam⁴
285 857 430 913 heredibus
452 865 499 912 aut
520 857 657 931 legatariis
679 867 725 914 aut
739 856 924 930 libertatibus,
947 874 1025 932 quam
1041 874 1137 916 neces·

178 941 249 996 sario
264 941 392 1015 uectigali
408 957 512 996 moram
527 938 595 996 lieri.

410 1093 474 1134 'rim
489 1092 546 1135 vn.
575 1093 617 1135 DE
631 1093 715 1134 eadat
730 1093 895 1134 OORNELIA.

240 1183 266 1245 1.
290 1180 359 1254 ⁵Qui
375 1195 567 1243 testamentum
582 1185 679 1242 laisum
694 1189 843 1261 scripserit,
859 1179 1053 1260 ’recitauerlt,⁸
1067 1186 1134 1244 sub·

177 1273 281 1342 iecerit,
297 1273 447 1344 signauerit
459 1267 577 1344 ⁹(sciens
587 1273 651 1327 dolo
663 1273 747 1336 molo,
758 1264 926 1348 iterumue)⁷
939 1273 1133 1344 suppresserit,

177 1356 327 1425 amouerit,
350 1355 547 1428 resignauerit,
570 1353 719 1426 deleuerit,
741 1369 828 1428 poena
850 1353 918 1428 legis
939 1354 1076 1411 Corneliae
1099 1356 1134 1412 de

178 1439 251 1494 falsis
275 1437 420 1509 tenebitur,
442 1436 469 1493 id
484 1443 526 1492 est
541 1438 568 1492 ln
583 1435 699 1494 insulam
715 1438 883 1511 deportatur.
928 1435 955 1495 2.
979 1431 1058 1495 8Νοιι
1072 1446 1134 1495 tau·

178 1531 235 1578 tum
249 1523 289 1593 is,
304 1523 350 1594 qni
366 1528 555 1576 testamentum
571 1519 701 1592 subiecit,
718 1523 885 1595 suppressit,
907 1521 1023 1593 deleuit,
1044 1537 1134 1596 poena

177 1606 246 1679 legis
262 1604 401 1661 Corneliae
416 1613 572 1673 coercetur,
593 1604 641 1660 sed
657 1607 738 1675 etis,
759 1607 806 1678 qui
827 1607 914 1662 sciens
934 1605 998 1662 dolo
1020 1605 1090 1662 malo
1106 1605 1134 1662 id

178 1687 236 1744 lieri
252 1690 331 1743 iussit
347 1687 533 1744 faciendumne
547 1689 664 1745 curauit.
700 1687 729 1746 3.
747 1683 965 1746 ”Testamentum
977 1691 1134 1763 supprimit,

176 1774 224 1846 qui
239 1773 326 1828 sciens
341 1771 514 1844 prudensque
530 1771 633 1828 tabulas
649 1773 802 1828 testamenti
823 1774 851 1828 in
866 1772 986 1830 fraudem
1000 1773 1134 1830 heredum

177 1855 221 1912 uel
236 1856 427 1930 legatariorum
441 1849 831 1913 'fideiuecommissariorum¹⁰
846 1864 893 1912 aut
907 1856 1060 1914 libertatum
1075 1873 1133 1914 uon

176 1941 291 2013 proiert.
334 1936 363 1995 4.
388 1939 561 2013 Supprimere
576 1940 680 1996 tabulas
695 1940 820 2011 uidetur,
835 1941 897 2012 qui,
916 1956 976 1997 eum
992 1937 1089 1996 habeat
1104 1947 1134 1998 et

177 2022 300 2098 prolerre
314 2025 411 2098 possit,
427 2040 472 2079 eas
483 2022 605 2096 prolerre
616 2041 671 2080 non
684 2031 770 2080 curat.
803 2021 833 2079 5.
850 2017 998 2080 ¹¹Codieilli
1010 2039 1131 2098 quoque,

176 2111 200 2165 si
222 2106 322 2164 lateant
344 2124 393 2163 nee
414 2105 602 2180 proferantur,
624 2108 754 2180 supprimi
777 2104 941 2164 uidebuntur
984 2103 1014 2165 6.
1036 2105 1132 2165 Edicto

177 2202 310 2267 perpetuo
326 2198 452 2257 cauetur,
477 2200 507 2246 ut
521 2192 545 2246 si
559 2190 665 2247 tabulae
681 2191 835 2247 testamenti
850 2206 906 2246 uon
921 2201 1082 2265 appareant,
1097 2191 1132 2248 de

176 2294 268 2331 earum
284 2275 446 2350 exhibitione
460 2274 604 2331 interdicto
619 2273 726 2330 reddito
741 2277 811 2330 intra
827 2289 924 2330 aunum
934 2269 959 2308 ¹²
973 2275 1018 2348 agi
1033 2277 1130 2348 possit,
1145 2297 1206 2346 [4211
1257 2289 1258 2308 ¹

176 2443 212 2476 ex
229 2427 328 2476 duobus
346 2428 411 2489 lepis
430 2425 501 2475 Rom.
526 2425 653 2490 Visipotlr.
673 2425 747 2474 codd.
767 2425 867 2475 nouiter
887 2426 1011 2488 repertis,
1030 2424 1133 2488 Epore-

176 2498 262 2546 dieust'
275 2503 300 2545 et
314 2493 477 2552 Rosenbano,
497 2496 556 2544 olim
572 2495 724 2553 Pithoeauo,
744 2510 850 2558 quorum
864 2497 996 2545 uariantes
1009 2497 1133 2546 lectiones

176 2567 290 2616 subicio:
314 2564 416 2628 qualiter
434 2564 482 2627 Ep,
506 2564 567 2614 Ros.
588 2567 708 2614 correxit
727 2566 811 2615 Haen.
834 2566 927 2614 -ubi
947 2565 995 2629 Ep.
1016 2565 1075 2615 llos.
1097 2591 1132 2604 -

177 2639 253 2698 legem
266 2635 399 2698 percipitur
414 2633 474 2683 llos.
490 2661 524 2671 -
538 2635 675 2683 recitauerit
690 2633 750 2684 Bos.
762 2663 795 2672 -
805 2642 914 2684 teneatur
924 2635 984 2686 Ros.
1038 2632 1058 2700 ¹)
1072 2635 1132 2687 Hoc

175 2709 299 2771 fortasse,
312 2707 338 2754 si
350 2706 435 2753 alieno
450 2707 550 2754 nomine
559 2706 698 2768 petendum
711 2713 776 2754 erat.
847 2702 868 2771 Ι)
883 2721 925 2755 eos
941 2705 1002 2755 Odd.
1018 2707 1076 2755 edd.

179 2774 200 2842 ⁸)
213 2774 256 2827 Se.
271 2776 441 2825 dinumeratis
453 2776 552 2825 vicenis
564 2774 667 2824 mitibus
676 2776 799 2839 passibus
812 2777 838 2825 t'n
849 2776 905 2826 dies
915 2777 1017 2826 itineris
1027 2775 1073 2841 (es.
1085 2776 1130 2824 et.

183 2844 319 2911 Vet1tta),
339 2861 404 2909 quae
424 2845 502 2895 verba
526 2845 656 2910 Vieipotbi
674 2847 794 2895 videntur
815 2847 947 2896 recidisse.
982 2845 1020 2910 Of.
1036 2847 1067 2894 L.
1083 2857 1131 2898 154.

178 2919 209 2967 D.
225 2919 257 2967 de
270 2916 338 2966 verb.
352 2917 419 2981 ripn
435 2914 480 2981 (ta,
495 2914 538 2983 16).
591 2913 613 2981 ⁴)
626 2923 793 2966 testamentum
810 2916 871 2966 cdd.
882 2917 939 2966 edd.
966 2915 1004 2980 Of.
1019 2929 1040 2975 tt,
1049 2919 1085 2975 4⁸,
1097 2929 1130 2968 ιο.

178 2995 229 3040 not.
244 3000 264 3040 a.

252 3059 300 3107 Tit.
320 3056 381 3107 VII.
420 3053 441 3124 ⁶)
458 3057 496 3119 Of.
511 3068 532 3116 a,
547 3068 580 3108 tt.
600 3059 623 3118 (5.
639 3070 659 3108 1.
678 3057 710 3106 L.
726 3068 746 3107 a.
770 3057 803 3106 D.
817 3058 854 3109 ad
867 3059 915 3122 lep.
932 3057 1008 3108 Corn.
1023 3057 1055 3106 de
1066 3057 1131 3120 fals.

177 3128 282 3195 (et,1o).
348 3125 522 3194 ⁵)Da'etand0,
536 3135 565 3177 art
578 3129 645 3177 alius
659 3127 792 3178 scriberet.
821 3127 853 3176 L.
868 3140 901 3180 al.
926 3127 951 3177 0.
966 3129 990 3178 lt.
1005 3134 1022 3178 t.
1039 3125 1070 3192 (a,
1085 3126 1131 3194 aa).

180 3200 243 3249 Nam
257 3201 302 3263 qui
317 3200 414 3261 salsum
432 3213 520 3248 eorem
534 3199 620 3248 iudice
633 3201 718 3248 sciens
732 3199 838 3258 recitat,
853 3213 903 3247 non
918 3199 1012 3248 incidit
1026 3200 1052 3246 in
1069 3198 1132 3248 Cor-

178 3272 279 3320 neliam.
298 3269 330 3318 L.
345 3281 379 3320 13.
394 3271 417 3330 ἓ.
433 3282 454 3318 1.
474 3268 505 3316 D.
520 3269 544 3317 lt.
559 3275 577 3317 t.
599 3268 636 3331 Os.
652 3269 684 3317 h.
700 3280 719 3319 a.
739 3269 772 3318 D.
786 3268 823 3317 ed
836 3271 883 3333 lep.
899 3268 949 3317 Iul.
964 3269 1023 3317 moi.
1039 3266 1084 3334 (es,
1098 3267 1130 3334 e).

180 3337 200 3406 7)
217 3340 281 3389 Fere
299 3339 453 3404 pertinendo
471 3341 588 3402 supplevi
606 3340 740 3402 (seriptum
755 3345 870 3402 petaso.
886 3339 908 3387 d.
925 3353 956 3390 na.
971 3347 1054 3388 uerttti.

176 3410 200 3474 l')
213 3410 251 3472 Of.
263 3409 293 3458 L.
304 3422 325 3459 a.
336 3411 379 3458 eit.
430 3405 451 3473 ⁹)
464 3408 502 3470 Cf.
513 3409 545 3457 t.
555 3410 632 3470 defin.
649 3409 681 3457 D.
691 3410 723 3458 de
733 3424 788 3472 aeq.
797 3423 849 3457 rer.
861 3409 924 3458 dom.
935 3408 979 3473 (41,
988 3407 1019 3474 1).
1034 3409 1131 3459 Isidor.

181 3479 224 3528 Or.
239 3490 260 3535 t,
276 3491 308 3529 24.
328 3481 351 3540 ξ.
367 3491 400 3528 11.
454 3475 486 3542 ¹⁰)
502 3478 777 3527 fideicommissariorum
788 3481 907 3542 plerique
923 3480 984 3528 Gdd.
1000 3480 1058 3529 edd.

182 3545 215 3612 1¹)
231 3549 269 3598 Cf.
284 3549 316 3598 L.
332 3562 351 3600 1.
367 3551 390 3610 5.
404 3559 425 3599 a.
444 3548 477 3597 Ι).
492 3549 524 3598 de
538 3548 588 3598 tab.
603 3549 689 3598 exlio.
705 3547 750 3614 (43,
765 3545 797 3614 5).
851 3546 883 3614 η)
900 3549 1099 3612 Computendum
1114 3566 1132 3600 a
