2542 3909
443 225 626 262 on111usn1u.
647 208 669 263 I.
689 215 799 264 46—51.
1045 214 1107 278 185

511 385 555 425 vs.
582 367 697 428 2-24.
1120 375 1163 423 13.

131 449 180 511 46.
204 467 271 508 nam
293 459 321 508 et
343 452 367 506 si
388 457 552 508 testamento
582 454 692 526 scriptis
719 455 748 510 in
770 455 863 512 orbem
886 459 974 513 seruis
996 368 1107 514 libertas¹

133 538 258 606 delusit,
277 537 340 609 quie
355 535 447 591 nullus
460 536 529 592 ordo
544 539 765 596 manumissionis
779 541 928 608 inuenitur,
944 542 1014 599 nulli
1029 541 1108 598 liberi

133 630 233 690 enunt;
251 623 313 695 quia
328 620 372 676 len
388 618 464 676 Fufia
479 620 597 692 (lanima,
615 626 727 696 quaein
742 625 864 681 fraudem
880 628 939 682 eius
956 627 1107 699 laetasint,

131 705 275 764 resoindit.
302 715 369 760 sunt
383 707 462 762 etiam
474 707 600 780 specialia
613 709 860 779 senatusconsulta,
877 710 976 783 quibus
991 713 1107 768 rescissa

131 799 256 862 euntes,
273 806 341 864 quae
358 791 386 846 in
402 789 525 846 fraudem
541 793 600 847 eius
615 792 686 866 legis
701 796 854 868 excogitata
870 804 943 854 sunt.

197 870 247 934 4⁷.
269 876 298 930 ln
321 891 424 931 summa
447 875 586 932 sciendum
609 885 668 947 est,
692 871 808 950 (quod)¹
833 879 895 951 lege
918 878 992 934 Aelia
1014 879 1108 936 Sentis

131 967 244 1018 oautum
259 959 322 1030 ’esi
346 953 391 1015 ut²
404 954 548 1036 (patroni)
564 969 610 1016 aut
626 962 792 1018 creditorum
804 962 1016 1019 mundandorum
1027 981 1107 1021 eausa

131 1045 292 1102 manumissi
307 1043 386 1100 liberi
401 1060 457 1100 non
474 1043 548 1117 liant,
571 1048 650 1102 etiam
666 1045 719 1101 hoe
733 1046 766 1102 ad
780 1049 943 1120 peregrinos
956 1049 1107 1121 pertinere,

131 1129 236 1203 ((mom)
259 1121 391 1186 senatus³
411 1131 447 1185 ita
467 1131 574 1186 censuit
594 1146 626 1184 ex
648 1132 808 1186 auctoritate
823 1123 944 1210 ⁹(diui)4
964 1128 1107 1206 Hadriani)

132 1223 230 1273 uetera
244 1231 312 1273 uero
328 1215 388 1269 iura
404 1217 462 1271 eius
479 1215 549 1288 legis
565 1213 598 1269 ad
613 1215 777 1286 peregriaos
793 1233 849 1272 non
864 1210 1028 1290 pertinere.⁵

199 1297 251 1360 48.
266 1299 396 1372 Sequitur
412 1299 444 1355 de
461 1301 531 1356 iuue¹
542 1315 722 1372 personarum
737 1300 788 1356 alia
800 1301 910 1356 diuisio.
948 1317 1009 1357 nam
1024 1318 1107 1376 quae·

132 1385 195 1440 ilam
208 1400 343 1458 personae
356 1385 397 1438 sui
409 1385 476 1438 iuris
489 1391 564 1455 sunt,
577 1383 707 1457 quaedam
720 1383 808 1442 alieno
818 1387 870 1441 iuri
881 1396 947 1443 sunt
959 1386 1106 1444 subiectae.

132 1466 187 1527 49.
206 1469 259 1525 Sed
281 1484 377 1523 rursus
393 1483 484 1524 earum
500 1485 692 1542 personarum,
712 1486 782 1542 qnae
796 1470 885 1526 alieno
901 1472 954 1527 iuri
969 1469 1107 1528 subiectae

134 1562 212 1626 sunt,
227 1554 295 1611 aliae
309 1555 337 1608 in
353 1560 500 1626 potestate,
517 1553 588 1609 aliae
604 1555 735 1626 iamenu,
751 1555 823 1611 aliae
838 1557 867 1610 in
881 1556 1016 1628 mancipio
1031 1564 1106 1610 suat.

133 1637 187 1696 50.
211 1638 357 1695 Videamus
379 1653 451 1694 nuno
473 1637 507 1694 de
529 1639 578 1710 iis,
602 1655 671 1712 quae
693 1639 782 1696 alieno
803 1641 856 1696 iuri
871 1639 1015 1696 subiectae
1037 1642 1106 1696 siuti

133 1717 262 1802 ²(nam)⁰
282 1724 305 1778 si
327 1724 555 1796 cognouerimns,
587 1740 657 1796 quae
678 1724 747 1779 istae
769 1741 903 1798 personae
925 1729 998 1797 siat,
1027 1725 1106 1780 simul

134 1808 339 1883 intellegemus,
355 1823 423 1879 quae
439 1809 481 1872 sui
496 1808 563 1864 iuris
578 1809 643 1865 sint.
674 1805 719 1866 51.
736 1811 775 1864 Ae
794 1811 871 1882 prius
886 1809 1059 1884 dispiciamus
1075 1809 1109 1864 de

135 1895 186 1964 iis,
202 1895 248 1967 qui
264 1894 292 1948 in
308 1891 394 1947 aliena
408 1899 546 1965 potestate
561 1902 636 1948 sunt.

136 2056 251 2104 moluerit
267 2058 451 2109 testamentum,
470 2052 518 2100 sed
535 2053 652 2114 epistolis
671 2059 717 2101 aut
735 2051 933 2116 quibuscumque
951 2055 1014 2103 aliis
1031 2054 1109 2103 rebus

135 2127 223 2176 seruis
236 2125 292 2173 suis
302 2122 426 2187 pluribus
440 2137 515 2186 quom
525 2138 577 2184 per
591 2129 767 2171 testamentum
779 2124 848 2180 lieet,
863 2125 985 2186 conferre
995 2126 1108 2174 uoluerit

136 2195 271 2246 libertates
289 2202 313 2244 et
331 2193 379 2244 sub
398 2201 511 2256 tempore
525 2194 615 2242 mortis
633 2193 682 2242 laoc
693 2193 798 2255 feeerit,
817 2193 852 2249 lai,
872 2196 916 2257 qui
927 2195 1005 2256 prius
1019 2210 1108 2242 maau-

135 2268 210 2317 missi
222 2267 334 2330 fuerint,
348 2281 428 2328 usque
441 2265 477 2314 ad
490 2279 621 2314 numerum
631 2266 753 2327 superius
762 2265 927 2313 coustitutum
937 2263 1014 2313 liberi
1023 2272 1108 2323 erunt,

136 2340 183 2404 qui
201 2352 265 2387 uero
280 2343 342 2402 post
359 2342 482 2386 statutum
506 2350 638 2385 numerum
657 2332 809 2385 manumissi
825 2335 940 2397 fuerint,
961 2337 1035 2384 serui
1052 2337 1109 2385 sine

136 2409 217 2460 dubio
228 2407 423 2477 pegmaaebuat.
447 2419 469 2457 4.
485 2407 552 2456 Nam
560 2408 585 2456 si
593 2409 731 2457 incolumis
745 2421 915 2470 quoscumque
928 2407 1035 2456 diuerso
1048 2414 1109 2456 tem-

132 2496 202 2546 pore
213 2481 369 2537 manumisit,
379 2481 448 2528 inter
457 2493 509 2536 eos,
521 2481 565 2543 qui
570 2494 621 2542 per
631 2485 806 2533 testamentum
815 2480 966 2528 manumissi
973 2485 1042 2536 suat,
1052 2481 1109 2528 aal-

137 2547 448 2615 latemusoomputeatar'.
463 2549 866 2613 EanlaistomemEpitomotorea‚
875 2551 1109 2615 quae§§.t·aoou-

137 2626 268 2682 timeatur,
284 2622 389 2671 aliunde
405 2637 481 2685 quom
494 2637 529 2670 ex
546 2620 611 2670 Gaio
625 2621 745 2670 sumsisse
759 2621 870 2670 uidetur.
915 2617 935 2688 1)
948 2617 1050 2688 ‘(eum)’
1066 2623 1106 2671 ed.

136 2694 187 2761 Bp.
226 2689 250 2758 ²)
265 2694 296 2742 sit
310 2699 351 2742 aut
364 2691 458 2741 Solaed.
473 2694 549 2741 etiam
569 2689 621 2750 Vfli,
636 2699 795 2755 corruptum,
810 2699 921 2756 utputo,
936 2700 994 2741 exe
1009 2701 1046 2741 ut:
1061 2694 1109 2742 sed

137 2759 272 2828 occeptum
283 2779 335 2828 pro
346 2764 366 2812 si
376 2771 402 2812 ut
412 2764 507 2826 effecit,
523 2771 551 2812 ut
561 2770 697 2812 corrector
710 2770 800 2826 posteo
811 2778 890 2826 super
900 2764 1040 2812 manumissi
1049 2780 1110 2827 sup·

133 2839 222 2902 pleret
237 2837 293 2885 sint.
318 2836 384 2884 idem
399 2835 616 2899 quodseauadum
632 2830 677 2882 W
690 2836 760 2883 inter
769 2841 810 2883 aut
819 2841 844 2883 et
853 2835 1009 2893 creditorum,
1024 2837 1110 2885 alieno

138 2909 283 2966 sedeloco,
302 2908 404 2973 sipaum
422 2907 589 2969 superposuit
602 2916 638 2963 11,
657 2921 687 2955 eo
705 2907 857 2969 siqnifieare
874 2905 937 2954 milti
950 2907 1054 2955 videtur
1068 2921 1110 2956 oo-

140 2981 233 3036 lut'sse,
252 2979 372 3028 antissam
391 2978 494 3042 aliquid
511 2991 566 3026 esse
585 2976 664 3039 (puta
679 2993 703 3024 a.
718 2977 813 3040 patroni
832 2978 891 3026 ooll.
907 2979 930 3038 5.
945 2977 981 3041 st)
1002 2978 1112 3041 quodie

139 3051 259 3116 marpime
272 3048 319 3098 sub
333 3049 420 3099 eodem
433 3049 509 3114 siyao
523 3049 646 3111 supplere
659 3047 753 3097 oblitus
766 3054 812 3096 est.
841 3055 911 3096 certe
924 3063 976 3097 mon
991 3047 1111 3097 dubitan-

140 3122 209 3179 dum,
224 3122 302 3170 etiam
315 3119 386 3182 apud
395 3121 562 3184 peregrinos,
577 3119 679 3168 etiamsi
692 3132 744 3167 mom
758 3133 851 3176 ornnes,
867 3120 992 3182 patronis
1005 3119 1114 3181 aliquod

141 3193 224 3240 iusim
240 3191 313 3242 honis
328 3191 479 3241 libertorum
490 3191 583 3252 fuisse.
623 3185 645 3253 8)
659 3195 758 3238 senatus
775 3189 800 3237 0.
813 3189 870 3238 edd.
886 3188 934 3253 Bp.
949 3187 1023 3237 Stud.
1040 3189 1075 3251 es.
1091 3200 1111 3245 1,

139 3271 174 3314 m.
227 3259 248 3328 4)
264 3262 366 3312 Addidi
375 3277 410 3310 em
415 3268 544 3324 perpetuo
561 3259 622 3309 Gaii
635 3275 713 3310 more.
762 3256 784 3325 ⁶)
798 3258 922 3324 Sequitur
936 3261 1007 3309 liaeo
1019 3273 1110 3307 vocuo.

143 3329 166 3399 ⁶)
178 3331 224 3382 Ea
237 3333 299 3399 Dap.
314 3339 339 3382 et
353 3331 418 3381 Iast.
432 3334 557 3396 supplevi.

212 3455 238 3526 ἕ.
253 3461 296 3510 46.
319 3458 358 3520 Cf.
373 3472 455 3520 supro
470 3457 494 3518 ξ.
510 3458 557 3506 21⁸.
583 3454 615 3503 L.
630 3467 665 3508 su.
689 3457 722 3507 D.
736 3456 768 3505 de
788 3455 885 3505 condit.
901 3463 926 3504 et
939 3456 1003 3505 dem.
1019 3452 1064 3519 (85,
1080 3450 1111 3513 1).

142 3523 168 3598 §-
178 3531 221 3580 47.
238 3530 277 3593 Os.
288 3532 311 3592 ξ.
323 3539 357 3581 tt.
428 3523 474 3668 ἓξ.
485 3527 601 3577 46-51.
613 3548 647 3570 =
658 3529 689 3578 L.
701 3541 712 3578 1
723 3542 768 3591 pr.
779 3525 811 3574 D.
823 3526 855 3575 de
868 3526 910 3575 Itis
924 3528 969 3590 qui
982 3527 1025 3575 sui
1035 3523 1068 3591 (1,
1078 3519 1111 3586 6).

139 3599 215 3664 pml.
230 3602 286 3652 eod.
301 3601 334 3666 (1,
344 3599 376 3664 a).
448 3636 453 3648 .
469 3600 512 3648 49.
530 3597 569 3660 Cf.
582 3596 626 3646 Fr.
643 3599 702 3648 Vat.
712 3608 761 3650 298·
774 3607 821 3646 toa.
841 3594 902 3646 Lex
912 3597 984 3648 maa.
994 3596 1067 3660 Salp.
1078 3602 1114 3642 2²·
