2542 3909
458 252 494 285 naa
510 252 624 287 memus
642 252 721 287 mann
735 252 776 288 111.
1057 248 1096 306 79

193 376 272 435 xvii.
288 375 326 434 Α,
341 376 406 432 liibi
419 392 487 433 uero
502 378 569 433 nihil
583 389 711 451 umquam
729 379 861 452 populare
871 380 975 453 placuit
986 394 1099 455 eamque

132 464 261 537 optimam
271 477 332 517 rem
344 459 481 533 publicam
490 476 552 517 esse
562 461 634 533 dieo,
651 478 730 535 quam
745 462 789 519 hie
800 464 896 520 consul
907 466 1097 536 constituerat,

127 563 198 633 uuae
212 547 251 603 sit
265 546 295 602 in
309 551 449 618 potestate
465 545 642 618 optimorum.
742 598 745 604 .

191 626 240 688 88.
262 628 307 685 Μ.
331 628 384 685 Vos
400 628 525 700 quidem,
546 637 577 684 ut
591 629 690 701 uideo,
705 629 795 704 legem
810 633 969 705 antiquastls
985 634 1043 689 sine
1058 641 1097 689 ta·

129 712 209 774 belle.
235 712 290 770 setl
304 728 374 786 ego,
395 713 446 767 etsi
461 714 528 769 satis
542 712 609 769 dixit
622 730 674 786 pro
690 729 720 770 se
734 715 763 771 in
777 715 830 772 illis
846 716 921 772 libris
936 714 1041 789 Scipio,
1058 725 1098 772 ta·

129 814 190 855 meu
204 789 322 854 lustam¹
337 795 490 852 libertatem
504 797 585 851 istam
600 797 705 871 largior
721 798 835 872 populo,
853 808 883 855 ut
894 802 1055 857 auctoritate
1070 810 1097 856 et

129 881 240 939 ualeant
253 890 284 937 et
297 888 410 937 utantur
424 879 505 948 boni;
525 882 565 937 sie
579 882 678 936 anima
693 896 735 937 me
750 884 862 939 recitata
875 883 919 939 lex
934 891 977 939 est
990 883 1024 940 de
1039 884 1095 940 sui·

129 965 239 1039 fragiis:
262 962 502 1038 optimatibus
523 971 622 1035 nota,
646 964 997 1037 plebilibarasunto.
1028 984 1097 1040 quae

128 1050 263 1107 lorbano
285 1049 448 1105 senteutiam
469 1050 607 1120 eontinet,
634 1056 667 1104 ut
689 1063 785 1104 omnes
806 1049 883 1123 leges
904 1050 1001 1122 tollat,
1029 1066 1097 1123 quae

128 1142 224 1207 postea
236 1133 307 1188 latae
322 1139 398 1202 sunt,
410 1146 481 1205 quae
495 1140 596 1205 tegunt
608 1134 682 1187 omni
693 1134 798 1188 ratione
810 1132 979 1207 suffragium,
991 1150 1025 1189 ne
1037 1135 1097 1207 quis

128 1217 258 1290 inspiciat
278 1214 419 1288 tabellam,
442 1231 477 1272 ne
498 1224 590 1289 roget,
613 1232 649 1270 ne
670 1215 805 1289 appellet;
827 1226 927 1291 pontes
950 1218 1032 1283 ptiam
1053 1217 1097 1275 lex

128 1300 211 1357 llaria
231 1299 298 1355 iecit
317 1307 461 1373 angustos.
491 1294 542 1356 39.
563 1315 633 1373 qaae
655 1300 678 1355 si
702 1301 828 1373 opposita
849 1308 914 1358 sunt
936 1301 1096 1373 ambitiosis,

127 1392 162 1440 nt
176 1389 243 1439 anat
257 1382 330 1452 iare,
352 1399 409 1439 non
427 1383 615 1457 reprehendo,
637 1376 694 1440 sin²
709 1384 844 1441 ualuerint
860 1392 949 1442 tamen
963 1386 1051 1459 leges,
1066 1393 1097 1442 ut

128 1466 165 1524 ne
179 1464 368 1534 sitambitus,
389 1465 485 1524 babeat
504 1483 568 1523 sane
588 1467 707 1541 populus
728 1467 853 1524 tabellam
869 1471 945 1543 quasi
960 1469 1096 1525 uindicem

125 1550 277 1621 libertatis,
292 1548 355 1605 dum
371 1549 454 1607 modo
475 1551 543 1606 haee
563 1553 786 1625 optimoeuique
808 1560 835 1609 et
858 1554 1019 1627 grauissimo
1043 1554 1096 1609 oiui

126 1634 291 1693 ostendatur
305 1632 435 1707 ultroque
445 1634 586 1705 offeratur,
603 1643 634 1691 ut
650 1636 679 1692 in
697 1651 730 1715 eo
745 1638 782 1692 sit
796 1638 857 1710 ipso
870 1638 992 1708 libertas,
1004 1638 1031 1692 in
1040 1652 1095 1710 quo

126 1718 230 1793 populo
246 1724 373 1792 potestas
387 1718 503 1775 honeste
517 1718 596 1775 bonis
611 1717 781 1792 gratificandi
796 1720 883 1778 datur.
920 1736 1007 1794 eoque
1024 1737 1096 1777 nune

126 1802 157 1860 lit
170 1802 253 1874 illud,
268 1800 344 1875 quod
358 1817 374 1857 a
387 1808 416 1859 te
430 1802 523 1873 modo,
540 1801 649 1875 Quinte,
665 1801 768 1859 dietum
782 1811 835 1876 est,
852 1813 882 1860 ut
893 1806 983 1861 minus
994 1805 1095 1862 multos

125 1887 225 1945 tabella
239 1885 416 1956 condemnet,
438 1902 519 1960 qaam
533 1884 641 1943 solebat
655 1902 718 1949 uox,
734 1889 798 1960 quia
810 1888 915 1962 populo
931 1889 1013 1946 liuere
1028 1890 1094 1945 satis

127 1980 184 2028 ast:
203 1971 259 2027 boe
280 1976 391 2025 retento
410 1969 514 2043 reliqua
535 1970 664 2027 uoluntas
685 1974 840 2029 auctoritati
863 1980 909 2028 aut
924 1974 1025 2046 gratiae
1040 1980 1095 2028 tra·

126 2054 210 2114 alitur.
240 2055 345 2126 taque,
366 2060 398 2109 ut
419 2054 543 2110 omittam
563 2054 707 2127 largitione
730 2065 859 2129 corrupte
880 2056 1018 2131 suffragia,
1041 2072 1095 2112 non

124 2139 215 2210 uides,
238 2139 264 2194 si
287 2136 396 2209 quando
418 2137 534 2194 ambitus
556 2137 651 2209 sileat,
673 2140 767 2211 quaeri
789 2141 816 2194 in
839 2139 986 2212 suffragiis,
1008 2133 1095 2213 quoti

125 2224 221 2297 optimi
240 2221 298 2277 uiri
317 2221 455 2277 sentiant?
478 2238 558 2295 quam
578 2222 686 2279 obrem
701 2221 763 2295 lege
778 2230 872 2277 nostra
887 2222 1020 2278 libertatis
1035 2239 1096 2296 spe·

126 2308 183 2363 cies
204 2306 295 2374 datur,
318 2306 467 2361 auotoritas
488 2304 624 2361 bonorum
646 2306 791 2377 retinetur,
814 2307 996 2362 contentionis
1016 2322 1096 2363 eausa

126 2388 246 2447 tollitur.
449 2444 453 2448 .

188 2471 279 2531 xvttt.
303 2466 357 2528 4⁰.
379 2471 479 2529 lieinde
501 2474 641 2546 sequitur,
666 2473 765 2546 quibus
788 2474 829 2528 ius
852 2475 971 2531 situum
993 2473 1095 2549 populo

124 2556 225 2630 agendi
239 2564 288 2612 aut
302 2570 365 2611 eum
380 2561 487 2610 senatu.
519 2552 596 2629 (tum)
615 2557 709 2630 grauis
720 2564 759 2629 et,
774 2564 804 2611 ut
816 2556 942 2629 arbitror,
957 2558 1095 2631 praeclara

123 2641 185 2697 lex:
207 2635 310 2714 (quoe
330 2655 407 2695 eum
424 2637 570 2712 popolo)
592 2656 750 2714 quaeque
765 2641 798 2695 in
813 2640 971 2713 patribus
987 2658 1095 2716 agen·

122 2733 196 2797 tur,
217 2722 356 2779 modica
371 2730 491 2794 santo,
518 2722 547 2778 id
567 2731 610 2779 est
628 2723 751 2779 modesta
771 2717 870 2796 atque⁴
890 2725 997 2794 sedata3
1019 2733 1096 2783 actor

123 2811 196 2866 enim
211 2807 374 2863 moderatur
388 2814 417 2862 et
430 2804 511 2881 lingit
524 2822 580 2863 non
594 2808 676 2862 modo
694 2816 811 2865 mentem
822 2824 853 2865 ao
865 2808 1030 2881 uoluntates,
1047 2811 1093 2866 sed

123 2908 212 2966 paene
234 2890 331 2947 uultus
351 2906 462 2960 eorum,
483 2890 556 2964 apud
577 2907 646 2964 quos
669 2892 735 2966 agit.
774 2887 871 2967 (it)que
887 2888 942 2949 est⁵
957 2895 984 2949 in
1000 2903 1096 2950 senata

123 2992 181 3032 non
200 2972 330 3042 difficile3
352 2983 395 3030 est
414 2976 486 3030 enim
506 2967 559 3030 ibi⁶
572 2982 684 3032 senator
697 2977 732 3046 is,
752 2976 829 3032 ouius
844 2993 900 3034 nou
915 2977 948 3033 ad
962 2971 1095 3034 actorem⁷

122 3059 262 3117 referatur
277 3058 395 3130 animas,
409 3058 459 3113 aed
473 3059 520 3131 qui
535 3076 585 3132 per
599 3075 629 3115 re
643 3060 703 3134 ipse
718 3062 836 3134 spectari
847 3061 921 3118 uelit.
946 3061 1011 3117 huie
1020 3060 1096 3117 iussa

199 3220 221 3287 ¹)
240 3224 313 3273 istam
326 3221 383 3271 AB
393 3223 427 3272 ad
444 3222 477 3273 V.
495 3222 540 3273 bia
551 3224 635 3275 dalem
654 3226 737 3276 altero
751 3226 830 3277 istam.
861 3223 882 3291 ²)
899 3222 974 3275 ‘uon’
991 3221 1096 3272 addidit

121 3295 165 3345 ed.
185 3293 218 3344 V.
257 3290 339 3359 ⁸)qui
351 3292 378 3342 B
389 3293 430 3358 qui
447 3297 628 3359 superscripta
643 3295 658 3344 d
674 3294 698 3343 Α
713 3296 770 3360 quid
784 3297 824 3346 ed.
844 3297 875 3347 V.
914 3293 936 3359 ⁴)
951 3293 981 3342 ad
995 3290 1096 3341 addunt

122 3364 182 3414 AB
208 3360 231 3430 ⁶)
246 3364 333 3429 quodsi
347 3362 450 3413 ABed.
467 3363 507 3422 V„
522 3368 567 3430 qui
576 3373 640 3430 post
653 3366 677 3414 in
693 3368 818 3429 quaedam
832 3368 925 3417 omissa
936 3377 990 3412 esse
1001 3367 1095 3411 censet.

124 3432 147 3501 ‘)
161 3437 244 3500 ipsese
257 3434 284 3484 B
297 3436 349 3499 ipsa
364 3434 389 3485 A
403 3435 461 3485 edd.
501 3432 522 3500 l)
536 3436 582 3486 Ex
603 3435 717 3485 liernebi
731 3440 763 3501 φ’.
780 3438 809 3485 ab
825 3440 921 3487 auctore
940 3430 996 3479 AB
1008 3428 1038 3478 ad
1053 3442 1095 3476 au-

123 3507 270 3627 amaia·
290 3505 321 3556 V.
333 3512 420 3569 pateat
438 3506 515 3557 etiem
531 3508 617 3571 fuisse
635 3506 665 3557 ab
685 3514 766 3558 actore
785 3514 811 3556 et
830 3506 924 3557 deinde
938 3508 1033 3562 regatur
1042 3512 1095 3561 pro
