<?xml version="1.0" encoding="UTF-8"?>
<!DOCTYPE html PUBLIC "-//W3C//DTD XHTML 1.0 Transitional//EN"
    "http://www.w3.org/TR/xhtml1/DTD/xhtml1-transitional.dtd">
<html xmlns="http://www.w3.org/1999/xhtml" xml:lang="en" lang="en">
 <head>
  <title>
</title>
<meta http-equiv="Content-Type" content="text/html;charset=utf-8" />
  <meta name='ocr-system' content='tesseract 3.04.00' />
  <meta name='ocr-capabilities' content='ocr_page ocr_carea ocr_par ocr_line ocrx_word'/>
</head>
<body>
  <div class='ocr_page' id='page_1' title='image "./iurisprudentiae01huscgoog_0487.png"; bbox 0 0 2542 3909; ppageno 0'>
   <div class='ocr_carea' id='block_1_1' title="bbox 454 231 1106 299">
    <p class='ocr_par' dir='ltr' id='par_1_1' title="bbox 454 231 1106 299">
     <span class='ocr_line' id='line_1_1' title="bbox 454 231 1106 299; baseline 0.02 -13"><span class='ocrx_word' id='word_1_1' title='bbox 454 249 521 286; x_wconf 79' lang='lat' dir='ltr'><strong>trun</strong></span> <span class='ocrx_word' id='word_1_2' title='bbox 538 247 633 285; x_wconf 73' lang='lat' dir='ltr'><strong>rernm</strong></span> <span class='ocrx_word' id='word_1_3' title='bbox 653 249 723 285; x_wconf 77' lang='lat' dir='ltr'><strong>anun.</strong></span> <span class='ocrx_word' id='word_1_4' title='bbox 742 231 762 284; x_wconf 92' lang='lat' dir='ltr'><strong>I.</strong></span> <span class='ocrx_word' id='word_1_5' title='bbox 783 238 807 286; x_wconf 83' lang='lat'><strong>9.</strong></span> <span class='ocrx_word' id='word_1_6' title='bbox 1041 235 1106 299; x_wconf 83' lang='grc'><strong>463</strong></span> 
     </span>
    </p>
   </div>
   <div class='ocr_carea' id='block_1_2' title="bbox 150 371 1135 2128">
    <p class='ocr_par' dir='ltr' id='par_1_2' title="bbox 150 371 1108 1126">
     <span class='ocr_line' id='line_1_2' title="bbox 150 371 1106 455; baseline 0.001 -18"><span class='ocrx_word' id='word_1_7' title='bbox 150 380 264 437; x_wconf 87' lang='lat' dir='ltr'><strong>restitui</strong></span> <span class='ocrx_word' id='word_1_8' title='bbox 278 394 334 436; x_wconf 91' lang='lat' dir='ltr'><strong>non</strong></span> <span class='ocrx_word' id='word_1_9' title='bbox 348 384 447 453; x_wconf 89' lang='lat' dir='ltr'><strong>potest.</strong></span> <span class='ocrx_word' id='word_1_10' title='bbox 483 375 512 436; x_wconf 75' lang='lat'><strong>2.</strong></span> <span class='ocrx_word' id='word_1_11' title='bbox 529 371 600 446; x_wconf 83' lang='lat' dir='ltr'><strong>¹Qni</strong></span> <span class='ocrx_word' id='word_1_12' title='bbox 615 380 713 435; x_wconf 90' lang='lat' dir='ltr'><strong>minori</strong></span> <span class='ocrx_word' id='word_1_13' title='bbox 728 380 873 443; x_wconf 87' lang='lat' dir='ltr'><strong>mandauit,</strong></span> <span class='ocrx_word' id='word_1_14' title='bbox 888 388 919 437; x_wconf 90' lang='lat' dir='ltr'><strong>ut</strong></span> <span class='ocrx_word' id='word_1_15' title='bbox 934 381 1044 455; x_wconf 83' lang='lat' dir='ltr'><strong>negotia</strong></span> <span class='ocrx_word' id='word_1_16' title='bbox 1059 397 1106 438; x_wconf 89' lang='lat' dir='ltr'><strong>sua</strong></span> 
     </span>
     <span class='ocr_line' id='line_1_3' title="bbox 152 459 1107 538; baseline 0 -18"><span class='ocrx_word' id='word_1_17' title='bbox 152 470 226 538; x_wconf 79' lang='lat' dir='ltr'><strong>agat,</strong></span> <span class='ocrx_word' id='word_1_18' title='bbox 239 479 272 519; x_wconf 80' lang='lat' dir='ltr'><strong>er</strong></span> <span class='ocrx_word' id='word_1_19' title='bbox 283 463 341 520; x_wconf 90' lang='lat' dir='ltr'><strong>eius</strong></span> <span class='ocrx_word' id='word_1_20' title='bbox 353 477 470 536; x_wconf 83' lang='lat' dir='ltr'><strong>persona</strong></span> <span class='ocrx_word' id='word_1_21' title='bbox 482 463 509 518; x_wconf 91' lang='lat' dir='ltr'><strong>in</strong></span> <span class='ocrx_word' id='word_1_22' title='bbox 520 463 659 537; x_wconf 80' lang='lat' dir='ltr'><strong>integrum</strong></span> <span class='ocrx_word' id='word_1_23' title='bbox 677 465 784 519; x_wconf 90' lang='lat' dir='ltr'><strong>restitui</strong></span> <span class='ocrx_word' id='word_1_24' title='bbox 796 481 851 520; x_wconf 90' lang='lat' dir='ltr'><strong>non</strong></span> <span class='ocrx_word' id='word_1_25' title='bbox 868 472 975 537; x_wconf 88' lang='lat' dir='ltr'><strong>potest;</strong></span> <span class='ocrx_word' id='word_1_26' title='bbox 987 459 1107 538; x_wconf 83' lang='lat' dir='ltr'><strong>&#39;quodsi²</strong></span> 
     </span>
     <span class='ocr_line' id='line_1_4' title="bbox 152 545 1108 620; baseline 0.003 -17"><span class='ocrx_word' id='word_1_27' title='bbox 152 549 242 604; x_wconf 89' lang='lat' dir='ltr'><strong>minor</strong></span> <span class='ocrx_word' id='word_1_28' title='bbox 257 562 305 602; x_wconf 88' lang='lat' dir='ltr'><strong>sua</strong></span> <span class='ocrx_word' id='word_1_29' title='bbox 320 554 417 619; x_wconf 91' lang='lat' dir='ltr'><strong>sponte</strong></span> <span class='ocrx_word' id='word_1_30' title='bbox 430 548 547 619; x_wconf 83' lang='lat' dir='ltr'><strong>negotiis</strong></span> <span class='ocrx_word' id='word_1_31' title='bbox 562 547 620 601; x_wconf 89' lang='lat' dir='ltr'><strong>eius</strong></span> <span class='ocrx_word' id='word_1_32' title='bbox 635 549 821 618; x_wconf 80' lang='lat' dir='ltr'>intervenerit,</span> <span class='ocrx_word' id='word_1_33' title='bbox 836 545 1043 620; x_wconf 81' lang='lat' dir='ltr'><strong>(restituendus</strong></span> <span class='ocrx_word' id='word_1_34' title='bbox 1054 553 1108 606; x_wconf 83' lang='lat' dir='ltr'><strong>erit</strong></span> 
     </span>
     <span class='ocr_line' id='line_1_5' title="bbox 151 622 1106 706; baseline 0.001 -19"><span class='ocrx_word' id='word_1_35' title='bbox 151 647 189 688; x_wconf 89' lang='lat' dir='ltr'><strong>ne</strong></span> <span class='ocrx_word' id='word_1_36' title='bbox 214 633 318 687; x_wconf 81' lang='lat' dir='ltr'><strong>maiori</strong></span> <span class='ocrx_word' id='word_1_37' title='bbox 335 629 469 688; x_wconf 85' lang='lat' dir='ltr'><strong>domuum</strong></span> <span class='ocrx_word' id='word_1_38' title='bbox 489 622 645 706; x_wconf 81' lang='lat' dir='ltr'><strong>occidat).³</strong></span> <span class='ocrx_word' id='word_1_39' title='bbox 684 627 713 688; x_wconf 81' lang='grc'><strong>3.</strong></span> <span class='ocrx_word' id='word_1_40' title='bbox 742 624 791 687; x_wconf 84' lang='lat' dir='ltr'><strong>¹Si</strong></span> <span class='ocrx_word' id='word_1_41' title='bbox 813 633 898 688; x_wconf 89' lang='lat' dir='ltr'><strong>maior</strong></span> <span class='ocrx_word' id='word_1_42' title='bbox 920 633 1031 690; x_wconf 77' lang='lat' dir='ltr'><strong>effectus</strong></span> <span class='ocrx_word' id='word_1_43' title='bbox 1054 650 1106 699; x_wconf 90' lang='lat' dir='ltr'><strong>res,</strong></span> 
     </span>
     <span class='ocr_line' id='line_1_6' title="bbox 152 707 1108 789; baseline 0.002 -19"><span class='ocrx_word' id='word_1_44' title='bbox 152 731 219 789; x_wconf 88' lang='lat' dir='ltr'><strong>quas</strong></span> <span class='ocrx_word' id='word_1_45' title='bbox 243 713 331 770; x_wconf 90' lang='lat' dir='ltr'><strong>minor</strong></span> <span class='ocrx_word' id='word_1_46' title='bbox 352 715 418 785; x_wconf 82' lang='lat' dir='ltr'><strong>egit,</strong></span> <span class='ocrx_word' id='word_1_47' title='bbox 440 707 540 770; x_wconf 80' lang='lat' dir='ltr'><strong>’iacto⁵</strong></span> <span class='ocrx_word' id='word_1_48' title='bbox 562 713 607 770; x_wconf 89' lang='lat' dir='ltr'><strong>uei</strong></span> <span class='ocrx_word' id='word_1_49' title='bbox 629 713 738 770; x_wconf 89' lang='lat' dir='ltr'><strong>silentio</strong></span> <span class='ocrx_word' id='word_1_50' title='bbox 762 715 957 789; x_wconf 78' lang='lat' dir='ltr'><strong>conprobauit,</strong></span> <span class='ocrx_word' id='word_1_51' title='bbox 982 716 1108 773; x_wconf 81' lang='lat' dir='ltr'><strong>adversus</strong></span> 
     </span>
     <span class='ocr_line' id='line_1_7' title="bbox 153 794 1108 872; baseline 0.002 -18"><span class='ocrx_word' id='word_1_52' title='bbox 153 799 207 855; x_wconf 87' lang='lat' dir='ltr'><strong>hoc</strong></span> <span class='ocrx_word' id='word_1_53' title='bbox 228 813 337 872; x_wconf 80' lang='lat' dir='ltr'><strong>quoque</strong></span> <span class='ocrx_word' id='word_1_54' title='bbox 357 798 386 852; x_wconf 91' lang='lat' dir='ltr'><strong>in</strong></span> <span class='ocrx_word' id='word_1_55' title='bbox 412 798 548 870; x_wconf 77' lang='lat' dir='ltr'><strong>integrum</strong></span> <span class='ocrx_word' id='word_1_56' title='bbox 570 799 676 853; x_wconf 89' lang='lat' dir='ltr'><strong>restitui</strong></span> <span class='ocrx_word' id='word_1_57' title='bbox 698 797 797 854; x_wconf 80' lang='lat' dir='ltr'><strong>frustra</strong></span> <span class='ocrx_word' id='word_1_58' title='bbox 820 798 962 855; x_wconf 75' lang='lat' dir='ltr'><strong>desiderat.</strong></span> <span class='ocrx_word' id='word_1_59' title='bbox 1005 797 1035 859; x_wconf 87' lang='lat'><strong>4.</strong></span> <span class='ocrx_word' id='word_1_60' title='bbox 1063 794 1108 856; x_wconf 80' lang='lat' dir='ltr'><strong>¹Si</strong></span> 
     </span>
     <span class='ocr_line' id='line_1_8' title="bbox 154 880 1107 955; baseline 0.002 -17"><span class='ocrx_word' id='word_1_61' title='bbox 154 884 243 938; x_wconf 90' lang='lat' dir='ltr'><strong>minor</strong></span> <span class='ocrx_word' id='word_1_62' title='bbox 259 882 355 937; x_wconf 90' lang='lat' dir='ltr'><strong>minori</strong></span> <span class='ocrx_word' id='word_1_63' title='bbox 370 880 450 937; x_wconf 86' lang='lat' dir='ltr'><strong>heres</strong></span> <span class='ocrx_word' id='word_1_64' title='bbox 465 882 591 946; x_wconf 78' lang='lat' dir='ltr'><strong>exsistat,</strong></span> <span class='ocrx_word' id='word_1_65' title='bbox 607 897 702 938; x_wconf 77' lang='lat' dir='ltr'><strong>casua</strong></span> <span class='ocrx_word' id='word_1_66' title='bbox 718 897 848 955; x_wconf 85' lang='lat' dir='ltr'><strong>persona,</strong></span> <span class='ocrx_word' id='word_1_67' title='bbox 869 899 924 938; x_wconf 90' lang='lat' dir='ltr'><strong>uon</strong></span> <span class='ocrx_word' id='word_1_68' title='bbox 939 899 972 939; x_wconf 84' lang='lat' dir='ltr'><strong>ex</strong></span> <span class='ocrx_word' id='word_1_69' title='bbox 986 883 1107 942; x_wconf 80' lang='lat' dir='ltr'><strong>defuncti</strong></span> 
     </span>
     <span class='ocr_line' id='line_1_9' title="bbox 153 965 571 1039; baseline 0 -17"><span class='ocrx_word' id='word_1_70' title='bbox 153 967 182 1022; x_wconf 85' lang='lat' dir='ltr'><strong>ln</strong></span> <span class='ocrx_word' id='word_1_71' title='bbox 196 967 334 1039; x_wconf 76' lang='lat' dir='ltr'><strong>integrum</strong></span> <span class='ocrx_word' id='word_1_72' title='bbox 349 965 456 1021; x_wconf 87' lang='lat' dir='ltr'><strong>restitui</strong></span> <span class='ocrx_word' id='word_1_73' title='bbox 471 973 571 1038; x_wconf 89' lang='lat' dir='ltr'><strong>potest.</strong></span> 
     </span>
     <span class='ocr_line' id='line_1_10' title="bbox 197 1043 820 1126; baseline -0.002 -21"><span class='ocrx_word' id='word_1_74' title='bbox 197 1044 245 1125; x_wconf 79' lang='lat' dir='ltr'><strong>[L.</strong></span> <span class='ocrx_word' id='word_1_75' title='bbox 262 1048 304 1106; x_wconf 81' lang='lat'><strong>34</strong></span> <span class='ocrx_word' id='word_1_76' title='bbox 316 1065 363 1120; x_wconf 86' lang='lat' dir='ltr'><strong>pr.</strong></span> <span class='ocrx_word' id='word_1_77' title='bbox 379 1048 408 1120; x_wconf 77' lang='lat' dir='ltr'><strong>S.</strong></span> <span class='ocrx_word' id='word_1_78' title='bbox 427 1050 454 1104; x_wconf 92' lang='grc'><strong>1.</strong></span> <span class='ocrx_word' id='word_1_79' title='bbox 478 1049 514 1105; x_wconf 84' lang='lat' dir='ltr'><strong>D.</strong></span> <span class='ocrx_word' id='word_1_80' title='bbox 530 1051 566 1106; x_wconf 83' lang='lat' dir='ltr'><strong>de</strong></span> <span class='ocrx_word' id='word_1_81' title='bbox 580 1052 682 1106; x_wconf 82' lang='lat' dir='ltr'><strong>minor.</strong></span> <span class='ocrx_word' id='word_1_82' title='bbox 700 1046 744 1124; x_wconf 81' lang='lat'><strong>(4,</strong></span> <span class='ocrx_word' id='word_1_83' title='bbox 758 1043 820 1126; x_wconf 79' lang='lat'><strong>4).]</strong></span> 
     </span>
    </p>

    <p class='ocr_par' dir='ltr' id='par_1_3' title="bbox 152 1124 1108 1375">
     <span class='ocr_line' id='line_1_11' title="bbox 180 1124 1108 1208; baseline -0.002 -16"><span class='ocrx_word' id='word_1_84' title='bbox 180 1186 187 1192; x_wconf 87' lang='lat'>.</span> <span class='ocrx_word' id='word_1_85' title='bbox 216 1128 246 1189; x_wconf 74' lang='grc' dir='ltr'><strong>δ.</strong></span> <span class='ocrx_word' id='word_1_86' title='bbox 270 1124 377 1188; x_wconf 85' lang='lat' dir='ltr'><strong>¹iiinor</strong></span> <span class='ocrx_word' id='word_1_87' title='bbox 397 1148 428 1188; x_wconf 88' lang='lat' dir='ltr'><strong>se</strong></span> <span class='ocrx_word' id='word_1_88' title='bbox 450 1133 477 1187; x_wconf 88' lang='lat' dir='ltr'><strong>in</strong></span> <span class='ocrx_word' id='word_1_89' title='bbox 498 1132 549 1203; x_wconf 86' lang='lat' dir='ltr'><strong>his,</strong></span> <span class='ocrx_word' id='word_1_90' title='bbox 573 1149 642 1205; x_wconf 89' lang='lat' dir='ltr'><strong>quae</strong></span> <span class='ocrx_word' id='word_1_91' title='bbox 656 1131 788 1189; x_wconf 87' lang='lat' dir='ltr'><strong>fideiussit</strong></span> <span class='ocrx_word' id='word_1_92' title='bbox 810 1133 854 1190; x_wconf 89' lang='lat' dir='ltr'><strong>uei</strong></span> <span class='ocrx_word' id='word_1_93' title='bbox 869 1131 1048 1208; x_wconf 88' lang='lat' dir='ltr'><strong>fidepromisit</strong></span> <span class='ocrx_word' id='word_1_94' title='bbox 1063 1134 1108 1192; x_wconf 89' lang='lat' dir='ltr'><strong>uei</strong></span> 
     </span>
     <span class='ocr_line' id='line_1_12' title="bbox 153 1215 1108 1293; baseline 0.002 -20"><span class='ocrx_word' id='word_1_95' title='bbox 153 1215 303 1291; x_wconf 83' lang='lat' dir='ltr'><strong>spopondit</strong></span> <span class='ocrx_word' id='word_1_96' title='bbox 318 1215 361 1271; x_wconf 88' lang='lat' dir='ltr'><strong>uel</strong></span> <span class='ocrx_word' id='word_1_97' title='bbox 376 1215 523 1286; x_wconf 89' lang='lat' dir='ltr'><strong>mandauit,</strong></span> <span class='ocrx_word' id='word_1_98' title='bbox 537 1217 566 1272; x_wconf 92' lang='lat' dir='ltr'><strong>in</strong></span> <span class='ocrx_word' id='word_1_99' title='bbox 580 1218 719 1290; x_wconf 86' lang='lat' dir='ltr'><strong>integrum</strong></span> <span class='ocrx_word' id='word_1_100' title='bbox 733 1217 903 1274; x_wconf 88' lang='lat' dir='ltr'><strong>restituendo</strong></span> <span class='ocrx_word' id='word_1_101' title='bbox 919 1234 994 1275; x_wconf 92' lang='lat' dir='ltr'><strong>reum</strong></span> <span class='ocrx_word' id='word_1_102' title='bbox 1009 1220 1108 1293; x_wconf 84' lang='lat' dir='ltr'><strong>princi·</strong></span> 
     </span>
     <span class='ocr_line' id='line_1_13' title="bbox 152 1297 432 1375; baseline 0.011 -19"><span class='ocrx_word' id='word_1_103' title='bbox 152 1301 242 1375; x_wconf 88' lang='lat' dir='ltr'><strong>palem</strong></span> <span class='ocrx_word' id='word_1_104' title='bbox 256 1315 312 1356; x_wconf 91' lang='lat' dir='ltr'><strong>non</strong></span> <span class='ocrx_word' id='word_1_105' title='bbox 326 1297 432 1359; x_wconf 83' lang='lat' dir='ltr'><strong>liberat.</strong></span> 
     </span>
    </p>

    <p class='ocr_par' dir='ltr' id='par_1_4' title="bbox 420 1377 849 1462">
     <span class='ocr_line' id='line_1_14' title="bbox 420 1377 849 1462; baseline 0.009 -23"><span class='ocrx_word' id='word_1_106' title='bbox 420 1377 466 1458; x_wconf 76' lang='lat' dir='ltr'><strong>[L.</strong></span> <span class='ocrx_word' id='word_1_107' title='bbox 482 1381 533 1440; x_wconf 85' lang='grc'><strong>48.</strong></span> <span class='ocrx_word' id='word_1_108' title='bbox 556 1384 605 1456; x_wconf 76' lang='lat' dir='ltr'><strong>SS.</strong></span> <span class='ocrx_word' id='word_1_109' title='bbox 621 1384 651 1441; x_wconf 90' lang='lat'><strong>1.</strong></span> <span class='ocrx_word' id='word_1_110' title='bbox 668 1384 698 1441; x_wconf 83' lang='lat'><strong>2.</strong></span> <span class='ocrx_word' id='word_1_111' title='bbox 721 1385 756 1442; x_wconf 87' lang='lat' dir='ltr'><strong>D.</strong></span> <span class='ocrx_word' id='word_1_112' title='bbox 772 1381 849 1462; x_wconf 71' lang='lat' dir='ltr'><strong>eod]</strong></span> 
     </span>
    </p>

    <p class='ocr_par' dir='ltr' id='par_1_5' title="bbox 151 1461 1135 2128">
     <span class='ocr_line' id='line_1_15' title="bbox 216 1461 1108 1545; baseline 0.006 -22"><span class='ocrx_word' id='word_1_113' title='bbox 216 1462 244 1523; x_wconf 87' lang='grc'><strong>6.</strong></span> <span class='ocrx_word' id='word_1_114' title='bbox 269 1461 338 1534; x_wconf 83' lang='lat' dir='ltr'><strong>⁸Qut</strong></span> <span class='ocrx_word' id='word_1_115' title='bbox 352 1468 441 1523; x_wconf 84' lang='lat' dir='ltr'><strong>sciens</strong></span> <span class='ocrx_word' id='word_1_116' title='bbox 456 1467 631 1542; x_wconf 82' lang='lat' dir='ltr'><strong>prudensque</strong></span> <span class='ocrx_word' id='word_1_117' title='bbox 645 1485 675 1524; x_wconf 89' lang='lat' dir='ltr'><strong>se</strong></span> <span class='ocrx_word' id='word_1_118' title='bbox 689 1485 740 1544; x_wconf 89' lang='lat' dir='ltr'><strong>pro</strong></span> <span class='ocrx_word' id='word_1_119' title='bbox 755 1471 858 1526; x_wconf 89' lang='lat' dir='ltr'><strong>minore</strong></span> <span class='ocrx_word' id='word_1_120' title='bbox 874 1469 1020 1545; x_wconf 82' lang='lat' dir='ltr'><strong>obligauit,</strong></span> <span class='ocrx_word' id='word_1_121' title='bbox 1043 1473 1066 1527; x_wconf 91' lang='lat' dir='ltr'><strong>si</strong></span> <span class='ocrx_word' id='word_1_122' title='bbox 1081 1471 1108 1528; x_wconf 94' lang='lat' dir='ltr'><strong>id</strong></span> 
     </span>
     <span class='ocr_line' id='line_1_16' title="bbox 152 1550 1108 1628; baseline 0.002 -18"><span class='ocrx_word' id='word_1_123' title='bbox 152 1550 280 1610; x_wconf 87' lang='lat' dir='ltr'><strong>consulto</strong></span> <span class='ocrx_word' id='word_1_124' title='bbox 297 1550 411 1609; x_wconf 90' lang='lat' dir='ltr'><strong>consilio</strong></span> <span class='ocrx_word' id='word_1_125' title='bbox 433 1550 513 1621; x_wconf 87' lang='lat' dir='ltr'><strong>iecit,</strong></span> <span class='ocrx_word' id='word_1_126' title='bbox 534 1551 598 1608; x_wconf 90' lang='lat' dir='ltr'><strong>iicet</strong></span> <span class='ocrx_word' id='word_1_127' title='bbox 619 1554 718 1610; x_wconf 89' lang='lat' dir='ltr'><strong>minori</strong></span> <span class='ocrx_word' id='word_1_128' title='bbox 739 1562 924 1625; x_wconf 88' lang='lat' dir='ltr'><strong>succurratur,</strong></span> <span class='ocrx_word' id='word_1_129' title='bbox 946 1556 998 1628; x_wconf 89' lang='lat' dir='ltr'><strong>ipsi</strong></span> <span class='ocrx_word' id='word_1_130' title='bbox 1020 1563 1108 1612; x_wconf 89' lang='lat' dir='ltr'><strong>tamen</strong></span> 
     </span>
     <span class='ocr_line' id='line_1_17' title="bbox 151 1628 1108 1714; baseline 0.003 -21"><span class='ocrx_word' id='word_1_131' title='bbox 151 1652 207 1693; x_wconf 91' lang='lat' dir='ltr'><strong>non</strong></span> <span class='ocrx_word' id='word_1_132' title='bbox 222 1643 406 1696; x_wconf 82' lang='lat' dir='ltr'><strong>succurretur.</strong></span> <span class='ocrx_word' id='word_1_133' title='bbox 448 1633 475 1693; x_wconf 83' lang='grc'><strong>7.</strong></span> <span class='ocrx_word' id='word_1_134' title='bbox 492 1628 597 1692; x_wconf 82' lang='lat' dir='ltr'><strong>¹¹iiinor</strong></span> <span class='ocrx_word' id='word_1_135' title='bbox 611 1637 743 1694; x_wconf 88' lang='lat' dir='ltr'><strong>aduersus</strong></span> <span class='ocrx_word' id='word_1_136' title='bbox 765 1645 914 1713; x_wconf 85' lang='lat' dir='ltr'><strong>emptorem</strong></span> <span class='ocrx_word' id='word_1_137' title='bbox 929 1639 956 1694; x_wconf 88' lang='lat' dir='ltr'><strong>in</strong></span> <span class='ocrx_word' id='word_1_138' title='bbox 972 1640 1108 1714; x_wconf 83' lang='lat' dir='ltr'><strong>integrum</strong></span> 
     </span>
     <span class='ocr_line' id='line_1_18' title="bbox 152 1719 1107 1797; baseline 0.003 -22"><span class='ocrx_word' id='word_1_139' title='bbox 152 1721 297 1776; x_wconf 87' lang='lat' dir='ltr'><strong>restitutus</strong></span> <span class='ocrx_word' id='word_1_140' title='bbox 326 1720 414 1792; x_wconf 88' lang='lat' dir='ltr'><strong>pretio</strong></span> <span class='ocrx_word' id='word_1_141' title='bbox 440 1721 568 1776; x_wconf 91' lang='lat' dir='ltr'><strong>restituto</strong></span> <span class='ocrx_word' id='word_1_142' title='bbox 591 1719 704 1777; x_wconf 76' lang='lat' dir='ltr'><strong>fundum</strong></span> <span class='ocrx_word' id='word_1_143' title='bbox 731 1722 851 1796; x_wconf 87' lang='lat' dir='ltr'><strong>recipere</strong></span> <span class='ocrx_word' id='word_1_144' title='bbox 873 1731 979 1797; x_wconf 91' lang='lat' dir='ltr'><strong>potest;</strong></span> <span class='ocrx_word' id='word_1_145' title='bbox 1004 1723 1107 1780; x_wconf 88' lang='lat' dir='ltr'><strong>iructus</strong></span> 
     </span>
     <span class='ocr_line' id='line_1_19' title="bbox 152 1805 1108 1881; baseline 0.002 -19"><span class='ocrx_word' id='word_1_146' title='bbox 152 1805 224 1862; x_wconf 89' lang='lat' dir='ltr'><strong>enim</strong></span> <span class='ocrx_word' id='word_1_147' title='bbox 239 1805 266 1859; x_wconf 91' lang='lat' dir='ltr'><strong>in</strong></span> <span class='ocrx_word' id='word_1_148' title='bbox 281 1805 529 1877; x_wconf 88' lang='lat' dir='ltr'><strong>compensationem</strong></span> <span class='ocrx_word' id='word_1_149' title='bbox 544 1820 686 1861; x_wconf 90' lang='lat' dir='ltr'><strong>usurarum</strong></span> <span class='ocrx_word' id='word_1_150' title='bbox 701 1821 784 1879; x_wconf 89' lang='lat' dir='ltr'><strong>penes</strong></span> <span class='ocrx_word' id='word_1_151' title='bbox 806 1815 956 1881; x_wconf 87' lang='lat' dir='ltr'><strong>emptorem</strong></span> <span class='ocrx_word' id='word_1_152' title='bbox 971 1821 1108 1864; x_wconf 89' lang='lat' dir='ltr'><strong>remanere</strong></span> 
     </span>
     <span class='ocr_line' id='line_1_20' title="bbox 151 1882 1105 1964; baseline 0.004 -22"><span class='ocrx_word' id='word_1_153' title='bbox 151 1887 260 1961; x_wconf 83' lang='lat' dir='ltr'><strong>placuit.</strong></span> <span class='ocrx_word' id='word_1_154' title='bbox 292 1884 323 1943; x_wconf 88' lang='lat'><strong>8.</strong></span> <span class='ocrx_word' id='word_1_155' title='bbox 339 1886 426 1943; x_wconf 78' lang='lat' dir='ltr'><strong>Minor</strong></span> <span class='ocrx_word' id='word_1_156' title='bbox 437 1888 567 1944; x_wconf 89' lang='lat' dir='ltr'><strong>aduersus</strong></span> <span class='ocrx_word' id='word_1_157' title='bbox 585 1887 776 1945; x_wconf 85' lang='lat' dir='ltr'><strong>distractiones</strong></span> <span class='ocrx_word' id='word_1_158' title='bbox 791 1888 911 1946; x_wconf 87' lang='lat' dir='ltr'><strong>&#39;suorum</strong></span> <span class='ocrx_word' id='word_1_159' title='bbox 921 1882 944 1922; x_wconf 92' lang='lat'><strong>¹⁰</strong></span> <span class='ocrx_word' id='word_1_160' title='bbox 960 1891 1105 1964; x_wconf 86' lang='lat' dir='ltr'><strong>pignorum</strong></span> 
     </span>
     <span class='ocr_line' id='line_1_21' title="bbox 152 1967 1135 2046; baseline 0.002 -19"><span class='ocrx_word' id='word_1_161' title='bbox 152 1969 369 2042; x_wconf 69' lang='lat' dir='ltr'><strong>catantiarum,</strong></span> <span class='ocrx_word' id='word_1_162' title='bbox 385 1987 440 2026; x_wconf 92' lang='lat' dir='ltr'><strong>nou</strong></span> <span class='ocrx_word' id='word_1_163' title='bbox 456 1987 523 2044; x_wconf 90' lang='lat' dir='ltr'><strong>quas</strong></span> <span class='ocrx_word' id='word_1_164' title='bbox 538 1978 616 2044; x_wconf 88' lang='lat' dir='ltr'><strong>pater</strong></span> <span class='ocrx_word' id='word_1_165' title='bbox 628 1971 810 2043; x_wconf 75' lang='lat' dir='ltr'><strong>obligarent,</strong></span> <span class='ocrx_word' id='word_1_166' title='bbox 825 1975 848 2029; x_wconf 92' lang='lat' dir='ltr'><strong>si</strong></span> <span class='ocrx_word' id='word_1_167' title='bbox 864 1975 914 2036; x_wconf 87' lang='lat' dir='ltr'><strong>ita,</strong></span> <span class='ocrx_word' id='word_1_168' title='bbox 932 1981 961 2028; x_wconf 92' lang='lat' dir='ltr'><strong>nt</strong></span> <span class='ocrx_word' id='word_1_169' title='bbox 977 1975 1107 2046; x_wconf 85' lang='lat' dir='ltr'><strong>oportuit,</strong></span> <span class='ocrx_word' id='word_1_170' title='bbox 1133 1967 1135 1973; x_wconf 77' lang='grc'><strong>’</strong></span> 
     </span>
     <span class='ocr_line' id='line_1_22' title="bbox 153 2054 990 2128; baseline 0.006 -18"><span class='ocrx_word' id='word_1_171' title='bbox 153 2071 168 2110; x_wconf 94' lang='lat' dir='ltr'><strong>a</strong></span> <span class='ocrx_word' id='word_1_172' title='bbox 184 2055 319 2112; x_wconf 89' lang='lat' dir='ltr'><strong>creditore</strong></span> <span class='ocrx_word' id='word_1_173' title='bbox 334 2054 477 2111; x_wconf 89' lang='lat' dir='ltr'><strong>distractae</strong></span> <span class='ocrx_word' id='word_1_174' title='bbox 492 2056 558 2122; x_wconf 85' lang='lat' dir='ltr'><strong>sint,</strong></span> <span class='ocrx_word' id='word_1_175' title='bbox 573 2057 680 2112; x_wconf 87' lang='lat' dir='ltr'><strong>restitui</strong></span> <span class='ocrx_word' id='word_1_176' title='bbox 695 2055 723 2110; x_wconf 90' lang='lat' dir='ltr'><strong>in</strong></span> <span class='ocrx_word' id='word_1_177' title='bbox 737 2056 874 2128; x_wconf 81' lang='lat' dir='ltr'><strong>integrum</strong></span> <span class='ocrx_word' id='word_1_178' title='bbox 889 2065 990 2128; x_wconf 89' lang='lat' dir='ltr'><strong>potest.</strong></span> 
     </span>
    </p>
   </div>
   <div class='ocr_carea' id='block_1_3' title="bbox 154 2131 1108 2295">
    <p class='ocr_par' dir='ltr' id='par_1_6' title="bbox 154 2131 1108 2295">
     <span class='ocr_line' id='line_1_23' title="bbox 154 2131 1108 2214; baseline 0.004 -21"><span class='ocrx_word' id='word_1_179' title='bbox 154 2131 229 2214; x_wconf 83' lang='lat' dir='ltr'><strong>[Hic</strong></span> <span class='ocrx_word' id='word_1_180' title='bbox 245 2140 298 2195; x_wconf 83' lang='lat' dir='ltr'><strong>sub</strong></span> <span class='ocrx_word' id='word_1_181' title='bbox 313 2141 355 2196; x_wconf 83' lang='lat' dir='ltr'><strong>tit.</strong></span> <span class='ocrx_word' id='word_1_182' title='bbox 381 2139 432 2195; x_wconf 84' lang='lat' dir='ltr'><strong>Ex</strong></span> <span class='ocrx_word' id='word_1_183' title='bbox 446 2139 549 2212; x_wconf 76' lang='lat' dir='ltr'><strong>quitus</strong></span> <span class='ocrx_word' id='word_1_184' title='bbox 564 2143 663 2196; x_wconf 83' lang='lat' dir='ltr'><strong>causis</strong></span> <span class='ocrx_word' id='word_1_185' title='bbox 678 2141 802 2195; x_wconf 80' lang='lat' dir='ltr'><strong>maiores</strong></span> <span class='ocrx_word' id='word_1_186' title='bbox 817 2143 871 2196; x_wconf 86' lang='lat' dir='ltr'><strong>etc.</strong></span> <span class='ocrx_word' id='word_1_187' title='bbox 884 2140 998 2212; x_wconf 78' lang='lat' dir='ltr'><strong>quidam</strong></span> <span class='ocrx_word' id='word_1_188' title='bbox 1009 2142 1108 2197; x_wconf 82' lang='lat' dir='ltr'><strong>locant</strong></span> 
     </span>
     <span class='ocr_line' id='line_1_24' title="bbox 304 2215 954 2295; baseline 0.003 -17"><span class='ocrx_word' id='word_1_189' title='bbox 304 2221 337 2280; x_wconf 81' lang='lat' dir='ltr'><strong>L.</strong></span> <span class='ocrx_word' id='word_1_190' title='bbox 354 2221 405 2280; x_wconf 83' lang='lat'><strong>39.</strong></span> <span class='ocrx_word' id='word_1_191' title='bbox 427 2222 462 2278; x_wconf 85' lang='lat' dir='ltr'><strong>D.</strong></span> <span class='ocrx_word' id='word_1_192' title='bbox 479 2239 519 2280; x_wconf 76' lang='lat' dir='ltr'><strong>eac</strong></span> <span class='ocrx_word' id='word_1_193' title='bbox 533 2224 611 2295; x_wconf 83' lang='lat' dir='ltr'><strong>quib.</strong></span> <span class='ocrx_word' id='word_1_194' title='bbox 627 2239 708 2279; x_wconf 85' lang='lat' dir='ltr'><strong>cous.</strong></span> <span class='ocrx_word' id='word_1_195' title='bbox 723 2223 790 2279; x_wconf 81' lang='lat' dir='ltr'><strong>moi.</strong></span> <span class='ocrx_word' id='word_1_196' title='bbox 807 2221 848 2295; x_wconf 85' lang='lat' dir='ltr'><strong>(t,</strong></span> <span class='ocrx_word' id='word_1_197' title='bbox 865 2218 919 2295; x_wconf 85' lang='grc'><strong>6).]</strong></span> <span class='ocrx_word' id='word_1_198' title='bbox 931 2215 954 2255; x_wconf 96' lang='lat'><strong>¹¹</strong></span> 
     </span>
    </p>
   </div>
   <div class='ocr_carea' id='block_1_4' title="bbox 151 2386 1109 3653">
    <p class='ocr_par' dir='ltr' id='par_1_7' title="bbox 151 2386 1109 3653">
     <span class='ocr_line' id='line_1_25' title="bbox 227 2386 1108 2456; baseline 0.002 -17"><span class='ocrx_word' id='word_1_199' title='bbox 227 2386 247 2454; x_wconf 90' lang='lat'><strong>¹)</strong></span> <span class='ocrx_word' id='word_1_200' title='bbox 263 2390 301 2453; x_wconf 77' lang='lat' dir='ltr'><strong>Cf.</strong></span> <span class='ocrx_word' id='word_1_201' title='bbox 317 2389 349 2441; x_wconf 81' lang='lat' dir='ltr'><strong>L.</strong></span> <span class='ocrx_word' id='word_1_202' title='bbox 363 2401 398 2440; x_wconf 79' lang='lat' dir='ltr'><strong>aa</strong></span> <span class='ocrx_word' id='word_1_203' title='bbox 413 2389 445 2440; x_wconf 87' lang='lat' dir='ltr'><strong>D.</strong></span> <span class='ocrx_word' id='word_1_204' title='bbox 460 2391 517 2441; x_wconf 82' lang='lat' dir='ltr'><strong>eod.</strong></span> <span class='ocrx_word' id='word_1_205' title='bbox 585 2386 607 2456; x_wconf 77' lang='lat'><strong>¹)</strong></span> <span class='ocrx_word' id='word_1_206' title='bbox 622 2389 734 2440; x_wconf 78' lang='lat' dir='ltr'><strong>Restitui</strong></span> <span class='ocrx_word' id='word_1_207' title='bbox 747 2405 782 2440; x_wconf 69' lang='grc' dir='ltr'><strong>σω</strong></span> <span class='ocrx_word' id='word_1_208' title='bbox 795 2390 828 2439; x_wconf 83' lang='lat' dir='ltr'><strong>L.</strong></span> <span class='ocrx_word' id='word_1_209' title='bbox 843 2401 870 2441; x_wconf 74' lang='lat' dir='ltr'><strong>sn</strong></span> <span class='ocrx_word' id='word_1_210' title='bbox 878 2405 922 2453; x_wconf 82' lang='lat' dir='ltr'><strong>pr.</strong></span> <span class='ocrx_word' id='word_1_211' title='bbox 941 2390 973 2439; x_wconf 88' lang='lat' dir='ltr'><strong>D.</strong></span> <span class='ocrx_word' id='word_1_212' title='bbox 988 2391 1013 2440; x_wconf 83' lang='grc' dir='ltr'><strong>Ιι.</strong></span> <span class='ocrx_word' id='word_1_213' title='bbox 1029 2398 1046 2441; x_wconf 89' lang='lat' dir='ltr'><strong>t.</strong></span> <span class='ocrx_word' id='word_1_214' title='bbox 1061 2392 1108 2441; x_wconf 92' lang='lat' dir='ltr'><strong>nisi</strong></span> 
     </span>
     <span class='ocr_line' id='line_1_26' title="bbox 155 2456 1108 2526; baseline 0.002 -16"><span class='ocrx_word' id='word_1_215' title='bbox 155 2460 218 2510; x_wconf 76' lang='lat' dir='ltr'><strong>cdd.</strong></span> <span class='ocrx_word' id='word_1_216' title='bbox 232 2461 290 2509; x_wconf 86' lang='lat' dir='ltr'><strong>edd.</strong></span> <span class='ocrx_word' id='word_1_217' title='bbox 342 2456 362 2525; x_wconf 86' lang='lat'><strong>¹)</strong></span> <span class='ocrx_word' id='word_1_218' title='bbox 376 2459 500 2524; x_wconf 81' lang='lat' dir='ltr'><strong>Suppleue&#39;</strong></span> <span class='ocrx_word' id='word_1_219' title='bbox 512 2476 547 2509; x_wconf 84' lang='lat' dir='ltr'><strong>eac</strong></span> <span class='ocrx_word' id='word_1_220' title='bbox 560 2460 592 2510; x_wconf 83' lang='lat' dir='ltr'><strong>L.</strong></span> <span class='ocrx_word' id='word_1_221' title='bbox 603 2471 629 2511; x_wconf 77' lang='lat' dir='ltr'><strong>an</strong></span> <span class='ocrx_word' id='word_1_222' title='bbox 639 2476 684 2524; x_wconf 82' lang='lat' dir='ltr'><strong>pr.</strong></span> <span class='ocrx_word' id='word_1_223' title='bbox 699 2463 751 2519; x_wconf 80' lang='lat' dir='ltr'><strong>cit,</strong></span> <span class='ocrx_word' id='word_1_224' title='bbox 766 2462 841 2510; x_wconf 83' lang='lat' dir='ltr'><strong>cuiue</strong></span> <span class='ocrx_word' id='word_1_225' title='bbox 855 2462 1016 2526; x_wconf 82' lang='lat' dir='ltr'><strong>insequentia</strong></span> <span class='ocrx_word' id='word_1_226' title='bbox 1029 2462 1108 2512; x_wconf 81' lang='lat' dir='ltr'><strong>verda</strong></span> 
     </span>
     <span class='ocr_line' id='line_1_27' title="bbox 152 2529 1109 2595; baseline 0.002 -14"><span class='ocrx_word' id='word_1_227' title='bbox 152 2546 189 2581; x_wconf 75' lang='lat' dir='ltr'><strong>eac</strong></span> <span class='ocrx_word' id='word_1_228' title='bbox 203 2531 293 2580; x_wconf 82' lang='lat' dir='ltr'><strong>Paulli</strong></span> <span class='ocrx_word' id='word_1_229' title='bbox 306 2529 349 2580; x_wconf 82' lang='lat' dir='ltr'><strong>iti.</strong></span> <span class='ocrx_word' id='word_1_230' title='bbox 367 2529 416 2580; x_wconf 85' lang='lat' dir='ltr'><strong>XI.</strong></span> <span class='ocrx_word' id='word_1_231' title='bbox 432 2531 467 2580; x_wconf 87' lang='lat' dir='ltr'><strong>ad</strong></span> <span class='ocrx_word' id='word_1_232' title='bbox 484 2532 595 2580; x_wconf 84' lang='lat' dir='ltr'><strong>edietum</strong></span> <span class='ocrx_word' id='word_1_233' title='bbox 610 2534 693 2595; x_wconf 82' lang='lat' dir='ltr'><strong>petito</strong></span> <span class='ocrx_word' id='word_1_234' title='bbox 712 2547 768 2582; x_wconf 86' lang='lat' dir='ltr'><strong>cum</strong></span> <span class='ocrx_word' id='word_1_235' title='bbox 786 2531 835 2582; x_wconf 85' lang='lat' dir='ltr'><strong>lioc</strong></span> <span class='ocrx_word' id='word_1_236' title='bbox 849 2533 905 2582; x_wconf 84' lang='lat' dir='ltr'><strong>loco</strong></span> <span class='ocrx_word' id='word_1_237' title='bbox 920 2547 954 2582; x_wconf 81' lang='lat' dir='ltr'><strong>eac</strong></span> <span class='ocrx_word' id='word_1_238' title='bbox 967 2531 1109 2583; x_wconf 80' lang='lat' dir='ltr'><strong>Sententiis</strong></span> 
     </span>
     <span class='ocr_line' id='line_1_28' title="bbox 152 2601 1107 2668; baseline 0.001 -17"><span class='ocrx_word' id='word_1_239' title='bbox 152 2608 252 2664; x_wconf 82' lang='lat' dir='ltr'><strong>sumpto</strong></span> <span class='ocrx_word' id='word_1_240' title='bbox 266 2602 402 2658; x_wconf 77' lang='lat' dir='ltr'><strong>coaluisse,</strong></span> <span class='ocrx_word' id='word_1_241' title='bbox 418 2601 540 2651; x_wconf 79' lang='lat' dir='ltr'><strong>Ouiocius</strong></span> <span class='ocrx_word' id='word_1_242' title='bbox 553 2602 625 2652; x_wconf 82' lang='lat' dir='ltr'><strong>uidit.</strong></span> <span class='ocrx_word' id='word_1_243' title='bbox 665 2602 795 2668; x_wconf 69' lang='lat' dir='ltr'><strong>Visipotka&#39;</strong></span> <span class='ocrx_word' id='word_1_244' title='bbox 809 2609 904 2654; x_wconf 83' lang='lat' dir='ltr'><strong>mutato</strong></span> <span class='ocrx_word' id='word_1_245' title='bbox 919 2604 1004 2666; x_wconf 88' lang='lat' dir='ltr'><strong>quodsi</strong></span> <span class='ocrx_word' id='word_1_246' title='bbox 1019 2605 1046 2652; x_wconf 80' lang='lat' dir='ltr'><strong>in</strong></span> <span class='ocrx_word' id='word_1_247' title='bbox 1061 2604 1107 2653; x_wconf 88' lang='lat' dir='ltr'><strong>uisi</strong></span> 
     </span>
     <span class='ocr_line' id='line_1_29' title="bbox 153 2671 1106 2738; baseline 0.003 -17"><span class='ocrx_word' id='word_1_248' title='bbox 153 2671 218 2721; x_wconf 76' lang='lat' dir='ltr'><strong>hoec</strong></span> <span class='ocrx_word' id='word_1_249' title='bbox 232 2672 326 2734; x_wconf 68' lang='lat' dir='ltr'><strong>fludio</strong></span> <span class='ocrx_word' id='word_1_250' title='bbox 339 2671 417 2720; x_wconf 80' lang='lat' dir='ltr'><strong>cerda</strong></span> <span class='ocrx_word' id='word_1_251' title='bbox 430 2673 513 2722; x_wconf 72' lang='lat' dir='ltr'><strong>omini</strong></span> <span class='ocrx_word' id='word_1_252' title='bbox 527 2686 605 2735; x_wconf 75' lang='lat' dir='ltr'><strong>posce</strong></span> <span class='ocrx_word' id='word_1_253' title='bbox 623 2675 688 2722; x_wconf 84' lang='lat' dir='ltr'><strong>male</strong></span> <span class='ocrx_word' id='word_1_254' title='bbox 707 2673 882 2723; x_wconf 81' lang='lat' dir='ltr'><strong>crediderunt.</strong></span> <span class='ocrx_word' id='word_1_255' title='bbox 948 2671 968 2731; x_wconf 85' lang='lat'><strong>⁴)</strong></span> <span class='ocrx_word' id='word_1_256' title='bbox 985 2674 1023 2738; x_wconf 81' lang='lat' dir='ltr'><strong>Cf.</strong></span> <span class='ocrx_word' id='word_1_257' title='bbox 1038 2674 1070 2723; x_wconf 83' lang='lat' dir='ltr'><strong>L.</strong></span> <span class='ocrx_word' id='word_1_258' title='bbox 1086 2686 1106 2726; x_wconf 87' lang='lat' dir='ltr'><strong>a.</strong></span> 
     </span>
     <span class='ocr_line' id='line_1_30' title="bbox 154 2740 1107 2816; baseline 0.004 -25"><span class='ocrx_word' id='word_1_259' title='bbox 154 2743 177 2804; x_wconf 70' lang='grc'><strong>5.</strong></span> <span class='ocrx_word' id='word_1_260' title='bbox 193 2754 213 2792; x_wconf 89' lang='grc' dir='ltr'><strong>ι.</strong></span> <span class='ocrx_word' id='word_1_261' title='bbox 228 2741 261 2790; x_wconf 88' lang='lat' dir='ltr'><strong>D.</strong></span> <span class='ocrx_word' id='word_1_262' title='bbox 275 2741 300 2790; x_wconf 80' lang='grc' dir='ltr'><strong>Ιι.</strong></span> <span class='ocrx_word' id='word_1_263' title='bbox 313 2748 332 2816; x_wconf 60' lang='lat'><em>3</em></span> <span class='ocrx_word' id='word_1_264' title='bbox 347 2743 385 2791; x_wconf 82' lang='lat' dir='ltr'><strong>tit.</strong></span> <span class='ocrx_word' id='word_1_265' title='bbox 402 2741 428 2790; x_wconf 81' lang='grc'><strong>0.</strong></span> <span class='ocrx_word' id='word_1_266' title='bbox 442 2742 467 2791; x_wconf 80' lang='lat' dir='ltr'><strong>ei</strong></span> <span class='ocrx_word' id='word_1_267' title='bbox 480 2745 563 2792; x_wconf 82' lang='lat' dir='ltr'><strong>maior</strong></span> <span class='ocrx_word' id='word_1_268' title='bbox 573 2743 639 2806; x_wconf 85' lang='lat' dir='ltr'><strong>fact.</strong></span> <span class='ocrx_word' id='word_1_269' title='bbox 654 2741 685 2807; x_wconf 75' lang='lat' dir='ltr'><strong>(a,</strong></span> <span class='ocrx_word' id='word_1_270' title='bbox 699 2741 745 2807; x_wconf 75' lang='lat' dir='ltr'><strong>tt).</strong></span> <span class='ocrx_word' id='word_1_271' title='bbox 810 2740 831 2809; x_wconf 77' lang='lat'><strong>⁵)</strong></span> <span class='ocrx_word' id='word_1_272' title='bbox 846 2743 891 2792; x_wconf 75' lang='lat' dir='ltr'><strong>En·</strong></span> <span class='ocrx_word' id='word_1_273' title='bbox 905 2743 1058 2795; x_wconf 77' lang='lat' dir='ltr'><strong>Ritteradue.</strong></span> <span class='ocrx_word' id='word_1_274' title='bbox 1075 2747 1107 2808; x_wconf 71' lang='lat' dir='ltr'><strong>ei.</strong></span> 
     </span>
     <span class='ocr_line' id='line_1_31' title="bbox 153 2809 1106 2878; baseline 0.005 -18"><span class='ocrx_word' id='word_1_275' title='bbox 153 2818 224 2875; x_wconf 85' lang='lat' dir='ltr'><strong>pacto</strong></span> <span class='ocrx_word' id='word_1_276' title='bbox 240 2811 302 2861; x_wconf 78' lang='lat' dir='ltr'><strong>cdd.</strong></span> <span class='ocrx_word' id='word_1_277' title='bbox 317 2812 357 2861; x_wconf 85' lang='lat' dir='ltr'><strong>ed.</strong></span> <span class='ocrx_word' id='word_1_278' title='bbox 371 2811 457 2861; x_wconf 83' lang='lat' dir='ltr'><strong>Huen.</strong></span> <span class='ocrx_word' id='word_1_279' title='bbox 470 2818 496 2862; x_wconf 85' lang='lat' dir='ltr'><strong>et</strong></span> <span class='ocrx_word' id='word_1_280' title='bbox 509 2812 542 2862; x_wconf 80' lang='lat' dir='ltr'><strong>A.</strong></span> <span class='ocrx_word' id='word_1_281' title='bbox 607 2809 628 2878; x_wconf 76' lang='lat'><strong>⁸)</strong></span> <span class='ocrx_word' id='word_1_282' title='bbox 645 2813 683 2876; x_wconf 81' lang='lat' dir='ltr'><strong>Os.</strong></span> <span class='ocrx_word' id='word_1_283' title='bbox 698 2813 730 2862; x_wconf 75' lang='lat' dir='ltr'><strong>L.</strong></span> <span class='ocrx_word' id='word_1_284' title='bbox 745 2825 780 2865; x_wconf 79' lang='lat'><strong>19.</strong></span> <span class='ocrx_word' id='word_1_285' title='bbox 798 2813 830 2863; x_wconf 88' lang='lat' dir='ltr'><strong>D.</strong></span> <span class='ocrx_word' id='word_1_286' title='bbox 846 2815 870 2864; x_wconf 77' lang='lat' dir='ltr'><strong>n.</strong></span> <span class='ocrx_word' id='word_1_287' title='bbox 886 2821 902 2864; x_wconf 89' lang='lat' dir='ltr'><strong>t.</strong></span> <span class='ocrx_word' id='word_1_288' title='bbox 918 2815 950 2864; x_wconf 86' lang='lat' dir='ltr'><strong>L.</strong></span> <span class='ocrx_word' id='word_1_289' title='bbox 965 2826 984 2866; x_wconf 86' lang='lat' dir='ltr'><strong>u.</strong></span> <span class='ocrx_word' id='word_1_290' title='bbox 1005 2817 1028 2878; x_wconf 65' lang='grc' dir='ltr'><strong>ξ.</strong></span> <span class='ocrx_word' id='word_1_291' title='bbox 1044 2830 1064 2867; x_wconf 87' lang='lat' dir='ltr'><strong>t.</strong></span> <span class='ocrx_word' id='word_1_292' title='bbox 1081 2815 1106 2866; x_wconf 76' lang='grc' dir='ltr'><strong>θ.</strong></span> 
     </span>
     <span class='ocr_line' id='line_1_32' title="bbox 153 2881 1108 2950; baseline 0.004 -18"><span class='ocrx_word' id='word_1_293' title='bbox 153 2883 186 2932; x_wconf 83' lang='lat' dir='ltr'><strong>de</strong></span> <span class='ocrx_word' id='word_1_294' title='bbox 200 2889 273 2946; x_wconf 87' lang='lat' dir='ltr'><strong>temp.</strong></span> <span class='ocrx_word' id='word_1_295' title='bbox 289 2884 315 2931; x_wconf 85' lang='lat' dir='ltr'><strong>in</strong></span> <span class='ocrx_word' id='word_1_296' title='bbox 331 2885 377 2932; x_wconf 83' lang='lat' dir='ltr'><strong>int.</strong></span> <span class='ocrx_word' id='word_1_297' title='bbox 392 2889 452 2932; x_wconf 81' lang='lat' dir='ltr'><strong>reat.</strong></span> <span class='ocrx_word' id='word_1_298' title='bbox 466 2882 554 2950; x_wconf 63' lang='lat' dir='ltr'><strong>(nus).</strong></span> <span class='ocrx_word' id='word_1_299' title='bbox 606 2881 627 2949; x_wconf 86' lang='lat'><strong>¹)</strong></span> <span class='ocrx_word' id='word_1_300' title='bbox 642 2883 745 2933; x_wconf 85' lang='lat' dir='ltr'><strong>Mutato</strong></span> <span class='ocrx_word' id='word_1_301' title='bbox 758 2891 831 2934; x_wconf 72' lang='lat' dir='ltr'><strong>cetat</strong></span> <span class='ocrx_word' id='word_1_302' title='bbox 841 2887 868 2933; x_wconf 86' lang='lat' dir='ltr'><strong>in</strong></span> <span class='ocrx_word' id='word_1_303' title='bbox 878 2884 910 2933; x_wconf 87' lang='lat' dir='ltr'><strong>L.</strong></span> <span class='ocrx_word' id='word_1_304' title='bbox 921 2897 947 2936; x_wconf 81' lang='lat' dir='ltr'><strong>ts</strong></span> <span class='ocrx_word' id='word_1_305' title='bbox 957 2899 1000 2949; x_wconf 83' lang='lat' dir='ltr'><strong>pr.</strong></span> <span class='ocrx_word' id='word_1_306' title='bbox 1012 2886 1043 2934; x_wconf 82' lang='grc' dir='ltr'><strong>Ι).</strong></span> <span class='ocrx_word' id='word_1_307' title='bbox 1054 2887 1079 2935; x_wconf 77' lang='lat' dir='ltr'><strong>d.</strong></span> <span class='ocrx_word' id='word_1_308' title='bbox 1090 2893 1108 2936; x_wconf 86' lang='lat' dir='ltr'><strong>t.</strong></span> 
     </span>
     <span class='ocr_line' id='line_1_33' title="bbox 154 2949 1107 3019; baseline 0.002 -17"><span class='ocrx_word' id='word_1_309' title='bbox 154 2950 176 3018; x_wconf 83' lang='lat'><strong>⁸)</strong></span> <span class='ocrx_word' id='word_1_310' title='bbox 193 2952 231 3016; x_wconf 81' lang='lat' dir='ltr'><strong>Cf.</strong></span> <span class='ocrx_word' id='word_1_311' title='bbox 246 2953 278 3002; x_wconf 75' lang='grc' dir='ltr'><strong>Ι..</strong></span> <span class='ocrx_word' id='word_1_312' title='bbox 294 2965 319 3005; x_wconf 82' lang='lat' dir='ltr'><strong>aa</strong></span> <span class='ocrx_word' id='word_1_313' title='bbox 329 2968 373 3017; x_wconf 81' lang='lat' dir='ltr'><strong>pr.</strong></span> <span class='ocrx_word' id='word_1_314' title='bbox 388 2952 421 3004; x_wconf 87' lang='lat' dir='ltr'><strong>D.</strong></span> <span class='ocrx_word' id='word_1_315' title='bbox 435 2953 460 3002; x_wconf 86' lang='lat' dir='ltr'><strong>t.</strong></span> <span class='ocrx_word' id='word_1_316' title='bbox 475 2960 493 3003; x_wconf 87' lang='lat' dir='ltr'><strong>t.</strong></span> <span class='ocrx_word' id='word_1_317' title='bbox 575 2949 597 3019; x_wconf 67' lang='lat'><strong>⁹)</strong></span> <span class='ocrx_word' id='word_1_318' title='bbox 614 2954 653 3018; x_wconf 82' lang='lat' dir='ltr'><strong>Cf.</strong></span> <span class='ocrx_word' id='word_1_319' title='bbox 668 2955 699 3004; x_wconf 72' lang='lat' dir='ltr'><strong>In</strong></span> <span class='ocrx_word' id='word_1_320' title='bbox 715 2966 749 3006; x_wconf 76' lang='lat' dir='ltr'><strong>st.</strong></span> <span class='ocrx_word' id='word_1_321' title='bbox 768 2956 792 3016; x_wconf 67' lang='grc' dir='ltr'><strong>ξ.</strong></span> <span class='ocrx_word' id='word_1_322' title='bbox 806 2967 827 3005; x_wconf 81' lang='lat'><strong>4.</strong></span> <span class='ocrx_word' id='word_1_323' title='bbox 847 2955 879 3004; x_wconf 77' lang='lat' dir='ltr'><strong>L.</strong></span> <span class='ocrx_word' id='word_1_324' title='bbox 894 2965 928 3005; x_wconf 76' lang='lat' dir='ltr'><strong>at.</strong></span> <span class='ocrx_word' id='word_1_325' title='bbox 948 2956 971 3017; x_wconf 65' lang='grc' dir='ltr'><strong>ξ.</strong></span> <span class='ocrx_word' id='word_1_326' title='bbox 986 2967 1006 3005; x_wconf 92' lang='lat'><strong>1.</strong></span> <span class='ocrx_word' id='word_1_327' title='bbox 1026 2955 1058 3004; x_wconf 82' lang='lat' dir='ltr'><strong>L.</strong></span> <span class='ocrx_word' id='word_1_328' title='bbox 1072 2968 1107 3008; x_wconf 84' lang='lat'><strong>40.</strong></span> 
     </span>
     <span class='ocr_line' id='line_1_34' title="bbox 153 3021 1108 3090; baseline 0 -16"><span class='ocrx_word' id='word_1_329' title='bbox 153 3023 176 3085; x_wconf 71' lang='grc'><strong>5.</strong></span> <span class='ocrx_word' id='word_1_330' title='bbox 188 3036 209 3074; x_wconf 85' lang='lat' dir='ltr'><strong>a.</strong></span> <span class='ocrx_word' id='word_1_331' title='bbox 228 3023 260 3072; x_wconf 87' lang='lat' dir='ltr'><strong>D.</strong></span> <span class='ocrx_word' id='word_1_332' title='bbox 271 3024 326 3074; x_wconf 84' lang='lat' dir='ltr'><strong>eod.</strong></span> <span class='ocrx_word' id='word_1_333' title='bbox 342 3023 374 3073; x_wconf 81' lang='lat' dir='ltr'><strong>L.</strong></span> <span class='ocrx_word' id='word_1_334' title='bbox 388 3034 423 3076; x_wconf 75' lang='lat' dir='ltr'><strong>aa.</strong></span> <span class='ocrx_word' id='word_1_335' title='bbox 437 3025 492 3086; x_wconf 70' lang='lat' dir='ltr'><strong>§.a</strong></span> <span class='ocrx_word' id='word_1_336' title='bbox 512 3025 543 3073; x_wconf 86' lang='lat' dir='ltr'><strong>D.</strong></span> <span class='ocrx_word' id='word_1_337' title='bbox 558 3025 590 3075; x_wconf 85' lang='lat' dir='ltr'><strong>de</strong></span> <span class='ocrx_word' id='word_1_338' title='bbox 604 3025 670 3074; x_wconf 85' lang='lat' dir='ltr'><strong>adm.</strong></span> <span class='ocrx_word' id='word_1_339' title='bbox 686 3031 711 3074; x_wconf 89' lang='lat' dir='ltr'><strong>et</strong></span> <span class='ocrx_word' id='word_1_340' title='bbox 720 3040 779 3089; x_wconf 81' lang='lat' dir='ltr'><strong>per.</strong></span> <span class='ocrx_word' id='word_1_341' title='bbox 794 3024 879 3090; x_wconf 69' lang='lat' dir='ltr'><strong>(tut).</strong></span> <span class='ocrx_word' id='word_1_342' title='bbox 933 3021 967 3090; x_wconf 86' lang='lat'><strong>¹⁰)</strong></span> <span class='ocrx_word' id='word_1_343' title='bbox 981 3025 1040 3076; x_wconf 84' lang='lat' dir='ltr'><strong>Duo</strong></span> <span class='ocrx_word' id='word_1_344' title='bbox 1054 3042 1108 3074; x_wconf 79' lang='lat' dir='ltr'><strong>rnn-</strong></span> 
     </span>
     <span class='ocr_line' id='line_1_35' title="bbox 153 3093 1107 3158; baseline 0.003 -15"><span class='ocrx_word' id='word_1_345' title='bbox 153 3095 222 3151; x_wconf 70' lang='lat' dir='ltr'><strong>tona&#39;a</strong></span> <span class='ocrx_word' id='word_1_346' title='bbox 235 3093 259 3142; x_wconf 81' lang='lat' dir='ltr'><strong>t.</strong></span> <span class='ocrx_word' id='word_1_347' title='bbox 275 3097 291 3143; x_wconf 83' lang='lat' dir='ltr'><strong>t.</strong></span> <span class='ocrx_word' id='word_1_348' title='bbox 303 3108 356 3158; x_wconf 79' lang='lat' dir='ltr'><strong>pro</strong></span> <span class='ocrx_word' id='word_1_349' title='bbox 370 3108 453 3144; x_wconf 88' lang='lat' dir='ltr'><strong>eorum</strong></span> <span class='ocrx_word' id='word_1_350' title='bbox 467 3111 519 3144; x_wconf 86' lang='lat' dir='ltr'><strong>unu</strong></span> <span class='ocrx_word' id='word_1_351' title='bbox 529 3097 619 3145; x_wconf 85' lang='lat' dir='ltr'><strong>littera</strong></span> <span class='ocrx_word' id='word_1_352' title='bbox 628 3103 726 3146; x_wconf 83' lang='lat' dir='ltr'><strong>mutata</strong></span> <span class='ocrx_word' id='word_1_353' title='bbox 734 3096 832 3158; x_wconf 80' lang='lat' dir='ltr'><strong>scripsi</strong></span> <span class='ocrx_word' id='word_1_354' title='bbox 841 3108 937 3144; x_wconf 89' lang='lat' dir='ltr'><strong>suorum</strong></span> <span class='ocrx_word' id='word_1_355' title='bbox 947 3101 972 3143; x_wconf 88' lang='lat' dir='ltr'><strong>et</strong></span> <span class='ocrx_word' id='word_1_356' title='bbox 982 3103 1075 3158; x_wconf 87' lang='lat' dir='ltr'><strong>posteo</strong></span> <span class='ocrx_word' id='word_1_357' title='bbox 1085 3113 1107 3146; x_wconf 88' lang='lat' dir='ltr'><strong>u.</strong></span> 
     </span>
     <span class='ocr_line' id='line_1_36' title="bbox 153 3165 1108 3232; baseline 0.001 -19"><span class='ocrx_word' id='word_1_358' title='bbox 153 3179 210 3223; x_wconf 91' lang='lat' dir='ltr'><strong>nou,</strong></span> <span class='ocrx_word' id='word_1_359' title='bbox 224 3179 289 3229; x_wconf 88' lang='lat' dir='ltr'><strong>quoe</strong></span> <span class='ocrx_word' id='word_1_360' title='bbox 303 3166 331 3214; x_wconf 84' lang='lat' dir='ltr'><strong>a&#39;n</strong></span> <span class='ocrx_word' id='word_1_361' title='bbox 347 3165 409 3215; x_wconf 76' lang='lat' dir='ltr'><strong>cod.</strong></span> <span class='ocrx_word' id='word_1_362' title='bbox 419 3171 445 3214; x_wconf 85' lang='lat' dir='ltr'><strong>et</strong></span> <span class='ocrx_word' id='word_1_363' title='bbox 457 3167 515 3215; x_wconf 83' lang='lat' dir='ltr'><strong>edd.</strong></span> <span class='ocrx_word' id='word_1_364' title='bbox 530 3173 590 3216; x_wconf 86' lang='lat' dir='ltr'><strong>unte</strong></span> <span class='ocrx_word' id='word_1_365' title='bbox 603 3167 636 3215; x_wconf 85' lang='lat' dir='ltr'><strong>iu</strong></span> <span class='ocrx_word' id='word_1_366' title='bbox 651 3168 755 3232; x_wconf 75' lang='lat' dir='ltr'><strong>lepitur,</strong></span> <span class='ocrx_word' id='word_1_367' title='bbox 769 3167 935 3229; x_wconf 63' lang='lat' dir='ltr'><strong>manuposito,</strong></span> <span class='ocrx_word' id='word_1_368' title='bbox 950 3167 1047 3229; x_wconf 82' lang='lat' dir='ltr'><strong>scripsi</strong></span> <span class='ocrx_word' id='word_1_369' title='bbox 1061 3181 1108 3215; x_wconf 91' lang='lat' dir='ltr'><strong>non</strong></span> 
     </span>
     <span class='ocr_line' id='line_1_37' title="bbox 153 3234 1107 3302; baseline 0.003 -19"><span class='ocrx_word' id='word_1_370' title='bbox 153 3249 220 3299; x_wconf 85' lang='lat' dir='ltr'><strong>quas,</strong></span> <span class='ocrx_word' id='word_1_371' title='bbox 235 3250 267 3284; x_wconf 89' lang='lat' dir='ltr'><strong>ne</strong></span> <span class='ocrx_word' id='word_1_372' title='bbox 281 3236 329 3285; x_wconf 83' lang='lat' dir='ltr'><strong>toti</strong></span> <span class='ocrx_word' id='word_1_373' title='bbox 340 3237 482 3285; x_wconf 82' lang='lat' dir='ltr'><strong>sententiae</strong></span> <span class='ocrx_word' id='word_1_374' title='bbox 497 3236 529 3286; x_wconf 69' lang='lat' dir='ltr'><strong>In</strong></span> <span class='ocrx_word' id='word_1_375' title='bbox 542 3248 570 3288; x_wconf 78' lang='lat' dir='ltr'><strong>aa</strong></span> <span class='ocrx_word' id='word_1_376' title='bbox 576 3252 619 3300; x_wconf 85' lang='lat' dir='ltr'><strong>pr.</strong></span> <span class='ocrx_word' id='word_1_377' title='bbox 639 3237 706 3286; x_wconf 78' lang='grc' dir='ltr'><strong>Ι).1ι.</strong></span> <span class='ocrx_word' id='word_1_378' title='bbox 722 3244 739 3286; x_wconf 85' lang='lat' dir='ltr'><strong>t.</strong></span> <span class='ocrx_word' id='word_1_379' title='bbox 754 3234 1063 3302; x_wconf 57' lang='lat' dir='ltr'><strong>(insurrectiones.</strong></span> <span class='ocrx_word' id='word_1_380' title='bbox 1081 3237 1107 3286; x_wconf 82' lang='grc' dir='ltr'><strong>θ.</strong></span> 
     </span>
     <span class='ocr_line' id='line_1_38' title="bbox 153 3304 1107 3373; baseline 0.003 -20"><span class='ocrx_word' id='word_1_381' title='bbox 153 3307 178 3354; x_wconf 85' lang='lat' dir='ltr'><strong>ei</strong></span> <span class='ocrx_word' id='word_1_382' title='bbox 191 3305 248 3355; x_wconf 85' lang='lat' dir='ltr'><strong>odo.</strong></span> <span class='ocrx_word' id='word_1_383' title='bbox 264 3306 337 3357; x_wconf 82' lang='lat' dir='ltr'><strong>vend.</strong></span> <span class='ocrx_word' id='word_1_384' title='bbox 349 3307 423 3371; x_wconf 74' lang='lat' dir='ltr'><strong>pipo.</strong></span> <span class='ocrx_word' id='word_1_385' title='bbox 439 3304 469 3373; x_wconf 79' lang='lat' dir='ltr'><strong>(a,</strong></span> <span class='ocrx_word' id='word_1_386' title='bbox 481 3305 526 3373; x_wconf 81' lang='lat' dir='ltr'><strong>aa),</strong></span> <span class='ocrx_word' id='word_1_387' title='bbox 540 3314 566 3357; x_wconf 87' lang='lat' dir='ltr'><strong>et</strong></span> <span class='ocrx_word' id='word_1_388' title='bbox 578 3309 633 3356; x_wconf 81' lang='lat' dir='ltr'><strong>illie</strong></span> <span class='ocrx_word' id='word_1_389' title='bbox 647 3308 668 3356; x_wconf 89' lang='lat' dir='ltr'><strong>si</strong></span> <span class='ocrx_word' id='word_1_390' title='bbox 683 3322 730 3356; x_wconf 90' lang='lat' dir='ltr'><strong>non</strong></span> <span class='ocrx_word' id='word_1_391' title='bbox 744 3307 777 3355; x_wconf 87' lang='lat' dir='ltr'><strong>ita</strong></span> <span class='ocrx_word' id='word_1_392' title='bbox 792 3333 825 3343; x_wconf 89' lang='lat'><em>-</em></span> <span class='ocrx_word' id='word_1_393' title='bbox 840 3306 967 3356; x_wconf 87' lang='lat' dir='ltr'><strong>distractae</strong></span> <span class='ocrx_word' id='word_1_394' title='bbox 982 3306 1030 3355; x_wconf 87' lang='lat' dir='ltr'><strong>siut</strong></span> <span class='ocrx_word' id='word_1_395' title='bbox 1044 3307 1075 3356; x_wconf 90' lang='lat' dir='ltr'><strong>L.</strong></span> <span class='ocrx_word' id='word_1_396' title='bbox 1086 3319 1107 3360; x_wconf 77' lang='lat' dir='ltr'><strong>n.</strong></span> 
     </span>
     <span class='ocr_line' id='line_1_39' title="bbox 154 3374 1107 3443; baseline 0 -18"><span class='ocrx_word' id='word_1_397' title='bbox 154 3374 181 3426; x_wconf 83' lang='lat'><strong>0.</strong></span> <span class='ocrx_word' id='word_1_398' title='bbox 196 3376 228 3425; x_wconf 85' lang='lat' dir='ltr'><strong>de</strong></span> <span class='ocrx_word' id='word_1_399' title='bbox 242 3376 317 3427; x_wconf 77' lang='lat' dir='ltr'><strong>distr.</strong></span> <span class='ocrx_word' id='word_1_400' title='bbox 329 3378 403 3442; x_wconf 76' lang='lat' dir='ltr'><strong>pipn.</strong></span> <span class='ocrx_word' id='word_1_401' title='bbox 419 3375 454 3442; x_wconf 79' lang='lat' dir='ltr'><strong>(a,</strong></span> <span class='ocrx_word' id='word_1_402' title='bbox 469 3375 505 3443; x_wconf 75' lang='lat' dir='ltr'><strong>aa)</strong></span> <span class='ocrx_word' id='word_1_403' title='bbox 524 3384 548 3427; x_wconf 81' lang='lat' dir='ltr'><strong>et</strong></span> <span class='ocrx_word' id='word_1_404' title='bbox 562 3377 593 3426; x_wconf 74' lang='lat' dir='ltr'><strong>L.</strong></span> <span class='ocrx_word' id='word_1_405' title='bbox 609 3388 629 3426; x_wconf 79' lang='lat' dir='ltr'><strong>a.</strong></span> <span class='ocrx_word' id='word_1_406' title='bbox 658 3377 684 3426; x_wconf 83' lang='lat'><strong>0.</strong></span> <span class='ocrx_word' id='word_1_407' title='bbox 698 3379 723 3427; x_wconf 85' lang='lat' dir='ltr'><strong>si</strong></span> <span class='ocrx_word' id='word_1_408' title='bbox 736 3377 809 3427; x_wconf 82' lang='lat' dir='ltr'><strong>vend.</strong></span> <span class='ocrx_word' id='word_1_409' title='bbox 820 3377 893 3443; x_wconf 63' lang='lat' dir='ltr'><strong>pion.</strong></span> <span class='ocrx_word' id='word_1_410' title='bbox 910 3375 945 3442; x_wconf 78' lang='lat'><strong>(8,</strong></span> <span class='ocrx_word' id='word_1_411' title='bbox 960 3377 996 3442; x_wconf 74' lang='lat' dir='ltr'><strong>att)</strong></span> <span class='ocrx_word' id='word_1_412' title='bbox 1016 3377 1107 3426; x_wconf 84' lang='lat' dir='ltr'><strong>aduer-</strong></span> 
     </span>
     <span class='ocr_line' id='line_1_40' title="bbox 151 3446 1106 3513; baseline 0.002 -19"><span class='ocrx_word' id='word_1_413' title='bbox 151 3453 249 3496; x_wconf 78' lang='lat' dir='ltr'><strong>eentur.</strong></span> <span class='ocrx_word' id='word_1_414' title='bbox 279 3446 362 3497; x_wconf 85' lang='lat' dir='ltr'><strong>Pione</strong></span> <span class='ocrx_word' id='word_1_415' title='bbox 381 3448 431 3495; x_wconf 81' lang='lat' dir='ltr'><strong>iona</strong></span> <span class='ocrx_word' id='word_1_416' title='bbox 450 3446 580 3513; x_wconf 72' lang='lat' dir='ltr'><strong>Viaipottii</strong></span> <span class='ocrx_word' id='word_1_417' title='bbox 597 3449 752 3512; x_wconf 72' lang='lat' dir='ltr'><strong>interpretes</strong></span> <span class='ocrx_word' id='word_1_418' title='bbox 770 3449 862 3499; x_wconf 82' lang='lat' dir='ltr'><strong>vitioso</strong></span> <span class='ocrx_word' id='word_1_419' title='bbox 882 3449 970 3498; x_wconf 82' lang='lat' dir='ltr'><strong>codice</strong></span> <span class='ocrx_word' id='word_1_420' title='bbox 985 3449 1026 3496; x_wconf 86' lang='lat' dir='ltr'><strong>usi</strong></span> <span class='ocrx_word' id='word_1_421' title='bbox 1039 3455 1106 3498; x_wconf 85' lang='lat' dir='ltr'><strong>suut.</strong></span> 
     </span>
     <span class='ocr_line' id='line_1_41' title="bbox 158 3516 1106 3583; baseline 0.002 -19"><span class='ocrx_word' id='word_1_422' title='bbox 158 3516 294 3582; x_wconf 77' lang='lat' dir='ltr'><strong>Vutpatona</strong></span> <span class='ocrx_word' id='word_1_423' title='bbox 314 3518 447 3567; x_wconf 82' lang='lat' dir='ltr'><strong>lectionem</strong></span> <span class='ocrx_word' id='word_1_424' title='bbox 467 3518 541 3568; x_wconf 83' lang='lat' dir='ltr'><strong>uarie</strong></span> <span class='ocrx_word' id='word_1_425' title='bbox 559 3525 664 3567; x_wconf 83' lang='lat' dir='ltr'><strong>tuentur</strong></span> <span class='ocrx_word' id='word_1_426' title='bbox 677 3518 793 3583; x_wconf 70' lang='lat' dir='ltr'><strong>Savipny</strong></span> <span class='ocrx_word' id='word_1_427' title='bbox 806 3517 905 3582; x_wconf 69' lang='lat' dir='ltr'><strong>Spetem</strong></span> <span class='ocrx_word' id='word_1_428' title='bbox 929 3517 989 3566; x_wconf 87' lang='lat' dir='ltr'><em>VII.</em></span> <span class='ocrx_word' id='word_1_429' title='bbox 1010 3533 1037 3580; x_wconf 88' lang='lat' dir='ltr'><strong>p.</strong></span> <span class='ocrx_word' id='word_1_430' title='bbox 1059 3529 1106 3570; x_wconf 75' lang='lat'>158.</span> 
     </span>
     <span class='ocr_line' id='line_1_42' title="bbox 152 3584 1108 3653; baseline 0.003 -18"><span class='ocrx_word' id='word_1_431' title='bbox 152 3586 292 3653; x_wconf 78' lang='lat' dir='ltr'><strong>Dernburp</strong></span> <span class='ocrx_word' id='word_1_432' title='bbox 308 3587 477 3652; x_wconf 71' lang='lat' dir='ltr'><strong>Psondrecdt.</strong></span> <span class='ocrx_word' id='word_1_433' title='bbox 492 3586 530 3637; x_wconf 88' lang='lat' dir='ltr'><strong>II.</strong></span> <span class='ocrx_word' id='word_1_434' title='bbox 541 3604 569 3652; x_wconf 85' lang='lat' dir='ltr'><strong>p.</strong></span> <span class='ocrx_word' id='word_1_435' title='bbox 584 3598 632 3639; x_wconf 79' lang='lat' dir='ltr'><strong>aaa.</strong></span> <span class='ocrx_word' id='word_1_436' title='bbox 681 3584 714 3653; x_wconf 86' lang='lat'><strong>¹¹)</strong></span> <span class='ocrx_word' id='word_1_437' title='bbox 732 3587 801 3648; x_wconf 84' lang='lat' dir='ltr'><strong>Quae</strong></span> <span class='ocrx_word' id='word_1_438' title='bbox 814 3589 839 3637; x_wconf 82' lang='lat' dir='ltr'><strong>u.</strong></span> <span class='ocrx_word' id='word_1_439' title='bbox 854 3590 870 3636; x_wconf 85' lang='lat' dir='ltr'><strong>i.</strong></span> <span class='ocrx_word' id='word_1_440' title='bbox 886 3589 1009 3637; x_wconf 86' lang='lat' dir='ltr'><strong>dicuntur</strong></span> <span class='ocrx_word' id='word_1_441' title='bbox 1023 3588 1054 3638; x_wconf 85' lang='lat' dir='ltr'><strong>de</strong></span> <span class='ocrx_word' id='word_1_442' title='bbox 1069 3604 1108 3647; x_wconf 90' lang='lat' dir='ltr'><strong>eo,</strong></span> 
     </span>
    </p>
   </div>
   <div class='ocr_carea' id='block_1_5' title="bbox 0 0 1280 3909">
    <p class='ocr_par' dir='ltr' id='par_1_8' title="bbox 0 0 1280 3909">
     <span class='ocr_line' id='line_1_43' title="bbox 0 0 1280 3909; baseline 0 0"><span class='ocrx_word' id='word_1_443' title='bbox 0 0 1280 3909; x_wconf 95' lang='lat' dir='ltr'><strong> </strong></span> 
     </span>
    </p>
   </div>
  </div>
 </body>
</html>
