2542 3909
349 254 406 291 nnn
424 256 516 292 marm.
533 238 583 292 III.
601 243 751 294 teo—um.
815 205 824 231 ⁶
960 236 1022 304 341

81 389 160 442 etiam
175 383 291 459 placuit,
306 385 344 440 ita
358 383 466 440 demum
480 401 513 442 ex
533 386 586 442 ista
601 385 664 460 lege
678 387 811 444 actionem
826 401 886 442 esse
894 427 903 462 ,
926 386 949 442 si
964 387 1025 460 quis

81 485 190 542 corpore
203 484 254 525 suo
269 467 394 524 damnum
409 466 524 539 dederit,
538 464 684 542 ’ideoque'
700 469 843 526 ullomodo
855 469 952 526 damno
962 470 1026 526 dato

81 554 157 608 utiles
177 554 297 610 actiones
322 552 437 624 dantur,
462 552 540 609 uelut
559 555 582 609 si
601 553 663 626 quis
686 553 802 610 alienum
823 554 959 610 hominem
979 560 1027 611 aut

81 635 206 710 pecudem
236 635 376 692 incluserit
401 643 431 692 et
452 634 529 708 fame
547 639 703 710 necauerit,
729 647 775 694 aut
800 639 949 694 iumentum
972 647 1026 696 tam

81 721 251 776 uehementer
261 721 358 794 egerit,
376 728 406 775 ut
420 729 607 795 rumperetur3
623 715 718 778 ’item²
732 723 755 777 si
771 721 831 794 quis
846 722 934 779 alieno
944 737 1026 779 seruo

81 806 256 876 persuaserit,
276 804 349 859 utin
364 802 488 859 arborem
502 805 660 862 ascenderet
681 805 724 862 uel
745 807 773 861 in
789 813 899 879 puteum
914 805 1026 864 descen-

81 889 169 959 deret,
191 895 218 943 et
237 891 264 944 ir
277 886 445 942 ascendendo
460 894 508 943 aut
521 887 709 945 descendendo
730 887 865 945 'ceciderit
888 887 936 960 (et)
959 881 1027 946 aut³

81 978 198 1027 mortuus
213 971 296 1028 luerit
310 979 357 1026 aut
371 970 460 1043 aliqua
474 980 551 1044 parte
564 975 688 1046 corporis
709 971 798 1029 laesus
818 974 865 1029 slt.
899 972 941 1028 'at
955 975 1026 1030 enim

81 1051 168 1112 uero⁴
185 1056 208 1110 sl
229 1055 291 1128 quis
311 1053 427 1111 alienum
447 1071 557 1112 seruum
578 1056 613 1112 de
634 1065 719 1130 ponte
740 1062 787 1112 aut
806 1057 864 1129 rlpa
884 1057 911 1112 ln
926 1053 1027 1112 llumcn

81 1140 220 1212 proiecerit
240 1147 267 1194 et
281 1140 304 1195 is
320 1138 466 1195 suffocatus
482 1139 583 1212 luerit,
598 1140 683 1198 'hanc
698 1134 829 1213 quoque⁵
845 1155 961 1212 corpore
975 1155 1026 1194 suo

81 1224 201 1278 damnum
215 1221 324 1278 dedisse
339 1239 387 1295 co,
410 1222 483 1296 quod
498 1225 654 1296 proiecerit,
675 1240 729 1280 non
745 1221 890 1279 dliliciliter
905 1221 1027 1296 intellegi

81 1300 193 1380 potest.8
533 1325 538 1336 ·

140 1385 211 1447 220.
239 1382 355 1447 ⁷lniuria
380 1398 472 1446 autem
494 1391 672 1448 committitur
697 1407 752 1448 non
774 1391 864 1448 solum
884 1407 946 1447 oum
968 1391 1028 1465 quis

81 1489 171 1547 pugno
194 1479 260 1547 puta
281 1482 327 1530 aut
349 1474 420 1529 iuste
442 1487 588 1546 percussus
612 1474 658 1531 nel
680 1475 760 1530 etlam
781 1475 939 1532 uerberatos
964 1477 1028 1546 erit,

81 1557 125 1612 sed
146 1559 212 1613 etsi
227 1558 270 1613 cul
285 1559 436 1614 conuicium
451 1555 553 1613 lactum
567 1557 664 1630 luerit,
681 1559 738 1614 siue
753 1560 815 1631 quis
829 1558 899 1614 bona
915 1558 1027 1615 alicuius

81 1642 154 1714 quasi
174 1639 306 1697 debitoris
327 1633 412 1714 isari⁸
432 1641 535 1707 aciem,
558 1657 620 1698 eum
642 1641 719 1698 ’nihil
740 1641 790 1698 sibi
812 1635 942 1712 dehere,⁹
965 1658 1028 1715 pro·

81 1727 226 1799 scripserit,
248 1725 308 1780 siue
322 1725 383 1796 quls
397 1723 430 1779 ad
444 1722 578 1780 infamiam
591 1724 703 1783 alicuius
719 1724 840 1782 libellum
860 1733 907 1782 aut
921 1741 1028 1782 carmen

81 1810 233 1882 scripserit,
248 1810 307 1863 siue
321 1809 381 1880 quis
396 1807 622 1865 matremfamilias
636 1817 683 1866 aut
697 1817 892 1882 praetextatum
908 1809 1028 1868 adsecta-

81 1900 121 1947 tus
135 1891 233 1964 luerit,
254 1899 283 1947 et
296 1890 414 1966 denique
428 1890 486 1947 aliis
501 1891 624 1964 pluribus
639 1893 733 1952 modis.
775 1889 841 1954 221.
864 1893 921 1948 Pati
937 1899 1028 1950 autem

86 1977 199 2031 niuriam
215 1975 337 2031 uidemur
351 1991 407 2031 non
420 1974 510 2031 solum
525 1990 574 2049 per
588 1983 695 2032 nosmet
709 1977 800 2051 ipsos,
816 1976 864 2033 sed
879 1979 964 2034 etiam
979 1991 1028 2050 per

82 2057 175 2115 iberos
190 2068 312 2130 nostros,
328 2075 397 2132 quos
413 2074 441 2114 1n
456 2066 593 2132 potestate
606 2058 745 2129 habemus,
765 2053 769 2134 Ι
789 2062 853 2117 item
869 2076 918 2133 per
929 2075 1028 2116 uxores
1039 2067 1099 2118 tea.

82 2151 195 2214 rostras,
206 2142 344 2216 'quamuis
353 2144 382 2198 in
391 2157 471 2198 manu
481 2151 576 2198 nostra
586 2139 664 2217 (nori)
679 2136 780 2206 sint;¹⁰
794 2145 884 2216 itaque
899 2145 922 2198 si
933 2142 1030 2200 ’ueluti

82 2226 270 2298 iliaescmiliae
280 2219 304 2260 ¹¹
324 2241 414 2295 meae,
436 2242 504 2297 quae
519 2226 590 2282 l'itio
606 2234 691 2300 nupta
706 2232 764 2297 est,
785 2227 908 2282 iniuriam
924 2224 1029 2297 leceris,

149 2415 170 2483 ¹)
184 2417 248 2468 Item
260 2419 399 2468 secundom
408 2417 471 2469 laet.
486 2435 522 2468 eac
533 2419 574 2468 ed.
588 2418 663 2468 Stad.
682 2419 740 2482 quia
754 2418 794 2468 ed.
804 2415 853 2483 Bp.
877 2417 935 2468 Alii
942 2417 1029 2468 aliter.

82 2484 99 2551 ²)
116 2487 163 2538 Sic
187 2489 211 2536 V
215 2485 242 2536 ⁸2.
268 2485 335 2537 ‘ant'
355 2486 449 2553 (minas
466 2488 563 2555 aptam)
581 2504 616 2539 ex
634 2489 698 2538 last.
717 2488 775 2538 edd.
794 2491 984 2552 suppleverunt.

82 2555 97 2623 ¹)
112 2559 219 2608 cecideri
232 2566 273 2608 ant
288 2558 314 2608 0.
333 2559 450 2609 ceciderit
468 2561 502 2609 ita
520 2566 546 2608 ut
564 2561 603 2609 ed.
618 2559 666 2624 Bp.
745 2555 766 2624 ⁴)
781 2560 854 2622 itemp
871 2559 897 2610 G.
917 2566 945 2609 ut
960 2575 1029 2610 nanc

82 2636 137 2679 rato
151 2644 205 2692 pro
227 2637 252 2677 at
270 2627 354 2694 en(im)
372 2628 461 2695 n(ero).
489 2630 529 2680 ed.
548 2641 568 2681 t.
587 2632 744 2692 scripseram
769 2626 870 2694 ‘qaod'.
903 2630 946 2680 sed
964 2629 1028 2680 Inar.

82 2700 114 2748 τά.
129 2697 209 2748 Sindi
256 2696 278 2764 ⁶)
292 2701 323 2763 q'q
337 2700 376 2748 lric
395 2700 422 2748 V
423 2696 445 2731 ¹²
457 2706 482 2749 et
490 2706 583 2764 postea
596 2701 711 2750 dedisset.
763 2695 784 2766 ⁶)
798 2699 855 2750 Iam
868 2700 911 2751 lic
920 2698 966 2766 (cs.
976 2709 1027 2752 aot.

82 2767 139 2834 sep.)
153 2770 274 2820 omissam
287 2784 343 2819 esse
357 2771 471 2828 videtur,
490 2770 559 2834 qnod
577 2771 677 2820 addunt
691 2769 771 2820 laad:
792 2771 892 2834 ideoque
911 2771 963 2834 ipsa
977 2771 1028 2834 lege

82 2841 167 2903 lquilia
182 2847 283 2889 tenetur.
349 2837 371 2906 l)
385 2839 525 2890 Excidiaae
538 2842 640 2904 aliquid
655 2841 764 2899 uidetur,
779 2842 823 2891 cai
836 2842 974 2906 respondet
983 2857 1028 2905 pr.

82 2910 136 2958 lle.
151 2919 170 2958 t.
184 2931 220 2953 a·
236 2909 418 2973 Collat.n,t,1.
466 2906 487 2975 ⁸)
501 2909 609 2961 Addidi.
634 2911 776 2961 Excidiaae
790 2912 933 2962 nidetarolr
946 2913 1030 2961 simile

83 2996 183 3044 *aqueas
197 2980 297 3030 sci-cns.
357 2978 379 3047 ⁹)
394 2981 441 3029 sibi
456 2980 544 3029 debere
558 2982 605 3030 sibi
623 2981 650 3029 V
652 2977 680 3040 ¹²,
694 2989 722 3030 at
735 2984 786 3032 iam
800 2989 935 3046 appareat,
949 2981 1029 3031 libra·

83 3053 142 3099 ium
156 3057 256 3101 tantum
271 3050 337 3100 idem
350 3050 453 3100 verbam
462 3066 513 3114 per
528 3066 644 3102 errorent
659 3051 698 3102 bis
711 3053 857 3116 scripsisse.
911 3048 943 3117 ¹⁰)
959 3049 1029 3100 Ileti-

83 3122 159 3170 nenda
174 3128 213 3171 est
221 3121 286 3170 laec
295 3122 433 3180 correctio,
443 3137 475 3171 ne
487 3120 567 3171 Gaias
576 3123 605 3171 io
614 3136 652 3181 eo,
663 3123 732 3186 qaod
739 3122 800 3172 laiac
809 3123 883 3186 sequi
892 3123 930 3171 ait
939 3119 1030 3188 (itaque

84 3190 132 3257 tc.)
147 3191 266 3255 sibiipsi
279 3191 451 3243 conmadicat.
475 3208 497 3241 c.
509 3207 560 3256 pro
575 3191 727 3259 q(uam)u(is)
744 3192 769 3241 0.
832 3189 864 3258 ¹¹)
878 3191 965 3241 Locos
980 3193 1030 3240 iam

83 3267 133 3311 orte
147 3261 322 3312 lastinianum
335 3270 475 3327 corruptas
488 3264 564 3313 etiam
578 3279 595 3312 a
604 3279 642 3312 me
652 3263 724 3312 uarie
734 3269 853 3312 tentatus.
872 3263 957 3312 uelliac
968 3261 1030 3310 iuliae

144 3434 170 3506 6.
186 3441 247 3490 220.
275 3438 313 3503 Os.
328 3440 352 3501 §-
367 3451 387 3491 1.
406 3438 429 3489 I.
444 3439 476 3489 de
490 3441 597 3490 iniuriis
610 3437 647 3504 (a,
660 3437 693 3506 a).
718 3439 793 3490 Paul.
809 3449 830 3498 a,
843 3451 865 3490 e.
884 3441 922 3501 ξς.
937 3450 958 3489 1.
972 3450 993 3490 a.
1007 3449 1029 3487 e.

83 3520 176 3630 43qu
186 3505 427 3642 ξὲοεῗᾶὶιοΐὸἶὶτξ.
439 3522 463 3632 ς,
476 3522 523 3562 tos.
545 3509 597 3559 Cic.
608 3523 661 3574 pro
680 3508 764 3570 Quint.
780 3521 813 3562 15.
868 3505 894 3578 ξ.
909 3510 969 3559 221.
991 3507 1030 3572 Os.
