2542 3909
154 183 219 249 484
403 201 471 236 1vn11
487 199 584 236 envnnr
601 201 672 236 enon.
691 183 725 235 II.
745 188 856 236 ea-ei.

239 348 302 389 nt'r.
317 346 394 387 xxii.
426 346 468 387 DI}
483 343 596 386 Paomis
612 344 706 385 sternit
721 344 817 386 vmvn
832 347 871 384 BT
888 345 1022 389 VXOREM.

218 449 244 508 l.
268 444 401 504 ¹Frnctus
424 448 499 504 iundi
520 447 618 502 dotalis
639 454 779 502 constante
800 449 969 504 matrimonio
986 449 1108 522 percepti

155 535 231 591 lucro
246 535 334 590 mariti
349 533 457 600 cedunt,
481 533 559 587 etiam
575 547 624 603 pro
640 539 696 585 rata
712 532 773 587 anni
789 532 863 602 eius,
879 548 932 605 quo
949 532 1049 589 iactum
1066 541 1108 588 est

155 618 311 675 diuortium.
349 612 376 674 2.
393 610 540 671 ²0mnibns
556 615 641 688 pactis
657 612 796 687 stipulatio
812 613 905 670 sulriici
921 615 1012 686 debet,
1030 624 1059 671 ut
1074 633 1109 671 ex

155 701 285 776 stipulatu
300 703 369 757 actio
385 699 459 757 nasci
475 700 570 773 possit.

86 866 88 870 -
176 838 239 879 rlr.
254 835 344 878 XXIII.
374 835 416 875 Dii
431 831 663 875 Donanlorttnvs
679 833 773 872 iterate
788 832 885 874 VIRVM
900 834 939 875 ΕΤ
954 834 1092 876 VXOREM.

217 919 242 978 1.
275 921 369 976 llortis
397 934 476 974 causa
499 918 609 974 donatio
632 927 689 989 est,
713 934 781 991 quac
804 911 1011 990 'impendentis³
1035 928 1109 976 metu

156 1007 251 1061 mortis
268 1003 307 1075 tn,
323 1014 354 1060 nt
369 1003 410 1058 'ex
426 996 527 1059 causa⁴
542 1001 722 1072 ualetudinis,
739 1003 981 1074 peregrinationis,
998 1005 1109 1077 nauiga-

155 1091 237 1145 tionis
258 1087 303 1143 nel
325 1086 398 1144 belii.
447 1083 475 1143 2.
498 1081 732 1142 ilianumtssionis
759 1087 845 1158 gratia
869 1087 940 1140 inter
966 1089 1054 1142 uirum
1082 1096 1110 1143 et

156 1189 268 1228 uxorem
284 1171 393 1228 donatio
414 1170 510 1226 iauore
524 1169 655 1226 libertatis
671 1176 780 1242 recepta
795 1178 852 1240 est,
869 1168 911 1224 uel
927 1178 1016 1240 certe,
1034 1171 1109 1242 qnod

156 1273 235 1313 nemo
252 1273 282 1310 ex
304 1256 354 1312 hac
375 1253 420 1310 liat
435 1253 612 1326 locupietior:
633 1253 751 1325 ideoque
771 1268 880 1308 sernum
902 1254 1109 1310 manumittendi

155 1357 235 1397 causa
251 1342 366 1395 inuicem
382 1337 432 1393 sibi
447 1337 547 1392 donare
563 1352 616 1391 non
631 1335 819 1410 prohibentur.
861 1333 890 1394 3.
915 1329 1005 1394 ⁶lnter
1020 1338 1107 1393 uirum

155 1434 184 1480 et
198 1441 310 1480 nnorem
325 1440 375 1479 nec
390 1438 440 1494 per
453 1421 641 1493 interpositam
657 1436 799 1493 personam
814 1419 923 1476 donatio
936 1419 993 1477 lteri
1006 1430 1109 1494 potest.

155 1507 184 1564 4.
208 1500 300 1563 '‘lnter
321 1508 409 1561 uirum
431 1512 458 1560 et
478 1519 589 1560 uxorem
605 1503 833 1577 contemplatione
848 1504 1000 1561 donationis
1017 1505 1110 1577 imagi-

157 1592 229 1647 naria
246 1589 365 1644 uenditio
381 1588 503 1644 contrairi
524 1605 579 1643 non
599 1597 701 1661 potest.
744 1585 772 1644 5.
796 1581 968 1661 ⁸Superstite
990 1605 1038 1660 eo,
1061 1591 1108 1662 qui

156 1675 318 1730 matrimonii
335 1680 455 1744 tempore
470 1671 626 1742 donauerat,
643 1683 704 1727 ante
720 1671 883 1742 decedente,
899 1674 941 1728 cni
957 1672 1044 1727 iuerat
1060 1672 1113 1728 do·-

156 1766 265 1830 natum,
287 1754 329 1827 id,
353 1755 426 1828 qnod
448 1756 576 1813 donatum
600 1765 657 1820 est,
686 1772 769 1828 penes
795 1754 954 1812 donatorem
977 1765 1108 1813 remanet.

156 1837 186 1898 6.
208 1840 385 1913 Quocumque
406 1833 556 1913 'temporel
580 1839 808 1912 contemplatione
823 1841 919 1895 mortis
934 1841 1006 1897 inter
1021 1842 1108 1896 uirum

156 1935 184 1982 et
199 1941 310 1982 uxorem
325 1925 434 1979 donatio
451 1923 518 1980 iacta
533 1931 586 1994 est,
602 1931 690 1978 morte
705 1929 796 1979 secuta
812 1924 987 1980 conualescit.

308 2002 354 2084 [L.
370 2005 420 2065 59.
444 2009 481 2064 Ι).
496 2009 531 2064 de
546 2009 612 2064 don.
628 2011 682 2063 nir.
701 2015 728 2063 et
744 2025 794 2065 nx.
809 1999 875 2083 (nt,
893 1999 934 2084 1).

307 2092 339 2148 L.
357 2091 406 2148 56.
429 2092 464 2148 Ι).
481 2093 521 2148 ad
533 2094 587 2164 lep.
606 2093 699 2162 Apud.
716 2084 761 2168 (9,
778 2085 834 2178 2)]

322 2246 385 2286 nm.
401 2244 484 2284 xxiv.
515 2244 556 2284 nn
572 2243 695 2283 niensis
711 2241 938 2285 annoscnrenrs.

220 2331 245 2389 l.
269 2323 329 2387 ¹⁰Si
345 2346 425 2408 serua
448 2329 602 2401 conceperit
626 2336 654 2382 et
677 2315 771 2400 postea
786 2331 946 2384 manumissa
962 2331 1108 2403 pepererit,
1120 2347 1184 2396 [333]

231 2480 279 2529 It't.
297 2478 392 2527 XXII.
437 2474 456 2540 ¹)
472 2477 510 2540 Cf.
524 2477 556 2528 L.
577 2489 610 2528 aa.
634 2479 656 2538 ξ.
673 2489 693 2527 a.
713 2477 745 2526 D.
765 2478 797 2526 de
815 2479 832 2528 t.
848 2479 899 2527 dot.
916 2478 965 2542 (33,
984 2477 1015 2544 a).
1040 2480 1071 2529 L.
1088 2491 1108 2530 a.

157 2554 180 2613 ξ.
197 2563 216 2600 1.
235 2550 267 2599 L.
282 2561 316 2599 11.
332 2549 364 2596 D.
379 2550 425 2598 eol.
440 2554 514 2596 matr.
530 2547 575 2611 (24,
590 2547 622 2612 e).
642 2547 673 2596 L.
690 2564 732 2596 un.
746 2550 769 2609 §-
785 2560 805 2598 e.
822 2547 847 2596 0.
863 2549 894 2598 de
909 2551 951 2598 rei
964 2565 1041 2599 nacor.
1057 2558 1108 2599 act.

157 2623 192 2687 (5,
208 2619 253 2685 13).
281 2618 437 2668 Sententiam
454 2618 521 2667 donc
539 2633 631 2667 errore
650 2619 677 2666 in
692 2620 827 2681 princt‘pa'o
846 2619 922 2668 nutus
940 2621 979 2668 tit.
999 2622 1109 2670 locatam

157 2706 223 2750 ease,
238 2705 294 2740 cnm
308 2689 410 2752 peloris
424 2689 513 2737 ultimo
526 2703 581 2737 eece
595 2687 710 2749 deberet,
729 2689 874 2739 observavit
892 2689 1041 2740 Hetmbacd.
1058 2690 1109 2740 Ite-

153 2769 222 2826 pert.
236 2759 309 2823 Llpa.
325 2771 384 2811 noea.
404 2758 456 2806 III.
472 2775 500 2822 p.
516 2770 561 2809 aar.
614 2755 634 2823 ²)
651 2758 689 2821 Of.
705 2760 846 2820 a‚1a.§.1.

231 2829 279 2879 itt.
298 2828 406 2878 XXIII.
445 2825 467 2894 ⁸)
482 2830 631 2892 impendente
648 2829 710 2878 odd.
724 2830 782 2880 edd.
804 2829 842 2891 Cf.
857 2829 889 2878 L.
904 2840 924 2879 3.
940 2830 972 2880 D.
988 2831 1020 2880 de
1035 2838 1108 2880 mort.

157 2919 179 2952 c.
195 2903 254 2951 don.
270 2900 314 2967 (39,
329 2898 352 2952 ol
366 2907 390 2949 et
404 2901 435 2949 de
449 2916 478 2948 re
493 2899 566 2962 infra
580 2912 600 2957 3,
615 2911 635 2949 t.
651 2901 674 2960 ξ.
690 2913 709 2950 1.
729 2901 752 2961 ξ.
768 2912 788 2949 1.
808 2899 876 2949 Ide
890 2901 948 2950 don.
965 2900 996 2967 (3,
1011 2899 1042 2966 t).

158 2971 179 3035 ⁴)
195 2979 231 3020 est
246 2969 323 3037 (pota
335 2986 386 3034 pro
400 2970 453 3036 eni)
469 2970 531 3019 cod.
547 2969 604 3034 (ced
618 2969 680 3019 cdd.
695 2981 715 3020 o.
730 2981 750 3020 3.
766 2968 892 3035 omittunt)
907 2971 965 3020 add.
981 2971 1013 3020 Α.
1024 2971 1109 3021 Haeo.

159 3041 179 3107 ⁶)
196 3043 234 3106 Os.
250 3042 354 3103 L.a.§.
370 3053 438 3092 3.-
454 3041 485 3092 L.
500 3053 521 3092 e.
536 3042 559 3102 §-
575 3053 594 3090 1.
614 3039 646 3091 I).
662 3041 693 3089 de
708 3041 766 3089 don.
782 3043 827 3089 iac.
843 3041 891 3089 vir.
907 3039 952 3107 (aa,
964 3039 994 3107 1).
1014 3042 1046 3092 L.
1062 3053 1109 3093 tro.

158 3116 180 3176 5,
195 3125 214 3163 t.
235 3112 267 3161 D.
282 3113 314 3162 de
329 3112 380 3162 div.
395 3127 449 3176 rep.
465 3113 516 3159 iar.
532 3110 575 3174 (to,
591 3111 635 3175 tt).
706 3107 725 3174 ⁶)
743 3111 780 3173 Cf.
796 3111 828 3160 L.
842 3123 862 3162 3.
877 3113 900 3172 5.
916 3124 935 3162 3.
956 3113 988 3161 Ι).
1003 3113 1035 3162 de
1049 3113 1109 3162 don.

157 3187 204 3233 iot,
219 3185 267 3232 vir.
283 3181 329 3247 (34,
343 3180 365 3246 t)
381 3198 436 3231 cnm
451 3179 532 3230 Boon.
547 3180 579 3229 L.
593 3191 614 3231 o.
629 3183 652 3241 ἓ.
669 3193 689 3231 r.
708 3181 740 3230 D.
755 3181 810 3230 eod.
872 3179 892 3246 ἵ)
909 3182 947 3245 Cf.
963 3183 995 3231 L.
1010 3193 1031 3234 t.
1050 3185 1073 3244 ς.
1088 3194 1109 3235 n.

157 3255 189 3303 1).
204 3254 260 3303 eod.
332 3249 353 3316 ⁸)
367 3251 464 3300 Eodem
477 3252 603 3300 sententia
617 3251 664 3300 sed
677 3253 738 3300 alir'e
752 3251 836 3301 cerdic
850 3258 874 3301 et
888 3260 1006 3316 respecto
1022 3253 1109 3304 debito

157 3323 372 3375 commorientium
387 3329 459 3370 extat
473 3321 504 3369 Ι..
520 3332 540 3372 t.
560 3321 592 3368 D.
607 3321 639 3369 de
654 3321 706 3370 reb.
721 3321 779 3370 dub.
796 3320 839 3388 (34,
854 3322 886 3387 t).
950 3320 971 3388 ⁹)
988 3325 1005 3372 i.
1019 3339 1041 3373 e.
1056 3325 1110 3373 rive

157 3395 284 3444 utstatim
297 3393 350 3440 siae
365 3399 392 3439 ut
406 3393 494 3440 mortio
504 3397 614 3453 tempore
624 3393 665 3440 rei
678 3392 816 3441 dominium
830 3399 953 3445 transeat.
979 3393 1017 3457 Of.
1033 3395 1065 3443 L.
1075 3405 1109 3444 11.

175 3477 216 3514 ;1.
235 3463 268 3510 Ι),
282 3462 307 3509 d.
322 3468 339 3509 t.

157 3467 172 3525 ς
232 3531 280 3579 Iit.
300 3528 406 3578 XXIV.
446 3526 480 3595 ¹⁰)
497 3529 534 3591 Os.
553 3529 608 3582 Gai.
624 3544 644 3588 1,
660 3541 692 3580 aa.
707 3543 741 3582 ao.
765 3531 819 3595 Utp.
834 3541 856 3588 3,
870 3544 903 3584 ro.
