2542 3909
176 195 240 260 378
473 212 534 249 utu
551 212 650 249 insere.
669 195 717 249 IV.
735 200 844 251 ea-et.

177 371 233 428 quo
249 356 351 429 agitur,
372 355 431 413 siue
447 371 497 412 suo
519 356 628 412 nomine
643 356 702 413 siue
718 355 805 413 alieno
820 355 917 429 aliquis
939 353 1038 411 iudicio
1057 354 1144 409 inter·

179 439 284 497 ueniat:
303 447 407 496 tautum
423 440 494 495 enim
510 439 672 511 intenditur,
689 457 747 496 rem
762 442 862 498 actoris
877 456 947 496 esse.

240 522 291 581 88.
315 522 457 581 Videamus
473 541 554 596 nune,
577 524 675 598 quibus
691 542 723 581 ex
739 527 826 581 nausis
841 526 876 592 is,
892 541 954 581 eum
969 540 1025 598 quo
1039 523 1142 597 agitur,

178 607 222 663 uel
241 608 301 681 hio,
323 610 370 682 qui
389 607 480 683 alpii,
501 602 635 688 co)gatur
655 604 809 667 satisdare.¹
846 605 894 666 89.
917 609 1006 683 igitur
1025 608 1049 663 si
1062 605 1143 663 uerbi

178 694 266 765 gratia
285 694 313 749 in
333 709 391 749 rem
413 703 501 751 tecum
523 710 617 768 agam,
639 696 705 750 satis
726 694 791 749 milri
816 693 881 749 dare
904 694 1001 759 debes3
1024 707 1143 764 aequum

177 778 248 831 enim
265 779 354 834 uisum
370 789 422 850 est,
439 774 476 849 (te
490 774 564 851 ildeo
580 778 655 853 quod
669 780 774 835 interea
789 777 838 835 tibi
852 795 921 851 rem,
938 793 1006 852 quae
1018 792 1052 833 an
1063 778 1099 831 ad
1114 784 1142 832 te

176 862 311 933 pertineat
332 861 443 920 dubium
459 871 517 935 est,
539 862 681 937 possidere
696 863 869 938 eonceditur,
889 879 950 919 eum
965 860 1143 917 satisdatione

176 944 242 1001 milri
263 962 376 1018 cauere,
398 956 428 1005 ut
448 949 471 1003 si
492 949 581 1005 uictus
602 950 657 1018 sis,
678 964 730 1004 neo
744 964 800 1003 rem
820 949 906 1021 ipsam
926 947 1071 1015 restituas,
1091 960 1143 1000 nee

176 1028 232 1086 litis
248 1032 463 1089 aestimationem
476 1032 599 1103 sulleras,
615 1034 651 1087 sit
663 1033 727 1088 mihi
743 1040 864 1105 potestas
879 1039 926 1087 aut
938 1039 1028 1087 tecum
1044 1028 1142 1103 agendi

92 1127 156 1176 222.
176 1123 222 1171 aut
252 1132 313 1171 eum
341 1116 520 1191 sponsoribus
546 1110 549 1196 l
574 1119 638 1173 tuis.
695 1112 748 1176 90.
777 1116 918 1189 llultoqne
946 1116 1032 1189 magis
1060 1112 1141 1169 debes

176 1199 307 1255 satisdare
327 1203 410 1273 milri,
430 1203 454 1257 si
469 1202 557 1259 alieno
573 1205 681 1260 nomine
697 1200 825 1257 iudicium
841 1202 967 1275 aeeipias.
997 1196 1047 1257 91.
1064 1196 1141 1254 Gete-

176 1300 237 1339 rum
260 1300 321 1340 eum
344 1286 372 1343 in
394 1302 450 1343 rem
473 1290 543 1342 actio
566 1286 666 1361 duplex
689 1288 740 1354 sit,
763 1293 809 1342 ant
832 1287 903 1341 enim
925 1301 974 1359 per
996 1282 1139 1340 tornum

175 1368 330 1441 petitoriam
345 1372 436 1444 agitur
451 1378 497 1426 aut
513 1387 561 1445 per
576 1373 763 1445 sponsionem,
784 1370 918 1443 siquidem
934 1385 983 1443 per
997 1366 1140 1424 lormulam

176 1453 330 1526 petitoriam
346 1456 447 1528 agitur,
462 1454 508 1509 illa
523 1455 665 1529 stipulatio
680 1456 771 1511 loeum
786 1453 883 1523 habet,
906 1470 974 1527 quae
989 1451 1142 1527 appellatur

174 1552 350 1597 1vn1usrvn
365 1552 469 1611 nourr,
483 1540 508 1594 si
525 1555 589 1595 uero
605 1556 655 1613 per
669 1540 856 1613 sponsionem,
870 1538 924 1606 ills,
942 1554 1009 1611 qnae
1021 1536 1141 1611 appella·

177 1629 222 1676 tur
242 1637 304 1678 nno
326 1638 449 1681 sunnon
472 1639 556 1682 etms
579 1615 887 1682 'nr²V1nnrereevtt.
937 1617 988 1680 92.
1011 1620 1140 1678 Petitoria

176 1713 267 1761 nutem
288 1705 404 1763 formula
424 1709 490 1765 haee
511 1717 570 1780 est,
592 1725 644 1782 qua
660 1717 737 1765 aetor
752 1707 883 1780 intendit,
904 1724 963 1763 rem
978 1723 1054 1763 suam
1069 1720 1138 1761 esse.

175 1785 227 1846 93.
249 1788 303 1845 Per
322 1794 497 1864 sponsionem
513 1810 580 1849 uero
596 1793 650 1849 lroo
665 1793 746 1848 modo
763 1792 882 1866 agimus:
898 1807 1079 1864 prouocemus
1095 1788 1141 1845 ad·

176 1874 324 1931 uersarium
348 1876 394 1932 tali
415 1879 576 1952 sponsione:
606 1894 635 1936 st
657 1893 761 1947 nomo,
791 1892 853 1940 evo
875 1892 917 1933 nn
939 1892 1072 1942 norrun,
1098 1891 1141 1930 mx

176 1974 249 2018 wan
266 1976 432 2024 ovrn1n1vn
447 1978 528 2021 murs
542 1979 612 2033 men,
631 1975 824 2021 assensuros
837 1977 901 2019 xxv
915 1976 1041 2018 nummos
1056 1974 1140 2017 nanu

175 2045 334 2103 ereneus?
357 2045 453 2103 deinde
476 2047 620 2103 formulam
641 2048 764 2122 edimus,
787 2061 840 2119 qua
858 2045 1036 2116 intendimus,
1057 2060 1140 2117 spon·

175 2130 260 2186 sionis
276 2146 406 2187 summam
422 2130 501 2187 uoltis
520 2131 581 2188 dari
593 2140 738 2206 oportere,
762 2146 814 2204 qna
836 2128 953 2187 iormula
973 2131 1010 2185 ita
1031 2128 1140 2185 demum

177 2214 324 2284 uincimus,
352 2217 375 2270 si
402 2218 625 2289 probauerimus,
654 2232 711 2271 rem
739 2222 861 2271 nostram
889 2230 959 2270 esse.
1008 2208 1059 2283 94.
1079 2212 1140 2269 Nou

175 2306 265 2353 tamen
286 2299 353 2355 daec
374 2316 480 2356 summa
500 2302 657 2374 sponsionis
679 2301 813 2374 exigitur:
844 2316 894 2356 nee
920 2300 990 2354 enim
1017 2296 1141 2372 poenalis

174 2389 228 2454 est,
250 2382 298 2439 sed
313 2382 522 2456 praeiudicialis,
543 2392 570 2439 et
590 2393 704 2459 propter
721 2384 774 2441 hoe
789 2383 878 2440 solum
893 2381 935 2456 lit,
958 2391 989 2439 nt
1010 2399 1061 2456 per
1081 2396 1140 2437 eam

173 2465 208 2520 de
223 2480 253 2520 re
268 2465 418 2535 iudicetur3
435 2468 506 2524 unde
521 2470 601 2524 etiam
616 2470 651 2540 is,
666 2485 727 2525 oum
738 2485 793 2541 quo
805 2470 906 2542 agitur,
922 2484 977 2525 non
992 2465 1138 2541 restipula-

176 2540 245 2617 ιιιη3
256 2548 318 2605 ideo
330 2558 419 2607 autem
428 2551 561 2626 appellata
572 2561 615 2609 est
624 2569 685 2611 nso
696 2566 822 2610 ennensi
833 2568 917 2610 nrrrs
928 2566 1141 2610 vrsnrtneevtr

174 2632 325 2706 stipulatio,
334 2636 428 2708 quiain
440 2630 898 2715 loeum’praedis(nei)⁴praedium
909 2638 1054 2705 suecessit,
1065 2628 1139 2709 ’quil
1152 2644 1209 2697 [aas]

248 2746 268 2816 ¹)
279 2752 329 2813 agit
338 2752 397 2801 sotis
407 2752 464 2803 dare
474 2749 590 2822 [debeat]
599 2754 639 2803 ed.
649 2753 697 2819 Bp.
704 2764 725 2805 o.
773 2748 794 2819 ¹)
804 2753 863 2803 Hoc
872 2753 982 2803 deletum
993 2752 1092 2807 nolim
1102 2751 1138 2813 cs.

173 2824 198 2884 §-
207 2817 248 2875 64.
304 2818 325 2889 ⁸)
341 2823 428 2888 Neque
438 2825 548 2874 lacunae
558 2840 639 2888 neque
648 2824 862 2889 transpositionis
873 2823 1008 2873 verborum
1016 2823 1059 2872 die
1068 2824 1139 2871 iusta

171 2895 289 2958 suspicio
298 2901 343 2946 est.
387 2891 409 2961 ⁴)
419 2894 464 2945 Sia
474 2897 632 2946 emendatum
642 2912 688 2947 suo
699 2898 755 2946 loeo
765 2897 869 2945 restitui
877 2911 901 2947 n.
911 2894 1022 2958 praedes,
1032 2894 1101 2958 qnod
1111 2892 1139 2942 G.

174 2966 201 3015 in
213 2966 266 3027 fine
275 2964 351 3017 debet
360 2974 422 3031 post
431 2967 555 3019 dabantur.
577 2967 615 3031 Of.
628 2964 688 3017 ‘zur
699 2966 783 3017 Pend.
794 2963 896 3017 Kritilr’
908 2982 938 3030 p.
948 2976 981 3017 tt.
1026 2961 1139 3031 ⁶)1ia0.

244 3069 271 3141 §-
286 3074 327 3124 89.
349 3073 387 3135 Of.
398 3089 443 3137 pr.
462 3072 483 3123 I.
498 3074 530 3123 de
543 3074 634 3123 satisd.
651 3072 682 3140 (t,
697 3071 742 3139 11).
763 3072 839 3122 Paul.
854 3084 925 3134 1,11.
940 3074 963 3134 ξ.
978 3084 998 3122 1.
1054 3067 1080 3140 §-
1095 3074 1138 3123 96.

175 3143 214 3205 Cf.
230 3159 275 3208 pr.
303 3143 325 3193 I.
346 3146 390 3195 eit.
410 3144 453 3196 ia.
478 3143 536 3195 Vat.
549 3145 602 3197 611.
632 3144 665 3195 J..
684 3155 717 3196 oa.
745 3144 777 3193 D.
796 3144 829 3193 de
848 3147 958 3207 procur}
980 3142 1016 3207 (6,
1035 3142 1066 3208 t).

172 3210 218 3282 ξὲ.
238 3217 360 3267 91-93.
386 3215 424 3279 Cf.
444 3217 522 3279 §§.1.
542 3227 575 3267 16.
605 3215 651 3265 Fr.
675 3214 733 3264 Vnt.
752 3225 800 3266 666.
828 3211 918 3266 Valer.
937 3213 1016 3289 grob.
1035 3226 1057 3264 t.
1085 3213 1137 3264 Oie.

179 3286 255 3335 Verr.
271 3300 298 3349 1,
311 3298 346 3338 16.
366 3288 406 3349 §5-
421 3298 468 3339 116.
483 3298 530 3338 116.
554 3297 629 3347 6,16.
648 3287 672 3347 ἓ.
687 3297 720 3337 61.
741 3285 866 3334 termulam
884 3282 965 3352 petit]
985 3287 1021 3349 ef.
1036 3287 1060 3347 ᾅ.
1073 3298 1095 3336 4.
1115 3284 1138 3334 Ι.

173 3356 205 3407 de
224 3358 319 3407 interd.
340 3358 374 3421 (e,
389 3354 435 3421 16).
455 3357 487 3407 Ι..
503 3368 537 3408 ea.
557 3357 589 3406 D.
604 3357 636 3406 de
651 3357 693 3405 ret
706 3356 775 3405 vind.
791 3354 875 3421 (o,1).
898 3370 982 3406 wore.
996 3353 1087 3425 soum]
1103 3356 1137 3420 ef.

174 3427 206 3475 L.
221 3439 241 3478 6.
257 3439 278 3477 9.
301 3428 334 3476 D.
350 3428 429 3477 indie.
449 3428 516 3477 solvi
533 3426 583 3492 (to,
598 3424 629 3491 t).
654 3440 866 3477 exornarentur..
886 3442 911 3477 r.
944 3426 979 3487 cf.
998 3427 1031 3475 L.
1051 3438 1085 3479 66.
1105 3427 1138 3475 Ι).

172 3498 205 3548 de
217 3498 333 3559 fideiuse.
349 3499 399 3561 lta,
414 3497 445 3562 1).
465 3497 497 3545 L.
513 3510 547 3548 11.
567 3497 598 3546 D.
614 3496 695 3546 indie.
709 3498 777 3546 solvi
790 3496 836 3562 (te,
850 3495 883 3561 t).
908 3496 985 3547 Paul.
1000 3509 1022 3559 o,
1035 3509 1057 3549 6.
1077 3500 1100 3560 5.
1116 3510 1139 3549 6.

173 3563 199 3633 ξ.
215 3568 257 3615 94.
278 3567 316 3630 Cf.
330 3570 370 3631 ἕξ.
386 3578 481 3619 16166.
502 3567 554 3617 Cio.
565 3581 618 3630 pro
636 3565 721 3626 Quint.
737 3579 757 3619 6.
