2542 3909
178 348 235 395 tum
249 355 304 394 nou
319 336 443 406 debetur,
458 337 508 392 nisi
524 336 558 391 de
573 336 614 391 bis
629 350 738 408 quoque
753 334 894 390 manifeste
915 335 1033 389 sensisse
1049 341 1133 389 testa·

179 432 265 478 torem
294 422 382 495 possit
407 418 524 477 ostendi.
578 413 624 478 61.
657 419 838 475 instrumento
867 419 999 491 cauponio
1028 417 1131 491 legato,

77 504 87 524 ⁶
178 503 272 578 icum)
288 505 416 578 cauponis
431 502 576 558 tabernarii
591 496 718 574 dieitur,¹
734 519 763 558 ea
779 501 925 573 debentur,
943 502 1052 575 quaein
1069 517 1132 558 eau-

179 591 258 663 pouis
272 604 350 644 usum
366 595 456 662 parata
472 595 551 662 suut,
572 587 650 642 uelut
666 603 745 658 uasa,
766 587 793 642 iu
815 585 912 658 quibus
928 587 1020 640 uinum
1036 583 1133 642 deiun-

178 673 267 741 ditur3
280 673 380 728 escaria
391 687 501 744 quoque
513 679 541 726 et
551 670 688 743 poeularia
700 686 762 725 uasa
774 669 915 726 debentur.
939 683 1003 724 saue
1016 667 1132 724 ministri

179 773 270 812 earum
291 771 380 812 rerum
400 755 491 828 legato
512 769 567 810 uon
587 754 696 810 eedum.
743 748 793 811 62.
817 746 1018 808 ²lnstrumeuto
1037 753 1134 809 medici

179 840 288 914 legato,
310 839 421 912 collyria
443 847 472 894 et
497 837 642 911 emplastra
663 846 691 894 et
713 845 856 910 apparatus
880 837 965 892 omnis
988 834 1132 892 conficien-

178 923 275 980 dorum
296 922 568 992 medicamentorum,
583 923 702 995 itemque
724 921 884 978 ferramenta
906 921 998 994 legato
1021 920 1132 977 cedunt.

179 1004 229 1065 63.
253 1001 453 1063 ³lustrumeuto
468 1007 580 1079 pictoris
595 1005 703 1079 legato,
719 1005 841 1075 colores,
856 1003 991 1078 penicilli‚
1014 1005 1133 1060 cauteria

178 1099 208 1147 et
227 1089 464 1164 temperandorum
479 1089 602 1145 colorum
617 1105 681 1144 uasa
702 1087 881 1145 debebuntur.
926 1084 975 1144 64.
1000 1081 1132 1143 ⁴Pistoris

179 1177 361 1231 instrumento
377 1174 479 1247 legato,
494 1171 591 1243 cribra,
605 1173 684 1245 asini,
696 1173 783 1228 molae
794 1181 822 1228 et
833 1174 917 1242 serui,
930 1172 975 1244 qui
987 1172 1132 1244 pistrinum

179 1267 322 1329 exercent,
342 1259 406 1313 item
420 1257 573 1325 machinae,
596 1256 694 1328 quibus
715 1256 814 1312 iariuae
836 1255 1015 1328 subiguntur,
1039 1255 1132 1328 legato

180 1343 289 1398 cedunt.
327 1336 377 1397 66.
394 1335 593 1395 ⁵lustrumento
608 1339 774 1396 balneatorio
790 1339 892 1412 legato,
908 1339 1047 1394 balneator
1062 1341 1132 1411 ipse,

179 1434 208 1481 et
221 1441 340 1495 scamna,
355 1433 384 1479 et
396 1417 587 1496 ’hypopodtai
601 1421 722 1495 fistulae,
739 1424 865 1494 miliaria,
880 1423 1036 1496 epistomia,
1053 1431 1130 1479 rotae

179 1512 320 1583 aquariae,
342 1510 460 1562 iumenta
482 1523 608 1579 quoque,
631 1508 727 1580 quibus
750 1508 822 1579 ligna
842 1507 1014 1576 deierantur,
1036 1505 1129 1580 legato

179 1592 290 1648 cedunt.
333 1586 381 1647 66.
405 1582 605 1646 ⁷lustrumento
620 1592 761 1663 piscatoris
776 1591 876 1663 legato,
900 1601 928 1648 et
943 1589 1010 1646 retia
1026 1599 1054 1645 et
1069 1605 1131 1645 nas·
1144 1600 1205 1647 [mot
1261 1599 1262 1642 i

179 1692 225 1730 sae
247 1682 275 1730 et
289 1675 409 1730 fuscinae
424 1682 453 1729 et
466 1675 616 1744 nauicuiae,
639 1676 708 1731 lrauri
727 1691 836 1747 quoque
852 1684 879 1731 et
894 1683 985 1730 cetera
1000 1673 1133 1730 eiusmodi

179 1757 273 1815 usibus
288 1759 421 1814 destinata
442 1756 582 1820 debentur,
625 1754 673 1815 67.
695 1753 886 1831 8Supellectile
907 1758 1014 1831 legata,
1035 1773 1133 1831 capsae

179 1838 258 1918 ’let)⁹
280 1843 402 1912 armaria,
425 1841 485 1896 'uisi
501 1857 570 1914 quae
584 1843 672 1898 solum
689 1841 818 1898 librorum
833 1851 880 1898 aut
896 1843 979 1898 uestis
988 1833 1013 1874 ¹⁰
1028 1858 1133 1915 ponen-

177 192 241 258 506
465 207 532 244 rrum
550 206 647 243 aarum
665 206 735 242 auur.
755 187 801 242 ΙΙΙ.
821 193 846 242 6.
1249 9 1262 736 Ἴ

1261 1549 1262 1592 l

1261 1659 1262 1690 l

1261 1701 1262 1738 l

1261 1779 1262 1844 l

179 2064 235 2113 eod.
249 2061 295 2129 (10,
305 2060 349 2128 10).
373 2061 413 2112 At
427 2079 493 2114 auro
507 2071 532 2113 et
545 2071 652 2128 arpenta
667 2070 750 2112 autem
763 2070 920 2127 separantur
933 2065 1038 2115 munilia
1055 2065 1134 2113 etiam

180 2137 206 2183 in
221 2134 253 2182 L.
267 2145 301 2184 aa.
325 2133 369 2182 Tb.
386 2133 411 2183 0.
424 2135 456 2183 de
470 2136 547 2199 epioe.
562 2137 623 2183 ecel.
640 2131 684 2198 (re,
695 2132 725 2198 a).
741 2134 772 2182 L.
783 2146 803 2185 a.
823 2133 867 2182 Tu.
880 2133 905 2182 0.
916 2135 947 2182 de
957 2133 1013 2184 bon.
1025 2149 1132 2198 procer.

179 2204 211 2270 (a,
220 2203 265 2270 42).
292 2203 406 2253 Ceterum
421 2206 447 2254 in
462 2211 550 2254 nostro
560 2207 616 2254 loeo
627 2205 808 2260 urinantium*
825 2204 892 2253 uude
902 2205 968 2253 enim
978 2205 1030 2253 niet
1039 2203 1133 2254 eabae

179 2275 332 2340 Byzantini,
349 2274 568 2338 Harmenopulum
581 2275 642 2324 dieo
656 2285 677 2332 a,
692 2285 715 2325 11
731 2273 786 2339 (to).
806 2275 830 2336 §-
845 2285 892 2332 22,
911 2289 959 2324 aua
973 2274 1134 2331 hauserunt?

183 2344 202 2412 ¹)
222 2344 308 2394 Verba
322 2359 441 2408 caupones
456 2344 505 2410 (uei
519 2341 643 2410 cauponis)
658 2345 786 2394 tabernarii
801 2343 912 2394 dicuntur
925 2347 952 2394 in
966 2347 1052 2394 inuitis
1068 2345 1132 2394 aad.

179 2420 312 2481 leguntur,
326 2416 409 2463 uariis
421 2418 490 2464 iocis
504 2420 599 2477 posita.
635 2414 732 2474 Quibus
746 2422 773 2463 ut
785 2417 936 2480 piosaemate
950 2417 1039 2465 eiectis
1053 2414 1135 2480 (quod

179 2487 303 2536 hactenus
316 2484 348 2533 ab
362 2485 419 2534 edd.
432 2485 553 2550 factum),
571 2493 672 2550 pupaat
690 2487 753 2537 iraee
766 2487 892 2534 uenientia
907 2501 963 2534 eum
977 2486 1009 2535 L.
1024 2497 1057 2536 17.
1072 2488 1095 2547 5.
1111 2496 1133 2537 2.

180 2556 212 2604 D.
228 2555 259 2603 de
273 2555 348 2603 inatr.
364 2570 386 2602 u.
401 2555 517 2606 instrum.
533 2553 582 2620 (aa,
596 2554 631 2620 t),
654 2571 700 2605 nee
719 2556 861 2607 coneordat
875 2571 931 2605 cum
946 2557 1028 2620 ipaiua
1043 2556 1135 2605 Paulli

178 2626 306 2676 sententia
323 2626 350 2673 in
369 2624 400 2672 L.
421 2636 446 2674 le
457 2640 499 2688 pr.
520 2625 551 2675 D.
571 2626 642 2681 eod,-
665 2626 781 2675 adbibita
799 2641 859 2676 uero
878 2634 903 2676 et
920 2629 960 2676 aie
979 2635 1007 2675 ut
1021 2627 1134 2690 fecimus

179 2695 312 2747 emendata
326 2695 501 2744 dernonatrant
514 2697 706 2746 instrumentum
720 2697 845 2760 cauponis
859 2696 1012 2760 tabernarii,
1027 2700 1044 2746 i.
1055 2711 1077 2746 e.
1087 2699 1135 2761 qui

180 2769 247 2831 ipae,
270 2779 322 2814 non
336 2779 388 2828 per
406 2765 562 2824 institorem,
581 2781 723 2830 cauponam
742 2773 847 2816 exercet
865 2767 910 2833 (ef.
930 2767 962 2816 l..
978 2781 999 2818 1.
1018 2769 1041 2829 ξ.
1057 2777 1077 2818 o.
1097 2767 1132 2816 D.

179 2843 275 2888 nautae
288 2848 362 2899 caup.
373 2846 395 2894 t,
405 2834 436 2897 a),
447 2837 514 2885 unde
522 2843 720 2900 pertentantem
732 2839 844 2887 ministri
858 2840 913 2886 uini
922 2838 1083 2900 defundendi
1091 2839 1134 2886 uel

179 2907 232 2959 eibi
241 2907 399 2972 porripendi
412 2914 654 2964 commemorantur:
673 2909 758 2973 itaque
773 2911 845 2958 laeua
859 2924 915 2957 euna
930 2909 1024 2958 cetaria
1038 2909 1132 2971 optime

180 2979 313 3036 consentit,
323 2977 414 3042 quibua
427 2977 495 3026 adde
504 2978 536 3026 h.
547 2990 580 3029 18.
595 2980 618 3039 §-
629 2992 649 3028 1.
663 2980 719 3029 eod.
771 2975 792 3046 ²)
809 2979 847 3043 Of.
857 2979 889 3028 L.
900 2990 933 3030 18.
948 2981 970 3037 ,6-
982 2990 1016 3029 10.
1031 2979 1063 3026 D.
1074 2979 1131 3028 eod.

180 3048 202 3116 ⁸)
219 3050 257 3113 Cf.
272 3048 303 3096 L.
320 3060 352 3099 tt.
372 3048 404 3096 D.
418 3049 474 3098 ead.
526 3045 548 3113 ⁴)
564 3048 601 3112 Of.
617 3050 649 3098 L.
665 3061 697 3101 18.
713 3051 736 3111 ἃ.
752 3062 771 3100 1.
787 3049 818 3097 D.
834 3049 889 3098 eod.
946 3046 967 3114 ⁵)
982 3049 1014 3098 L.
1025 3059 1059 3100 13.
1075 3051 1098 3110 9.
1111 3062 1131 3100 1.

179 3122 211 3171 t.
227 3131 259 3173 17.
275 3121 299 3181 ᾖ.
314 3129 334 3170 a.
349 3118 381 3167 Ι).
396 3119 452 3168 eod.
507 3115 529 3185 ⁶)
544 3120 654 3182 hypodia,
669 3121 785 3184 epytomia
800 3126 825 3168 et
837 3120 933 3169 similia
949 3119 1011 3169 Odd.
1027 3119 1132 3181 hypodia

179 3192 236 3242 edd.
285 3186 360 3254 ⁷)0s·
375 3189 405 3237 ι.
417 3201 450 3240 1a.
465 3190 489 3252 ς.
501 3202 520 3240 1.
540 3190 572 3242 D.
587 3191 643 3240 eod.
695 3187 718 3256 8)
734 3191 771 3254 Os.
787 3191 818 3238 t.
830 3201 898 3242 e-u.
914 3189 946 3238 L.
962 3201 981 3240 a.
996 3191 1051 3251 §.a
1066 3188 1099 3238 L.
1111 3201 1133 3241 e.

178 3258 556 3326 o.uesupett.np.(ae,1o).
620 3257 694 3325 ⁹)De
708 3259 805 3310 Sebult.
827 3263 859 3324 φ’,
874 3261 974 3310 addidi.
1036 3256 1069 3325 ¹⁰)
1084 3273 1133 3309 non

179 3332 255 3381 solum
270 3329 384 3378 librorum
398 3336 438 3377 aut
451 3345 511 3392 quae
525 3331 600 3379 uestis
611 3346 680 3394 pars
696 3331 756 3382 cad.
767 3331 834 3393 edd,
849 3331 918 3396 quod
931 3338 956 3380 et
969 3337 1058 3393 aperte
1073 3345 1133 3380 eor-

178 3409 281 3464 ruptnm
298 3407 338 3449 eat
355 3406 380 3448 et
394 3408 495 3464 pupnat
512 3415 569 3449 eum
587 3401 618 3450 L.
633 3413 653 3454 a.
674 3404 697 3464 fi.
712 3413 733 3452 a.
753 3402 784 3450 D.
799 3402 854 3452 eod.
883 3400 915 3451 In
932 3401 993 3451 Odd.
1013 3415 1073 3464 quae
1093 3408 1134 3450 est

178 3472 249 3519 cedia
262 3473 392 3525 ineertae;
406 3472 526 3534 plerique
541 3472 669 3534 omittunt,
685 3473 761 3520 solum
776 3486 835 3536 quae
851 3478 891 3520 aut
905 3471 1018 3520 librorum
1035 3469 1079 3519 Od.
1094 3481 1131 3523 ae.

180 3540 323 3589 Praeterea
336 3547 412 3588 notae
425 3555 462 3589 oo.
478 3542 524 3589 nisi
539 3548 563 3590 et
576 3556 623 3590 nou
634 3549 803 3606 permutatae.
