2542 3909
457 250 492 284 on
510 248 623 285 morare
641 250 720 285 mnu
737 252 757 286 1.
1049 244 1089 302 25

119 379 189 451 petis
205 375 283 450 quod
296 377 466 448 quaerimus3
479 385 510 431 et
525 377 571 449 qui
586 376 666 431 alitor
678 378 720 434 ius
735 376 814 433 ciuile
828 376 951 450 tradunt,
965 394 1022 433 non
1037 387 1091 433 tam

119 463 241 517 iustitiae
258 476 339 533 quam
354 459 477 531 litigandi
493 458 605 515 tradunt
619 462 688 516 uias.

181 544 225 601 M.
243 544 305 599 Nou
318 544 358 599 itt
378 551 431 613 ert,
455 542 564 615 Quinte,
585 560 617 599 ao
631 546 725 617 potius
738 544 877 618 ignoratio
891 546 957 601 iuria
972 546 1092 618 litigiosa

118 637 162 685 est
188 644 271 702 quarn
296 628 420 683 seientia.
450 627 499 682 ned
520 627 573 683 hoo
591 630 744 699 posteriue:
771 644 844 684 nnnc
866 630 934 685 iuris
959 631 1091 703 principia

117 712 271 769 uideamtn.
865 748 870 755 ·

182 796 272 869 Igitur
291 794 458 851 doctissimis
473 795 540 849 uitis
554 793 693 867 profitiooi
706 796 807 868 pianuit
821 812 836 854 a
852 796 929 869 loge,
946 798 1019 853 haud
1033 799 1091 853 seio

117 897 152 935 an
167 886 256 948 reete,
271 880 297 933 si
311 878 405 949 ruodo,
422 886 452 932 nt
466 878 538 933 idem
553 876 702 949 definiunt,
718 879 761 934 lex
776 887 820 935 est
833 882 903 935 ratio
918 895 1033 952 summa,
1049 884 1091 936 in·

116 965 173 1019 sita
185 965 214 1017 iu
229 970 336 1033 natura,
358 976 429 1035 quae
438 961 514 1017 iubet
528 978 570 1031 ea,
592 962 888 1034 (praeformarunt,
910 964 1090 1038 prohibetque

116 1048 272 1103 cornuin:
287 1045 380 1101 endem
398 1038 508 1119 (enim)¹
529 1047 598 1101 ratio
613 1062 676 1101 oum
690 1053 734 1101 est
747 1048 776 1101 in
790 1046 908 1101 hominis
922 1055 1012 1101 tuente
1025 1064 1091 1103 eon·

116 1129 224 1187 firmata
240 1137 269 1185 et
282 1129 414 1203 perfecta,
434 1128 479 1184 lex
494 1137 546 1185 est.
573 1124 618 1185 19.
634 1130 726 1201 itaque
741 1128 907 1185 arbitrantur
920 1130 1090 1203 prudentiam

116 1230 179 1271 esso
194 1214 300 1285 legem,
324 1214 402 1269 cuitu
417 1214 569 1285 neuterio,
584 1222 616 1267 ut
630 1220 705 1269 reete
718 1212 809 1268 iacere
827 1212 933 1284 rubeat,
954 1222 1030 1271 uetet
1044 1215 1090 1270 de·

116 1299 260 1371 linquere3
286 1311 399 1369 eumque
424 1312 483 1352 reur
508 1296 548 1351 illi
577 1296 679 1352 Graeco
704 1305 801 1369 putant
819 1300 928 1354 nornine
951 1294 990 1373 (n)
1010 1314 1090 1354 sunm

117 1384 224 1453 auique
247 1379 389 1436 tribuendo
412 1380 582 1454 appellatam,
606 1396 659 1454 ego
678 1389 774 1439 nostro
795 1380 956 1454 elegendo:
980 1398 1043 1439 nam
1059 1390 1090 1437 ut

116 1465 161 1521 ilii
184 1465 342 1537 aequitatis,
362 1466 403 1521 sie
421 1481 473 1520 nos
493 1464 615 1520 delectus
630 1465 686 1519 nitu
700 1466 728 1519 in
742 1465 805 1538 iege
818 1468 959 1537 ponimur,
982 1475 1010 1522 et
1022 1482 1089 1539 pro·

115 1550 209 1623 prium
227 1556 316 1603 tamen
329 1556 476 1620 uirumque
491 1547 560 1621 iogia
574 1557 626 1609 est.
657 1548 732 1621 quod
746 1551 770 1603 si
784 1551 821 1603 ita
835 1557 910 1604 reete
925 1548 1037 1619 dieitur,
1059 1559 1090 1606 ut

115 1633 184 1688 mihi
201 1632 314 1705 quidem
329 1632 489 1705 plerumque
505 1631 589 1687 uideri
607 1632 689 1703 solet,
705 1632 959 1707 alegedueondnm
970 1642 1012 1689 est
1022 1636 1090 1689 iuris

117 1714 279 1783 exordium
302 1732 334 1771 oa
348 1724 391 1771 ent
406 1717 477 1772 enim
492 1724 606 1771 naturae
620 1716 674 1787 uis,
697 1732 728 1771 ea
744 1732 819 1771 urens
833 1716 957 1791 ratioque
971 1718 1089 1791 pruden-

118 1803 174 1871 tio,
196 1814 227 1856 ea
248 1800 316 1855 iuris
338 1808 419 1872 atque
438 1800 553 1854 iniuriae
568 1800 672 1873 regula.
702 1798 750 1856 sed
771 1803 897 1873 quoniam
917 1804 946 1857 iu
964 1803 1091 1875 populati

118 1886 230 1940 ratione
255 1884 346 1939 omnis
373 1892 468 1939 nostra
490 1892 616 1942 uersatur
637 1886 741 1955 oratio,
763 1884 933 1957 populariter
952 1886 1089 1941 interdum

119 1968 200 2040 loqui
214 1980 328 2022 neeesse
343 1967 397 2021 erit
412 1975 440 2022 et
454 1964 590 2039 appellere
603 1982 660 2023 eam
674 1968 781 2041 legem,
805 1984 875 2041 quae
889 1970 988 2042 scripta
1003 1970 1090 2026 sancit

123 2050 198 2125 quod
220 2051 282 2105 uult
303 2058 350 2105 aut
364 2050 481 2105 iubendo
499 2049 560 2124 (oui
573 2048 771 2124 prohibendo),
794 2060 825 2107 ιιι
843 2053 945 2126 uulgus
959 2054 1088 2126 appellen

122 2134 308 2191 conotiwendi
321 2148 389 2189 uero
403 2134 472 2189 iuris
486 2134 519 2191 ab
533 2134 580 2189 iiia
595 2150 697 2190 summa
712 2134 774 2207 iege
788 2137 923 2207 capiamus
938 2138 1088 2207 exordium,

122 2234 193 2292 qnae
212 2218 311 2274 saeclis
331 2216 457 2273 omnibus
476 2228 540 2273 aute
559 2227 620 2273 uota
641 2225 684 2273 eet
701 2234 781 2291 qnam
801 2221 901 2289 scripta
914 2218 958 2274 len
973 2219 1028 2273 ulla
1043 2228 1090 2275 aut

127 2318 206 2376 quam
222 2303 334 2357 omniuo
350 2302 447 2357 ciuitas
460 2303 619 2358 constituta.

187 2384 240 2443 20.
262 2384 297 2452 Q.
320 2384 493 2441 Commodius
507 2402 576 2441 uero
591 2394 620 2446 et
634 2386 667 2442 ad
681 2387 816 2441 rationem
828 2386 946 2442 instituti
957 2388 1090 2441 sermonis

125 2471 284 2543 upiantitts.

190 2552 232 2608 M.
252 2553 336 2608 V‘rane
349 2566 419 2627 ergo
433 2555 521 2626 ipsius
535 2555 601 2609 iuris
617 2562 708 2609 ortum
722 2570 738 2608 a
752 2554 829 2609 sonte
842 2554 1014 2627 repetamus?
1034 2570 1090 2629 quo

124 2638 238 2693 ιιιιιαιιο
251 2654 307 2693 non
322 2638 375 2693 erit
389 2635 512 2709 dubium,
534 2654 589 2711 quo
605 2639 659 2693 sint
674 2637 905 2708 praemonenda,
925 2652 995 2710 quae
1010 2654 1092 2711 qrrae·

121 2736 218 2777 rnnue.

187 2802 222 2873 Q,
244 2804 304 2878 Ego
319 2819 387 2860 uero
401 2806 439 2860 ita
454 2820 514 2861 ease
528 2803 680 2860 iaciendum
695 2820 803 2861 censeo

140 2890 142 2897 '
185 2894 221 2945 A.
245 2889 288 2945 die
302 2903 414 2963 qnoque
428 2888 551 2945 adscribe
566 2888 658 2945 fratris
673 2890 831 2944 sententiae.

186 2974 230 3030 Μ.
252 2972 384 3041 Quoniam
397 2974 484 3045 igitur
497 2975 554 3027 eius
570 2972 760 3045 reipublicae,
782 2988 861 3046 quam
877 2979 1014 3045 optumam
1029 2990 1092 3029 esee

123 3056 216 3114 docuit
230 3058 259 3115 in
272 3057 390 3113 illinseu
402 3056 478 3113 tibris
485 3056 595 3129 Scipio,
609 3052 748 3112 tenendus
762 3064 804 3112 est
814 3056 894 3113 uobis
902 3063 931 3110 et
941 3058 1092 3114 seruandus

123 3149 212 3197 sanun
226 3154 378 3214 omneque
392 3141 467 3214 leges
482 3140 728 3197 adcommodandae
739 3140 772 3196 ad
782 3141 851 3197 iliud
862 3140 981 3196 ciuitatis
993 3157 1091 3214 genus,

124 3225 232 3281 serendi
260 3226 339 3281 eorm
362 3240 452 3281 utores
474 3242 525 3281 noo
545 3226 654 3298 seriptis
675 3226 764 3280 omnia
786 3223 944 3295 sancienda,
971 3232 1092 3298 repetam

124 3310 237 3382 stirpen
257 3310 327 3365 iuria
348 3324 363 3364 a
385 3318 489 3379 natura,
513 3324 565 3383 qua
587 3309 656 3365 duoa
677 3307 755 3365 uobis
777 3312 868 3367 omnis
887 3312 930 3362 est
944 3306 1093 3379 disputatio

124 3392 288 3465 explicanda.

199 3574 218 3641 ¹)
238 3576 302 3624 enm
320 3575 421 3625 aaran:
481 3532 485 3537 ’
