2542 3909
199 179 260 243 846
335 198 390 234 rar.
405 197 508 233 cvrrsn.
524 196 611 233 avua.
626 196 813 233 corsvurarro.
833 179 862 233 V.
878 178 976 234 u-vi.
992 186 1015 233 2.

243 336 295 384 ter
317 335 435 384 cetera
456 335 489 383 et
511 325 548 383 ad
565 327 690 385 locum:
713 326 740 383 Si
756 336 832 384 tutor
846 327 890 385 uel
906 334 1015 385 curator
1030 328 1094 402 plus
1109 347 1163 403 pe·

242 412 326 481 tierit,
342 426 422 466 causa
437 410 516 467 cadit.
552 409 630 477 Quod
646 426 706 467 cunt
727 410 825 467 iactum
847 426 907 467 esse
922 411 1005 483 dicas,
1021 411 1125 469 trustra
1145 432 1162 469 a

241 495 321 551 uobis
335 494 482 550 remedium
498 495 619 566 qnaeris:
638 496 699 569 quia
715 502 742 551 te
757 496 827 551 ratio
840 497 906 551 iuris
926 497 1078 569 impugnat.
1105 494 1161 552 ΡΡ.

241 578 283 633 iv.
299 577 335 633 id.
352 576 489 634 liecemirr.
504 577 667 648 Nicomedia,
682 578 839 635 Constantio
855 586 882 635 et
896 576 1009 635 llaaimo
1024 575 1112 637 coss.¹

282 658 310 719 7.
332 660 413 717 ’lteru
427 661 524 719 eodem
539 677 656 743 corpore
671 670 699 717 et
714 666 771 719 tit:
1251 725 1252 747 ,

240 740 343 803 iidem²
354 747 409 801 ii.
425 752 453 803 et
468 744 518 801 CC.
533 744 643 802 claudio
658 745 811 803 Menandro.
840 744 1059 819 Quotiescunque
1082 747 1160 804 orali-
1251 748 1252 827 l

241 832 311 886 natis
327 828 477 885 actionibus
493 828 592 901 aliquid
607 831 720 903 petitur,
735 829 797 886 ideo
808 831 910 903 petitor
927 831 1037 903 cogitur
1050 833 1162 903 specia-
1251 830 1252 853 ³

244 915 306 969 liter
321 928 407 986 genus
427 913 482 969 litis
504 913 594 983 edere,
618 928 652 969 ne
667 911 728 986 plus
744 912 844 978 debito,
861 920 909 968 aut
923 930 967 986 eo,
988 913 1061 987 quod
1078 930 1160 971 com·

241 999 320 1072 petit,
335 996 499 1070 postuletur.
521 998 584 1053 Siue
598 999 690 1070 itaque
705 995 950 1067 fideicommissum,
965 998 1025 1052 siue
1041 996 1160 1072 fundus,

241 1083 301 1137 siue
316 1097 378 1155 pars
393 1080 480 1150 iuudi,
496 1082 554 1136 sine
568 1081 676 1151 domus,
693 1082 750 1137 siue
765 1096 827 1154 pars
838 1081 943 1143 domus,
958 1082 1017 1136 siue
1032 1079 1160 1138 debitum

243 1174 290 1222 aut
304 1163 485 1239 quodcunque
500 1171 618 1237 petatur,
632 1163 787 1237 specialiter
797 1164 931 1237 designari
950 1163 1030 1220 debet
1044 1167 1160 1237 petitio·

243 1251 285 1305 nis
307 1264 411 1304 summa
433 1248 476 1304 uel
500 1250 648 1321 quantitas,
663 1264 724 1304 cum
745 1264 832 1322 genus
848 1248 903 1304 litis
918 1247 1016 1303 editur.
1046 1247 1076 1303 Si
1093 1251 1159 1323 quis

241 1335 327 1407 igitur
347 1331 410 1405 plns
431 1324 500 1402 ’eo,³
521 1331 593 1406 quod
616 1332 641 1386 ei
664 1332 794 1405 competit
815 1331 859 1387 nel
882 1330 1009 1401 debetur,
1033 1334 1158 1404 petierit,

242 1433 299 1473 rem
314 1424 472 1486 etecusam,
487 1416 521 1472 de
536 1432 588 1489 qua
603 1417 703 1489 agitur,
715 1415 813 1489 perdit.
842 1413 906 1471 Plus
921 1408 1019 1471 'enimi
1039 1418 1159 1488 petitur,

242 1502 312 1557 sicut
336 1501 473 1573 responsis
492 1498 657 1573 prudentum
677 1500 841 1568 continetur,
857 1515 971 1570 summa,
992 1499 1064 1570 loco,
1088 1508 1159 1555 tem·
1253 1541 1254 1565 ,

242 1598 326 1657 pore,
351 1598 445 1652 causa,
475 1582 618 1654 qualitate,
641 1577 853 1640 aestioraiione.⁵
880 1582 955 1638 Unde
975 1574 1068 1637 'istius
1091 1583 1159 1657 lege
1253 1574 1254 1605 ³

242 1658 389 1738 rescripti⁰
403 1667 495 1737 excipe
519 1664 701 1721 aduersarium
717 1666 788 1740 apud
802 1666 918 1723 iudicem
933 1674 1157 1742 competentem

243 1764 323 1824 quem
345 1750 369 1804 si
388 1747 469 1804 iudea
491 1747 552 1821 plus
578 1751 689 1823 petiisse
711 1752 886 1824 perspexerit,
902 1750 1042 1807 exstinctis
1057 1751 1159 1806 aduer-

243 1834 305 1890 sarii
328 1834 367 1889 tui
389 1831 581 1906 petitionibus,
608 1849 658 1906 pro
681 1833 801 1907 partibus
824 1834 877 1888 tuis
892 1835 1053 1889 senteutiam
1071 1833 1158 1893 dicet.

242 1918 294 1978 PP.
310 1917 416 1973 llediol.
434 1916 485 1972 llll.
501 1916 554 1972 lral.
570 1915 684 1989 Aprilis,
700 1916 789 1974 Tusco
804 1925 832 1973 et
848 1917 972 1989 Aquilino
988 1909 1075 1974 coss.⁷

338 1998 390 2047 'llic
404 1998 508 2061 require,
522 1997 624 2060 qualiter
638 1998 738 2045 actionis
753 1998 826 2047 editio
840 1998 933 2060 pulsato
948 1994 1011 2049 liat.⁸

284 2071 326 2127 Vl.
347 2069 369 2127 1.
393 2069 520 2126 ‘iuuante
535 2065 586 2127 deo
602 2070 667 2143 quid
690 2072 800 2127 tractari
813 2070 910 2127 deieat
931 2071 1061 2127 aduersus
1078 2088 1155 2147 eum,
1168 2093 1222 2141 [raq

202 2158 293 2230 quise
308 2154 435 2212 heredem
449 2155 514 2210 dicit
530 2154 653 2224 alicuius,
674 2162 720 2209 ant
734 2154 767 2209 ad
781 2170 811 2209 se
831 2154 1005 2211 hereditatem
1020 2171 1159 2228 personae

201 2238 344 2296 cuiuslibet
367 2238 491 2293 aestimat
518 2254 600 2311 posse
621 2232 832 2311 competerei’9
874 2233 903 2298 2.
925 2236 958 2294 Et
986 2237 1049 2293 dum
1073 2255 1158 2313 agere

274 2397 294 2465 ¹)
309 2416 333 2448 a.
348 2411 395 2449 ast.
466 2393 487 2461 ²)
502 2397 567 2445 idem
582 2398 665 2446 eodem
680 2412 779 2461 corpore
800 2397 927 2455 etiisdem
945 2398 1002 2449 edd.
1074 2394 1158 2463 ⁸)Eae

200 2470 298 2521 Seduit.
314 2472 347 2533 qi.
366 2469 396 2518 ab
415 2482 443 2517 eo
463 2468 520 2517 edd.
594 2466 616 2532 ⁴)
631 2467 722 2517 Malim
740 2476 825 2516 autem.
900 2464 921 2531 ⁶)
935 2466 980 2517 Sic
998 2468 1055 2516 edd.
1077 2470 1156 2533 idque

200 2556 287 2590 verum
301 2556 369 2589 nanc
379 2546 459 2601 pato;
468 2544 576 2601 praeter
590 2545 713 2602 quattuor
725 2539 791 2587 enirn
801 2538 852 2586 iam
861 2553 896 2587 em
905 2545 988 2587 vetere
998 2540 1062 2603 lepis
1072 2543 1156 2590 actio-

202 2626 260 2659 nam
275 2612 332 2658 iare
346 2610 458 2658 traditos
468 2610 531 2670 pias
540 2609 647 2671 petendi
660 2609 747 2657 modos
757 2614 818 2671 post
831 2610 906 2656 etiam
917 2610 954 2657 ita
963 2611 1030 2657 velat
1040 2611 1156 2659 iniuria-

200 2695 257 2728 ram
276 2681 315 2727 oei
334 2680 359 2726 oi
377 2678 500 2727 bonoram
517 2684 651 2740 raptorum
669 2681 769 2727 actione
784 2680 846 2740 pins
864 2680 921 2742 qais
935 2685 1024 2741 petere
1038 2687 1155 2743 poterat,

201 2750 270 2813 qaod
288 2764 344 2798 cam
363 2748 445 2796 indici
459 2748 636 2795 aestimatione
655 2750 747 2797 relicta
766 2750 923 2797 taxationem
941 2755 1038 2797 tantam
1053 2764 1155 2812 ponere

200 2819 319 2877 debebat,
339 2820 393 2882 ipse
411 2831 464 2865 rem
478 2818 616 2865 aestimans
630 2818 787 2867 aestimatam
805 2834 925 2867 summam
939 2819 1049 2880 petebat.
1079 2818 1154 2884 (siue)

200 2891 320 2955 qualitatis
335 2887 499 2937 aestimatione
513 2887 571 2937 edd.
586 2902 655 2935 meae
670 2900 689 2937 1.
705 2898 725 2937 a.
786 2885 808 2952 θ)
822 2888 882 2937 Lem
895 2891 1019 2951 rescripti
1033 2896 1071 2938 est
1085 2892 1157 2953 qnod

196 2959 402 3023 praescribitur,
416 2959 563 3007 continetur
575 2959 711 3021 rescripto.
746 2958 773 3007 V
771 2960 874 3008 identnr
887 2965 970 3007 autem
984 2961 1155 3023 imperatores

200 3031 236 3086 id,
251 3031 319 3094 qaod
332 3030 477 3086 antecessit,
491 3030 541 3078 iam
551 3030 630 3092 prins
643 3031 724 3078 alicui
737 3030 912 3093 rescripsisse,
927 3029 996 3093 qnod
1008 3045 1076 3078 nanc
1090 3032 1154 3080 alie·

199 3108 270 3165 pant.
299 3099 334 3149 Et
347 3106 417 3149 reete
430 3098 539 3149 Hacnei.
555 3101 590 3148 ad
602 3098 690 3150 Herm.
708 3099 733 3148 0.
745 3115 773 3162 p.
789 3112 822 3151 to.
836 3101 904 3150 donc
923 3106 1000 3149 totam
1015 3100 1154 3162 periodum

199 3173 330 3233 rescripto
344 3171 469 3235 assipnat,
483 3185 557 3233 qaam
567 3170 651 3234 Pupp.
661 3169 873 3233 subscriptionem
886 3176 946 3219 ante
955 3184 1009 3218 eam
1018 3184 1153 3228 reuocans,

200 3240 257 3288 ICti
275 3242 460 3301 computariis
478 3240 525 3288 sed
543 3241 566 3288 is
585 3240 696 3297 indices,
716 3254 766 3289 non
785 3242 895 3289 indicem
913 3248 1155 3290 commemoraturus

200 3316 265 3359 erat.
327 3306 347 3371 ⁷)
361 3325 386 3356 a.
401 3319 447 3359 295.
504 3305 525 3372 ⁸)
539 3309 614 3357 Haec
628 3311 760 3358 consultor
774 3312 813 3358 ael
826 3312 895 3359 alins
904 3324 1040 3371 possessor
1054 3318 1153 3359 tracta-

200 3385 242 3426 tas
256 3379 291 3427 ad
304 3380 443 3440 marpinem
457 3394 479 3427 c.
490 3390 509 3428 s.
525 3380 697 3439 adscripsisse
711 3378 854 3427 credendas
868 3387 912 3428 est.
936 3381 1031 3428 similes
1044 3380 1153 3429 adnota-

201 3449 284 3496 tiones
297 3453 416 3509 repertae
429 3455 489 3495 sant
503 3450 531 3497 in
546 3448 589 3498 Fr.
610 3446 668 3495 Vnt.
679 3450 746 3495 velat
760 3450 782 3507 ξ.
794 3459 840 3497 112.
892 3445 913 3513 ⁹)
932 3449 1153 3506 Viducasses.

203 3515 318 3564 Ceteram
332 3517 442 3574 attende,
457 3518 503 3569 dio
513 3518 606 3577 actori,
620 3532 701 3578 snpra
716 3515 746 3581 (5,
761 3516 783 3580 1)
794 3518 899 3580 pulsato
913 3520 1020 3567 consuli.
