2542 3909
465 211 502 245 ns
518 210 632 246 unamve
649 211 728 245 mn
741 212 783 245 m.
1066 203 1107 261 81

148 338 257 393 maximo
272 353 306 393 se
320 336 505 392 wndliaium
519 344 602 408 atque
615 335 801 392 administrum
817 336 921 408 datum,
936 345 967 393 ut
982 334 1035 393 sihi
1049 352 1110 405 eos,

148 416 274 494 quorum¹
289 422 320 475 in
334 422 457 493 auspicio
470 436 532 476 osse
546 422 637 475 iussus
652 413 729 491 erit,²
739 420 868 497 ¹caedique
885 430 975 494 partes
997 420 1047 477 sibi
1063 420 1109 475 de·

147 504 233 561 initas
254 521 318 560 eme
339 503 466 575 traditas,
486 503 718 579 equicampo
739 521 819 578 opem
834 505 1014 579 reipublicae
1037 504 1109 561 ferre

146 591 240 663 possit.
271 588 371 644 deinde
390 587 427 643 de
444 588 680 661 promulgatione,
702 588 737 645 de
756 588 873 661 siugulis
887 588 969 645 relius
985 588 1108 663 agendis,

146 672 180 727 de
197 674 312 746 priuatis
330 671 574 746 magistratibusue
590 672 741 729 audiendis.
779 669 831 729 te
851 673 919 729 'l'um
939 673 1017 748 leges
1031 689 1109 747 prae·

146 756 308 812 clarissimae
328 755 364 811 de
382 756 527 812 duodecim
547 756 646 811 ululis
667 756 780 812 tralatae
794 757 875 827 duae,
896 774 1009 829 quarum
1024 757 1109 813 altera

144 839 288 914 priuilegia
303 839 386 908 tollit,
402 840 488 895 altera
502 839 537 895 de
552 842 641 913 rapite
651 841 720 895 ciuis
732 841 824 913 rogari
834 842 886 898 nisi
897 844 1012 899 maximo
1024 844 1108 899 comi·

145 928 212 979 tiatu
233 932 320 993 uetat,
341 933 371 979 rt
390 924 513 979 uondmn
530 926 651 979 inuentis
666 924 804 980 seditiosis
819 923 934 979 tribunis
948 925 1052 998 plebis,
1074 942 1109 981 ne

144 1010 270 1082 cogitatis
292 1008 419 1081 quidem,
441 1006 642 1079 admirandum,
664 1016 771 1063 tantum
793 1009 908 1064 maiores
924 1008 1109 1081 inposterum

143 1090 309 1169 prouidisse.
339 1093 369 1147 in
382 1093 504 1165 priuatos
518 1092 642 1147 homines
657 1090 733 1164 leges
749 1090 816 1146 ierri
837 1092 1001 1158 noluerunt3
1023 1092 1049 1148 id
1065 1102 1107 1148 cst

143 1179 216 1233 enirn
231 1175 420 1248 privilegium:
442 1191 498 1247 quo
519 1174 586 1248 quid
607 1183 650 1230 est
663 1174 802 1239 iniustius,
824 1192 887 1231 cum
901 1175 970 1248 legis
986 1176 1108 1233 haconis

142 1264 190 1329 sit,
212 1261 310 1315 scitum
331 1267 360 1314 et
380 1259 486 1314 iussum
506 1260 536 1315 in
557 1260 644 1314 omnis
667 1258 754 1314 lerril
776 1254 814 1333 (et
835 1264 863 1315 si
881 1263 1058 1317 accessesit
1079 1264 1109 1315 in

144 1358 241 1399 causo
255 1347 359 1413 cupitis
370 1335 480 1417 ferri)³
498 1342 533 1399 de
546 1342 673 1415 siugulis,
696 1339 742 1417 (id
760 1346 827 1399 aliia
846 1339 928 1415 trilici⁴
950 1345 1108 1401 centuriatis

144 1427 265 1485 comitiis
279 1426 441 1494 nolueruut3
460 1426 614 1500 descriptus
629 1429 700 1482 enim
715 1427 834 1501 populus
849 1444 942 1499 censu,
958 1427 1107 1497 ordinibus,

141 1508 278 1567 aetatibus
297 1510 361 1583 plus
380 1508 491 1565 adhibet
503 1510 538 1566 ad
552 1510 712 1583 suffragium
727 1511 833 1567 consilii
848 1527 928 1584 quam
944 1511 1003 1567 luse
1018 1513 1046 1567 in
1062 1513 1109 1567 tri·

139 1597 192 1653 nus
213 1596 394 1651 conuocat'us.
438 1590 487 1651 ta.
514 1611 570 1668 quo
592 1596 683 1650 uerius
704 1596 732 1650 iu
754 1612 833 1651 causa
854 1604 947 1652 nostra
963 1598 1005 1651 uir
1019 1596 1110 1669 magni

139 1678 243 1752 ingenii
264 1694 424 1751 summaque
445 1678 600 1750 prudentia,
619 1676 652 1735 i.
675 1680 765 1749 Cotta,
787 1678 893 1736 dicebat
913 1680 1108 1736 nihilomnino

139 1773 231 1819 actum
253 1778 315 1817 esse
336 1761 372 1817 de
392 1761 487 1829 nobis3
508 1772 619 1834 praeter
640 1763 711 1817 enim
735 1778 815 1836 quam
837 1762 911 1837 quod
933 1765 1041 1821 comitia
1064 1764 1108 1819 illa

139 1855 235 1903 esseut
254 1846 337 1901 armis
360 1852 438 1918 qesta
460 1844 616 1915 seruilibus,
639 1856 777 1918 praeterea
792 1862 881 1920 neque
896 1846 997 1903 tributa
1013 1848 1108 1921 capitis

140 1931 251 1987 comitia
272 1938 331 1984 rata
352 1945 414 1985 esse
435 1945 518 2002 posse
539 1946 628 2001 neque
648 1930 704 1985 ulla
719 1930 875 2005 priuilegii3
898 1932 1025 2005 quocirca
1040 1930 1108 1987 nihil

139 2013 222 2069 nohis
232 2030 302 2086 opus
317 2029 380 2069 esse
394 2013 468 2087 lege,
483 2013 630 2086 dequibus
645 2014 713 2069 nihil
729 2016 839 2071 omnino
855 2024 944 2071 actum
954 2023 1029 2071 esset
1041 2015 1108 2089 legi·

138 2098 208 2161 bus;
223 2098 273 2152 sed
287 2098 378 2154 uuum
392 2105 436 2153 est
450 2106 478 2153 et
493 2097 571 2153 nohis
586 2104 614 2153 et
628 2097 783 2153 clarissimis
800 2100 866 2154 uiris
881 2099 988 2168 melius,
1004 2098 1037 2154 de
1053 2115 1108 2172 quo

139 2183 215 2237 serui
236 2189 266 2236 et
280 2180 400 2237 latrones
414 2182 528 2237 sciuisse
538 2181 640 2254 aliquid
654 2182 793 2251 dicerem,
815 2181 848 2237 de
863 2182 916 2237 hoc
931 2178 1029 2237 codem
1043 2197 1109 2238 cun·

140 2273 213 2321 ctam
229 2265 331 2320 ltaliam
347 2264 412 2339 quid
428 2268 542 2320 sentiret
557 2266 711 2322 ostendere.

205 2348 262 2405 XX.
283 2344 334 2405 46.
359 2348 490 2422 Sequitur
502 2348 535 2403 de
552 2351 637 2422 captis
649 2348 773 2423 pecuniis
788 2356 816 2403 cl
831 2348 865 2403 de
880 2346 990 2405 ambitu.
1021 2347 1109 2422 leges-

137 2450 195 2507 que
218 2449 280 2488 cum
302 2434 390 2507 magis
413 2432 518 2488 iudiciis
540 2449 618 2505 quam
642 2432 733 2489 uerbis
752 2431 911 2489 sanciendae
925 2434 990 2503 sint,
1014 2433 1107 2489 adiun-

137 2520 218 2590 gitur
239 2518 363 2572 nouiae
385 2531 494 2589 poena
515 2532 576 2589 par
598 2524 690 2582 esto,
719 2524 750 2573 ut
779 2518 805 2572 in
828 2533 879 2572 suo
902 2518 970 2573 uitio
994 2520 1109 2592 quisque

136 2600 285 2675 plectatur,
309 2602 352 2655 uis
368 2601 468 2673 capite,
490 2600 602 2655 auaritia
624 2600 721 2671 multa,
743 2601 855 2656 honoris
877 2600 1010 2673 cupiditas
1028 2603 1107 2677 igno-

134 2685 223 2741 minia
237 2685 384 2740 sauciatur.
413 2682 556 2739 Extremae
571 2683 650 2758 leges
666 2693 731 2741 sunt
744 2683 823 2740 nobis
838 2700 893 2740 non
916 2686 1046 2760 usitatae,
1068 2688 1108 2742 rei

132 2768 264 2843 publicae
275 2768 454 2825 necessariae.
476 2767 568 2841 legum
580 2768 729 2824 custodiam
742 2762 837 2845 (iam)⁵
854 2769 955 2825 nullam
968 2770 1108 2842 habemus,

133 2870 149 2908 a
173 2852 292 2909 librariis
313 2854 432 2926 petimus
441 2847 464 2919 ;ὅ
482 2852 574 2924 itaque
590 2868 638 2908 eae
660 2852 736 2925 leges
751 2860 831 2925 sunt,
853 2870 918 2926 quas
940 2855 1107 2929 apparitores

132 2939 228 2993 nostri
244 2936 359 2993 uolunt:
381 2928 483 3007 (item)⁷
503 2935 617 3009 puhlicis
632 2936 731 2992 litteris
748 2938 933 3009 consignatam
949 2940 1107 2995 memoriam

132 3020 277 3095 publicam
291 3021 392 3077 nullam
408 3020 548 3079 habemus.
586 3020 681 3075 Graeci
695 3021 749 3077 hoc
764 3020 932 3095 diligentius,
948 3023 1021 3096 apud
1036 3039 1106 3096 quos

131 3098 345 3178 νομοφύλακες
361 3103 540 3173 creabantur3
560 3121 611 3161 uec
625 3106 652 3159 ei
668 3104 757 3160 solum
775 3100 901 3181 (lepuml⁸
917 3107 1031 3177 litteras,
1047 3122 1107 3161 nam

213 3324 235 3393 ¹)
254 3344 314 3392 quos
333 3329 359 3378 A
378 3328 436 3378 edd.
467 3324 605 3392 ¹)iusserit
619 3328 645 3377 A
659 3328 717 3378 edd.
747 3325 767 3395 ⁸)
787 3331 895 3381 Addidi.
926 3326 947 3394 ⁴)
963 3326 1071 3376 Addidi.
1083 3328 1108 3377 'si

131 3400 160 3449 A
165 3398 250 3448 Bnisi
264 3399 322 3449 edd.
341 3399 413 3460 Quae
422 3400 586 3463 praecedunt
599 3401 640 3449 sic
654 3399 758 3450 eaedibet
771 3402 811 3451 ed.
822 3402 869 3451 V..-
882 3400 969 3450 scitum
984 3404 1007 3446 et
1017 3398 1108 3446 iussum

131 3472 159 3520 in
175 3472 265 3523 omnis.
283 3471 341 3520 ferri
355 3471 386 3520 de
399 3470 500 3532 singulis
513 3472 561 3521 nisi
590 3469 613 3536 ⁶)
628 3470 736 3519 Addidi.
774 3468 796 3537 8)
816 3470 902 3522 Verba
916 3485 929 3518 a
946 3467 1049 3516 librariis
1064 3481 1108 3529 po·

132 3542 255 3591 timasio
268 3540 396 3591 ABedd.
409 3542 566 3604 postuolunt
580 3546 711 3607 teporatur.
743 3539 765 3608 1)
779 3541 887 3593 Addidi.
919 3535 939 3604 ⁸)
954 3536 1062 3587 Addidi.

192 3637 298 3669 rumen.
313 3637 517 3669 numerumn.
541 3641 564 3670 v.
861 3632 877 3679 6
