2542 3909
147 161 207 225 750
366 178 463 214 runnu.
483 179 536 214 svn.
556 179 616 214 nou.
636 177 723 214 vanc.
743 164 874 214 tta-106.

208 304 257 364 98.
292 298 417 362 ¹Paullus
440 306 595 380 respondit,
624 306 824 380 stipulationem
851 304 959 379 quidem
980 304 1008 359 in
1030 303 1102 359 hunc

145 407 236 448 casum
259 400 415 463 conceptam
439 404 500 447 cvm
522 405 659 462 monton,
682 406 759 447 oanr
781 389 875 445 utilem
897 404 972 456 esse,
998 388 1101 442 etiamsi

146 475 230 530 'mixti
246 467 339 531 casus²
355 490 409 529 non
425 475 636 541 interuenirent;
660 480 692 529 ut
705 481 794 530 autem
811 473 845 529 de
859 471 923 528 dote
941 486 999 541 sna,
1020 485 1100 542 quam

145 557 215 630 apud
232 559 356 613 maritum
376 556 468 628 hahet,
491 557 598 614 mulleri
621 559 715 613 testari
736 557 826 627 liceat,
847 555 979 611 inutiliter
1001 569 1100 610 conue-

144 643 217 697 nisse
233 640 327 698 uideri.
1055 703 1060 708 .

207 720 256 780 99.
288 723 397 781 Paullus
425 722 583 797 respondit,
612 721 806 780 liliamlamilias
833 739 867 778 en
887 722 960 778 dotis
982 720 1100 778 dictione
1111 741 1176 792 [655]

145 807 258 882 obligari
274 823 328 864 non
345 802 492 881 potuisse³

206 887 274 948 100.
298 885 420 948 ‘¹‘llator
435 907 485 965 pro
502 889 554 946 lilia
576 897 680 964 partem
696 889 769 947 dotis
783 888 872 958 dedit,
894 896 997 963 partem
1017 887 1099 956 dirit3

143 974 198 1032 iilia
213 978 240 1031 in
255 977 426 1032 matrimonio
443 975 568 1045 decessit,
589 974 690 1030 relictis
706 973 767 1030 filiis
788 989 820 1028 en
842 972 894 1028 alio
910 972 1099 1038 matrimonio,

144 1075 245 1132 quaero
261 1059 294 1114 de
309 1061 366 1115 iure
382 1056 478 1114 dctis'.
512 1058 622 1114 Paullus
637 1057 788 1131 respondit,
804 1071 872 1125 eam,
888 1071 956 1130 quae
971 1055 1032 1111 data
1046 1064 1100 1126 est,

142 1153 248 1200 mortua
264 1143 291 1198 in
308 1143 477 1198 matrimonio
493 1141 619 1211 muliere,
643 1141 713 1215 apud
729 1141 817 1196 uirum
832 1140 1008 1207 remansisse3
1031 1155 1098 1201 eam,

143 1242 212 1300 quae
228 1225 298 1281 dicta
313 1234 355 1281 est
371 1242 385 1280 a
401 1234 500 1297 matre,
522 1220 614 1298 ’peti⁵
634 1241 690 1281 non
704 1239 796 1298 posse.

206 1305 272 1367 101.
296 1309 405 1366 Paullus
427 1302 594 1382 respondit,6
615 1307 697 1364 rebus
719 1323 776 1364 non
796 1307 945 1363 aestimatis
965 1307 993 1362 iu
1008 1305 1100 1362 dotem

142 1392 211 1450 datis
227 1394 353 1448 maritum
368 1391 485 1466 culpam,
504 1409 559 1448 non
574 1393 655 1448 etiam
670 1390 822 1466 periculum
836 1397 973 1464 praestare
988 1389 1100 1446 debere.

206 1472 275 1534 102.
305 1471 351 1534 ‘ln
367 1475 454 1532 Titius
470 1491 531 1534 cum
547 1484 619 1532 esset
633 1476 661 1531 in
677 1476 761 1548 patris
776 1480 924 1547 potestate,
939 1472 1051 1530 absente
1065 1489 1099 1528 eo

142 1559 218 1615 duxit
238 1561 266 1614 in
287 1558 485 1615 matrimonium
501 1558 644 1633 Septiciam
665 1557 870 1628 filiamfamilias,
892 1558 969 1613 cuius
990 1557 1099 1614 nomine

142 1642 233 1698 dotem
249 1643 351 1715 accepit
364 1659 378 1697 a
393 1649 483 1714 patre;
499 1651 594 1714 postea
610 1642 770 1715 superuenit
784 1649 871 1714 pater,
887 1656 941 1713 qno
956 1649 1100 1714 praesente

141 1726 252 1782 durauit
266 1727 293 1782 in
309 1725 380 1783 diem
395 1728 490 1782 mortis
506 1724 552 1782 lilii
564 1727 778 1794 matrimonium
794 1724 968 1798 postmodum
982 1723 1098 1781 decessit

141 1807 172 1870 L.
189 1809 291 1866 'litiusz
309 1825 421 1885 quaero,
438 1825 570 1879 anexeo,
587 1809 724 1883 quodnon
737 1808 899 1865 contradixit
914 1816 1003 1882 pater,
1019 1809 1099 1864 etiam

141 1893 213 1949 dotis
229 1893 331 1950 dationi
347 1895 517 1950 consensisse
534 1893 669 1960 uideatur,
690 1901 718 1948 et
733 1891 796 1948 ideo
811 1893 918 1948 actione
932 1894 972 1948 rei
987 1893 1098 1948 uxoriae

141 1974 189 2033 lilii
210 1979 319 2034 nomine
347 1976 507 2034 teneaturi'
551 1975 659 2032 Pauidus
687 1967 858 2049 respondit‚⁷
886 1984 991 2050 patrem
1018 1979 1098 2032 etiam

140 2069 236 2135 postea
251 2063 353 2136 nuptiis
369 2062 583 2118 consentientem
595 2068 622 2116 et
637 2060 836 2115 matrimonium
847 2057 895 2116 filii
909 2060 953 2116 sui
967 2067 995 2116 et
1006 2059 1097 2116 dotem

141 2144 263 2220 elficere3
281 2153 309 2202 et
319 2144 389 2201 ’ideo
402 2145 441 2200 rei
454 2146 563 2200 uxoriae
575 2141 673 2201 iudicio
683 2139 730 2217 (et)
740 2141 847 2215 uulgari
857 2144 996 2200 conueniri
1004 2157 1095 2217 posse,

142 2222 196 2303 (et)
213 2245 244 2284 ex
260 2243 375 2300 persona
387 2221 460 2299 ίῑίῑί,8
475 2229 503 2284 in
517 2227 607 2301 'quam
618 2221 765 2283 actionemi
779 2227 880 2300 peculii
890 2227 1027 2301 quantitas
1041 2219 1095 2282 ’de-

141 2393 232 2437 rantur
246 2394 271 2436 et
285 2385 316 2436 ob
330 2379 544 2452 ὁμοιοτέλεντον
563 2387 646 2449 facile
660 2387 783 2438 excidere
797 2388 939 2449 potuerint.
970 2386 1008 2450 Cf.
1024 2387 1046 2448 ξ.
1062 2398 1095 2439 95.

143 2454 163 2521 ¹)
180 2457 217 2522 Cf.
233 2456 265 2506 L.
280 2467 301 2507 i.
323 2456 347 2505 0.
363 2458 395 2505 de
410 2457 527 2506 contrait.
541 2458 600 2520 stip.
617 2455 653 2522 (a,
667 2456 711 2522 aa).
736 2455 792 2506 (toi.
807 2468 829 2518 a,
843 2467 890 2508 roo.
964 2453 984 2520 ¹)
1000 2459 1017 2507 t.
1033 2472 1054 2506 e.
1069 2459 1096 2506 tn

139 2528 256 2577 mulieris
270 2527 435 2589 stipulatione
450 2523 518 2576 ‘eum
531 2524 642 2576 moriar’
659 2528 771 2576 admixti
784 2541 869 2585 casus,
879 2529 1098 2577 veluttestaturae

140 2598 171 2647 de
186 2598 244 2646 dote
259 2599 298 2644 cel
312 2598 401 2646 mortis
418 2598 666 2647 consarcinatorem
680 2599 724 2662 qui
734 2597 910 2647 condicionem
920 2599 1096 2661 consociant,

140 2669 201 2733 quin
215 2680 285 2716 mens
298 2667 336 2714 ita
349 2667 498 2728 stipulando
512 2675 562 2726 est,
583 2675 610 2716 ut
623 2668 700 2717 lieres
712 2676 829 2731 repetere
843 2668 925 2718 dotem
935 2670 1027 2732 poerit.
1057 2669 1094 2732 Cf.

139 2737 171 2788 L.
187 2747 220 2789 25.
246 2735 560 2803 accinctorum).
580 2738 611 2786 L.
626 2749 647 2788 4.
674 2737 699 2787 θ.
720 2739 751 2787 de
770 2745 853 2787 contr.
872 2741 912 2788 nel
930 2754 1016 2789 comm.
1035 2741 1095 2803 stip.

139 2807 175 2873 (8,
189 2805 233 2872 38).
268 2806 422 2856 Promittere
440 2807 524 2857 dotem
541 2809 679 2871 stipulanti
701 2805 768 2858 ‘curn
788 2805 910 2859 moriere'
932 2812 1025 2859 mulier
1045 2825 1096 2859 nore

135 2885 228 2942 potest.
257 2877 289 2926 L.
305 2889 338 2928 20.
354 2888 387 2929 te.
407 2877 439 2926 D.
455 2878 486 2927 de
501 2879 518 2926 i.
533 2879 584 2928 dot.
600 2877 645 2940 (23,
660 2876 692 2943 a).
714 2905 746 2914 —
765 2882 856 2929 mortis
870 2894 951 2929 causa
963 2887 989 2929 et
1003 2881 1096 2930 deinde

140 2949 295 2999 interueniret
310 2951 342 3010 qj.
357 2955 382 2997 et
395 2947 435 2997 ed.
452 2947 565 2998 Momms.
596 2948 654 2998 Non
664 2947 756 3012 prodo.
809 2945 831 3014 8)
846 2949 906 2999 Cum
921 2957 1029 3000 tutorem
1043 2966 1095 3001 noo

139 3020 243 3078 habeat,
258 3034 307 3082 quo
322 3026 428 3068 auctore
443 3018 556 3084 obligari
569 3019 663 3082 possit.
693 3019 730 3082 Os.
745 3021 769 3081 ὅ.
783 3031 817 3070 10.
841 3019 864 3069 Ι.
884 3020 915 3070 de
934 3022 1019 3070 inutil.
1034 3023 1094 3085 stip.

139 3089 170 3156 (e,
186 3090 229 3156 ao).
253 3088 566 3147 deincremento.
595 3089 650 3152 Utp.
665 3102 705 3151 ιι,
723 3099 756 3140 ro.
830 3087 852 3154 ⁴)
870 3090 908 3154 Of.
927 3090 983 3155 iltp.
998 3102 1094 3150 cnr.

140 3160 162 3226 ⁶)
177 3161 254 3224 repeti
274 3159 331 3208 Vnt.
355 3159 409 3208 Sed
421 3161 530 3209 maritus
539 3161 668 3210 inutiliter
677 3161 773 3210 dictam
782 3161 864 3210 dotem
874 3169 964 3224 petere
973 3177 1024 3212 nora
1035 3169 1094 3226 pot·

139 3238 184 3280 est.
214 3245 239 3280 re
254 3245 289 3279 em
302 3236 377 3278 matre
392 3230 517 3279 adhaesit.
571 3228 593 3296 ⁶)
610 3231 648 3294 Of.
663 3230 695 3279 J..
711 3241 730 3281 ὁ.
746 3231 800 3292 §.2
820 3232 852 3280 Ι).
868 3234 985 3283 commod.
1002 3232 1047 3298 (m,
1062 3234 1094 3297 6).

139 3301 171 3350 J..
187 3313 206 3350 1.
223 3303 245 3362 [5.
261 3311 281 3350 o.
301 3299 332 3347 D.
348 3301 380 3348 de
394 3301 445 3349 dot.
457 3303 542 3362 prael.
558 3299 603 3366 (etr,
617 3300 641 3366 4)
655 3307 702 3350 ete.
759 3297 834 3366 ⁷)Of.
848 3302 880 3350 J..
895 3313 915 3353 5.
937 3303 962 3352 0.
977 3304 1009 3352 de
1023 3309 1094 3366 nupt.

139 3369 172 3435 (5,
185 3369 217 3436 4).
233 3371 264 3419 L.
281 3380 313 3420 to.
338 3370 370 3418 D.
387 3370 418 3418 de
432 3371 483 3418 iur.
499 3372 550 3420 dot.
570 3370 619 3437 (ts,
634 3369 666 3436 ³).
722 3367 821 3437 &Em
833 3371 936 3421 Savinii
950 3375 982 3435 ej.
998 3373 1051 3422 ideo
1067 3387 1095 3422 ex

139 3454 242 3500 persona
263 3439 305 3487 filii
326 3440 362 3487 rei
384 3441 480 3488 uxoriae
504 3442 592 3491 iudicio
616 3441 708 3502 uulgari
732 3442 855 3498 conueniri
875 3457 946 3506 posse
972 3443 1031 3492 Vat.
1053 3443 1093 3492 ed.
1149 3503 1152 3506 ,

140 3507 232 3558 Hotlw.
261 3508 387 3558 Similiter
401 3511 447 3559 sed
460 3519 591 3574 expuncta
605 3527 667 3562 noce
681 3512 772 3573 uulgari
786 3512 825 3561 ed.
840 3512 952 3563 Momma.
1012 3510 1034 3578 ⁹)
1048 3512 1095 3563 Sic
