2542 3909
445 222 507 258 osu
527 223 627 259 terrm.
645 205 680 260 ΙΙ.
698 213 841 262 too-eto.
1060 209 1125 274 269

220 360 292 420 200.
314 362 426 419 Sinendi
441 364 523 420 modo
538 367 574 421 ita
591 365 725 439 legamus:
748 381 849 424 manns
865 383 946 425 nava
969 362 1124 426 'martinas1

156 459 233 506 nstro
256 464 381 519 omnen,
404 463 523 506 evomat
544 465 655 508 'rrmvm
676 467 821 508 nommant
843 467 979 510 orronvn
1002 467 1125 511 svmrrns

158 549 286 598 otnlovn
298 549 433 590 mannen.
461 529 529 592 210.
546 533 623 600 Quod
640 552 727 609 genus
743 535 826 610 iegati
842 537 903 609 pius
920 537 1028 610 quidem
1043 537 1126 596 habet

157 611 270 695 (quam)
293 634 347 692 per
370 617 577 673 uindicationem
600 619 729 693 legatum,
752 622 841 676 minus
863 629 952 676 autem
974 639 1052 695 quam
1075 639 1125 695 per

157 702 370 758 damnationem:
394 719 455 757 nam
471 719 504 758 eo
520 702 601 758 modo
620 720 677 759 non
697 704 786 760 soium
809 721 884 760 suam
906 722 963 760 rem
984 702 989 781 Ι
1009 715 1125 763 testator
1144 705 1200 754 108·

157 787 261 843 utiliter
281 786 375 860 legere
397 795 505 861 potest,
528 787 575 842 sed
598 788 681 844 etiam
704 788 813 844 heredis
836 789 894 860 sui,
918 806 977 846 oum
1002 791 1124 864 alioquin

156 887 205 945 per
217 871 424 927 uindicationem
435 872 487 926 nisi
500 888 575 926 suam
588 889 644 928 rem
661 873 752 945 legare
764 889 818 928 non
835 881 935 945 potest,
952 890 1001 947 per
1016 875 1124 931 damna·

156 957 257 1012 tionem
278 964 368 1011 autem
390 949 512 1030 (ειίιινη)2
527 956 674 1013 ouiusiibet
688 957 809 1013 extranei
830 973 887 1011 rem
906 958 999 1032 legare
1020 967 1123 1032 potest.

157 1037 219 1097 211.
243 1039 294 1095 Sed
311 1042 333 1095 si
351 1039 457 1113 quidem
474 1042 570 1095 mortis
588 1043 730 1097 testatoris
751 1051 873 1114 ternpore
889 1057 934 1098 res
948 1035 1024 1098 ’uel³
1039 1045 1124 1116 ipsius

158 1125 298 1180 testatoris
314 1127 350 1180 sit
362 1126 406 1180 nei
419 1125 537 1195 heredis,
552 1125 631 1198 piane
643 1125 710 1180 utile
725 1126 844 1200 legatum
857 1135 909 1198 est,
925 1128 1030 1182 etiamsi
1041 1136 1124 1184 testa-

155 1210 238 1264 menti
266 1207 382 1265 faciendi
407 1218 532 1283 tempore
555 1211 680 1266 neutrius
709 1209 800 1268 inerit.
843 1205 907 1272 212.
931 1209 1033 1278 Quodsi
1060 1222 1124 1286 post

155 1302 272 1349 mortem
288 1296 427 1349 testatoris
442 1310 473 1349 ea
489 1310 533 1349 res
555 1294 664 1350 heredis
683 1311 743 1351 esse
759 1296 891 1369 coeperit,
913 1297 1066 1369 quaeritur,
1090 1313 1123 1353 an

159 1378 224 1433 utiie
240 1379 276 1433 sit
289 1378 425 1452 legatum:
442 1387 470 1434 et
484 1378 608 1452 plerique
624 1387 731 1453 putant,
754 1379 851 1435 inutiie
866 1395 935 1441 esse.
974 1383 1042 1454 quid
1054 1397 1122 1455 ergo

156 1463 216 1517 esti
237 1461 299 1518 iicet
313 1458 504 1539 '(inutiliter)⁴
520 1463 616 1536 aliquis
632 1481 690 1519 earn
707 1481 763 1520 rem
782 1464 926 1537 legaverit,
950 1481 1018 1539 quae
1034 1482 1123 1539 neque

156 1548 214 1603 eius
230 1563 356 1620 umquam
377 1547 476 1619 inerit,
500 1564 589 1622 neque
610 1557 706 1622 postea
724 1549 830 1605 heredis
844 1550 902 1604 eius
919 1565 1046 1621 umquam
1062 1567 1122 1606 esse

154 1634 286 1706 coeperit,
301 1648 332 1687 ex
349 1640 461 1688 senatus
477 1633 603 1689 consuito
619 1634 772 1689 Neroniano
788 1633 903 1707 proinde
919 1634 1039 1706 uidetur,
1054 1651 1084 1691 ao
1099 1637 1123 1691 si

153 1734 203 1791 per
218 1716 416 1772 damnationem
432 1716 526 1773 relicta
541 1727 623 1774 esset.
662 1714 726 1778 213.
749 1717 824 1774 Siout
839 1726 928 1773 autern
949 1734 999 1792 per
1014 1718 1122 1774 damna·

153 1803 254 1858 tionem
270 1800 358 1874 legata
374 1817 418 1856 res
434 1817 489 1857 non
505 1802 596 1858 statim
613 1812 677 1877 post
693 1802 790 1858 aditam
806 1803 984 1858 hereditatem
1000 1802 1126 1877 legatarii

154 1884 279 1958 eiiioitur,
296 1886 344 1941 sod
360 1894 451 1941 manet
466 1886 572 1942 heredis
588 1903 726 1959 eousque,
749 1887 836 1942 donee
851 1888 872 1941 is
888 1880 975 1942 'remb
992 1888 1123 1943 tradendo

84 1977 139 2032 1¹9²]
154 1969 198 2026 uel
212 1970 391 2044 mancipando
407 1970 452 2026 uei
466 1972 494 2026 in
509 1973 568 2026 iure
585 1971 707 2027 cedendo
722 1971 845 2046 legatarii
862 1964 949 2026 'eamfi
965 1971 1071 2044 iecerit,
1087 1973 1124 2027 ita

154 2063 181 2110 et
196 2057 224 2111 in
240 2055 346 2111 sinendi
357 2055 437 2110 modo
449 2055 542 2129 iegato
557 2057 623 2111 iuris
638 2064 694 2119 esta
711 2064 738 2111 et
750 2055 811 2112 ideo
823 2054 904 2110 huius
917 2072 1027 2129 quoque
1038 2056 1122 2130 legati

153 2143 261 2196 nomine
277 2141 304 2195 in
320 2156 465 2213 personam
480 2141 550 2196 aetio
567 2150 609 2196 est
625 2156 781 2206 ovinovrn
796 2157 946 2196 nonnoso
958 2157 998 2196 nx
1009 2155 1122 2198 mesra·

152 2240 260 2282 22220
288 2241 374 2281 ones
400 2239 521 2281 raonem
550 2240 707 2283 oronrnr.
757 2221 823 2281 214.
846 2224 915 2279 Sunt
943 2233 1049 2296 tamen,
1076 2227 1123 2298 qui
1214 2235 1219 2246 ·

153 2317 260 2383 putant,
277 2326 310 2364 es
326 2311 377 2364 iroo
392 2308 483 2382 legato
498 2325 554 2364 non
571 2310 658 2366 uideri
673 2309 823 2384 obligatum
839 2308 977 2379 heredem,
1002 2317 1032 2365 ut
1047 2325 1121 2364 man·

153 2396 227 2468 eipet
241 2401 288 2448 aut
302 2397 330 2448 in
344 2395 405 2449 inre
417 2393 494 2449 cedat
512 2386 516 2472 )
532 2403 579 2450 aut
594 2394 693 2464 tradat,
709 2395 756 2450 sed
768 2391 904 2464 sufficere,
920 2402 950 2449 ut
960 2393 1121 2467 legatarium
1140 2392 1198 2442 109·

152 2494 211 2534 rem
227 2494 335 2533 sumere
357 2480 487 2551 partiatum
512 2480 574 2552 quia
598 2479 663 2534 nihii
688 2478 758 2535 uitra
781 2480 805 2535 ei
828 2486 946 2534 testator
968 2479 1120 2552 imperauit,

154 2579 234 2637 quam
250 2569 281 2617 ut
295 2564 381 2632 sinat,
405 2563 497 2619 idest
519 2566 654 2637 patiatur,
677 2565 836 2640 legatarium
859 2579 916 2618 rem
939 2563 991 2619 sibi
1013 2562 1120 2619 habere.

153 2643 218 2707 215.
240 2645 325 2702 Maior
347 2647 391 2703 iiia
414 2649 548 2704 dissensio
570 2635 596 2704 in
620 2648 673 2704 lroo
696 2649 789 2722 legato
812 2649 968 2718 interuenit,
991 2639 1121 2723 ’(quod)⁷

226 2799 246 2867 1)
261 2801 319 2850 dare
334 2800 473 2851 damnasC.
529 2796 552 2866 ¹)
566 2799 675 2851 Addidi.
692 2801 726 2864 cs.
741 2813 762 2862 2,
777 2812 825 2851 202.
881 2795 902 2865 ⁸)
917 2799 962 2848 Ex
978 2799 1003 2849 0.
1020 2800 1120 2849 addidi.

155 2871 194 2936 Cf.
212 2875 237 2935 ὅ.
256 2883 304 2923 212.
319 2908 326 2924 .
343 2909 348 2922 .
365 2909 371 2920 .
386 2886 462 2935 neque
478 2908 484 2920 .
500 2908 506 2919 .
521 2911 527 2922 .
543 2886 628 2936 neque.
703 2868 723 2936 ⁴)
745 2870 828 2921 Sensit
853 2873 973 2936 erigente
995 2872 1120 2934 supplevi.

155 2940 178 3008 ις)
192 2944 263 2992 heres
278 2943 304 2996 0.
320 2943 378 2992 edd.
394 2949 418 2992 et
436 2958 491 2992 meo
506 2956 527 2993 1.
546 2944 572 2990 in
592 2949 723 2994 contextu.
794 2939 815 3008 Β)
830 2957 895 2991 osam
911 2943 937 2991 0.
960 2957 1012 2991 eam
1027 2942 1083 2992 edd.
1098 2949 1123 2991 et

153 3029 209 3062 mea
224 3027 248 3077 1,
262 3021 345 3073 reete,
361 3029 417 3063 eum
432 3015 458 3062 t'n
479 3009 523 3061 Vt*
537 3016 625 3063 littero
641 3030 652 3062 s
663 3015 794 3079 perducto
808 3015 850 3063 sit.
916 3011 936 3076 ⁷)
951 3013 1060 3062 Addidi.

225 3153 250 3223 ξ.
265 3158 326 3206 209.
349 3155 387 3220 Of.
411 3154 466 3219 Uip.
482 3166 521 3217 m,
535 3166 556 3206 5.
575 3155 646 3218 Epir.
662 3167 683 3218 2,
697 3167 718 3206 5.
734 3158 756 3218 ξ.
772 3167 792 3207 o.
816 3155 926 3219 iizeopt.
942 3166 962 3216 a,
978 3165 1011 3206 ao.
1027 3155 1049 3215 §-
1065 3165 1084 3204 n.

173 3229 255 3278 .210.
277 3227 316 3290 Os.
335 3225 481 3291 Epit.a‚⁵.
501 3228 560 3288 §.a
589 3225 643 3290 Iltp.
657 3238 696 3289 24,
711 3239 744 3277 ro.
759 3239 780 3278 o.
801 3227 877 3278 Pani.
897 3237 922 3287 o,
938 3237 958 3278 o.
978 3227 1001 3286 §-
1015 3236 1049 3275 11.

171 3295 199 3368 ξ.
214 3301 274 3350 211.
288 3301 350 3349 212.
372 3298 409 3361 Of.
428 3297 498 3361 Epir.
517 3300 533 3346 t.
554 3313 576 3347 c.
598 3299 642 3347 it.
668 3297 779 3350 Vates.
851 3291 876 3365 ξ.
892 3298 952 3346 213.
974 3295 1012 3360 Cf.
1033 3298 1055 3359 §.
1074 3308 1120 3347 rot.

154 3369 266 3434 Tlreopd.
286 3372 302 3421 l.
321 3386 343 3420 o.
363 3384 492 3426 ormovro
506 3365 567 3436 ete]
589 3370 627 3433 Cf.
642 3381 668 3432 4,
682 3382 716 3421 tt.
789 3365 816 3437 ξ.
831 3370 892 3420 214.
914 3367 951 3430 Cf.
971 3365 1041 3431 Epir.
1062 3369 1078 3416 l.
1099 3384 1120 3417 o.

151 3440 184 3490 L.
199 3453 233 3493 29.
253 3441 286 3490 D.
302 3442 382 3491 iocati
397 3440 442 3506 (19,
456 3437 487 3504 2).
507 3440 539 3489 L.
555 3451 589 3491 to.
608 3441 642 3490 D.
657 3442 689 3491 de
703 3440 745 3492 tib.
762 3442 810 3506 icy.
827 3439 871 3504 (at,
884 3437 915 3504 t).
930 3436 1019 3502 Supra
1028 3454 1057 3502 p.
1073 3451 1120 3490 tit.

151 3520 204 3562 not.
218 3525 239 3563 9.
304 3508 330 3581 fi
342 3514 402 3563 215.
420 3512 458 3575 Cf.
473 3511 505 3562 L.
522 3523 555 3562 14.
571 3513 602 3562 D.
614 3513 646 3562 de
662 3528 708 3562 usu
723 3519 748 3561 et
762 3511 847 3574 naufr.
863 3515 911 3577 leq.
926 3509 971 3578 (33,
987 3511 1017 3574 2).
1034 3510 1066 3558 L.
1078 3526 1120 3559 un.

151 3585 179 3644 §-
191 3595 225 3634 11.
246 3583 272 3632 0.
288 3584 320 3632 de
335 3584 427 3634 cadue.
442 3585 495 3633 toti.
511 3580 546 3648 (6,
561 3584 607 3651 51).
