2542 3909
440 193 502 228 uam
521 194 623 228 1nsr1r.
642 177 664 229 Ι.
682 182 792 230 'tt-⁷5.
975 250 977 256 Ι
1040 179 1099 242 191

125 338 206 392 cuius
223 336 320 390 aetatis
336 332 407 388 lilius
423 336 460 389 sit
475 328 590 403 filiaue¹‚
614 335 689 392 'cum
712 338 965 393 senatusconsulto
980 338 1051 392 nihil
1066 339 1101 393 ate

127 439 165 478 ea
182 438 217 477 re
232 426 392 475 caueatur:
414 423 470 475 nisi
490 414 585 492 sorte²
602 422 607 486 Ι
624 419 735 475 Latinus
756 421 813 477 ’uel
827 421 932 476 latina
951 438 1097 493 propona-

127 499 206 576 ran-⁹>
222 505 289 576 quia
305 507 391 559 etiam
406 520 445 562 ee
460 507 525 575 ipsa
541 507 604 578 lepe
618 504 702 561 Aelio
715 505 816 562 Sentio
828 505 943 576 Latilni,
959 501 998 560 si⁴
1013 507 1102 561 minor

128 589 257 646 anniculo
281 591 317 644 sit
339 587 412 643 lilius
435 587 535 659 filiaue,
558 605 636 645 causa
660 590 770 662 probari
781 607 841 645 non
857 599 958 662 potest.
993 607 1045 647 nec
1059 607 1102 646 me

127 675 272 750 praeterit,
287 674 316 727 in
329 672 420 746 aliquo
433 674 568 746 rescripto
581 673 774 730 diuiHarlriani
789 676 827 730 ita
837 691 898 730 esse
910 678 1101 745 constitutum,

127 771 268 832 tamquam
285 756 358 830 quod
374 756 407 813 ad
423 760 524 813 erroris
540 775 653 832 qnoque
669 761 674 823 Ι
691 757 813 815 causam
830 760 995 832 probandam
1010 760 1102 817 'anni-

128 847 224 901 culum
243 845 335 916 filium
354 841 459 898 iactum
479 838 782 912 necessesit351‘sed
801 861 859 899 non
884 859 999 914 semper
1013 844 1105 900 uideri

11 985 12 1004 ,
128 931 215 987 debet
229 927 363 1002 penerale
382 931 425 983 ius
445 927 609 1006 indulctum,
631 921 708 984 cum⁰
726 929 874 1001 imperator
891 928 1049 1001 ’epistulam
1065 930 1105 984 ael

11 1081 12 1088 ἵ
64 1004 282 1088 11191quendam⁷
298 1012 381 1070 dedit.
402 1009 407 1087 )
425 1007 472 1070 74.
493 1012 530 1069 'Si
551 1013 713 1086 peregrinus
731 1008 812 1087 (cum
833 1015 926 1067 ciuem
940 1014 1103 1068 Romanam
1114 999 1155 1102 ΞΟ·

11 1099 12 1114 ³
129 1115 162 1156 se
178 1090 339 1168 crederet)8
355 1098 441 1152 ciuem
457 1098 604 1153 Romanam
621 1113 734 1152 uxorem
750 1097 869 1168 duxerit,
886 1114 918 1151 an
935 1113 975 1152 eac
989 1104 1101 1151 senatus
1127 1074 1165 1105 '⁸'

130 1183 259 1240 consulto
276 1198 398 1238 causam
412 1183 539 1256 prothare
551 1185 653 1254 possit,
670 1183 828 1256 quaesitum
844 1174 910 1237 est⁹
935 1197 990 1236 nec
1006 1187 1102 1237 tamen

129 1274 236 1340 potest,
252 1270 320 1340 qaia
332 1269 362 1323 id
368 1272 527 1340 pereprino
543 1270 804 1334 senatusconsulto
816 1285 875 1323 non
886 1268 992 1336 dcitur,
1009 1282 1101 1338 quam·

131 1355 173 1408 uis
200 1354 262 1424 ipse
289 1352 420 1424 deceptus
445 1353 515 1408 mele
539 1353 627 1408 ciuem
653 1353 805 1408 Romanam
830 1353 962 1421 duxerit,
989 1343 1099 1418 nisi¹⁰l

131 1440 185 1493 hoc
199 1439 225 1493 ei
241 1435 394 1511 specialiter
415 1452 576 1493 concessum
598 1445 650 1492 est.
685 1435 734 1492 sed
754 1453 815 1493 cum
835 1438 999 1510 peregrinus
1014 1438 1100 1491 ciuem

131 1514 277 1578 Romanam
292 1537 402 1577 uxorem
414 1521 535 1577 duxisset
549 1530 577 1578 et
587 1520 642 1577 lilio
654 1530 719 1577 nato
731 1521 796 1577 alias
809 1522 946 1576 ciuitatem
955 1520 1102 1574 Romanam

131 1614 300 1664 consecutus
315 1615 398 1676 esset,
414 1605 511 1662 deinde
526 1623 587 1662 cum
603 1615 796 1680 quaereretur,
814 1622 847 1660 an
863 1621 970 1660 causam
986 1603 1102 1677 probare

131 1700 238 1766 posset,
250 1691 392 1763 rescripsit
405 1691 554 1763 imperator
566 1693 728 1760 Antoninus,
742 1689 855 1764 perinde
866 1706 948 1763 posse
964 1704 1030 1746 eum
1041 1706 1102 1745 can-

131 1793 189 1832 sam
201 1777 328 1849 probare,
343 1783 426 1848 atque
438 1776 460 1829 si
473 1777 635 1849 peregrinus
648 1778 801 1833 mansisset.
827 1793 859 1830 ex
871 1791 926 1849 quo
937 1775 1101 1847 colligimus,

131 1862 215 1918 etiam
226 1860 403 1934 peregrinum
417 1876 524 1916 causam
535 1863 650 1934 probare
663 1877 757 1932 posse.
783 1855 827 1916 75.
845 1859 939 1930 liniis,
952 1875 1022 1932 quae
1036 1858 1102 1914 dixi·

208 2010 229 2076 ¹)
244 2011 289 2062 Em
313 2011 340 2060 V
341 2006 362 2042 Β)
380 2019 405 2061 et
426 2011 518 2061 uisci.
538 2011 631 2062 Scied.
689 2008 711 2077 ¹)
730 2001 999 2074 Senens'eacplicandi
1023 2024 1103 2058 causa

129 2086 251 2142 restitui,
270 2084 339 2132 notis
359 2084 485 2146 scriptum
508 2083 655 2131 arbitratus
675 2079 774 2140 ‘cum’,
794 2079 944 2139 ‘consulto',
960 2077 1057 2129 ‘nihil’
1079 2088 1104 2130 et

131 2151 296 2206 ‘caueatur'.
370 2149 391 2218 θ)
407 2153 471 2202 Item
485 2155 589 2202 restitui
602 2155 671 2203 notis
685 2153 811 2202 adhibitis
828 2155 855 2200 iit
876 2148 939 2199 ‘uel’
957 2158 982 2199 et
997 2148 1103 2213 ‘propa-

129 2223 234 2277 nutur'.
287 2220 308 2289 4)
329 2223 375 2274 Sic
394 2242 463 2274 nunc
483 2240 548 2289 quae
571 2224 664 2274 desunt
687 2226 824 2273 restituere
847 2224 940 2282 malui,
962 2237 1020 2270 cum
1038 2222 1063 2269 ni
1081 2222 1103 2268 si

130 2301 210 2348 initio
225 2315 249 2346 a.
264 2308 298 2346 19.
314 2303 412 2345 certam
426 2296 619 2346 essenideatur.
677 2292 698 2362 ⁶)
714 2295 880 2344 Probabilem
888 2307 990 2348 aeneum
999 2293 1104 2340 restitui

126 2386 181 2436 pro
201 2369 283 2432 spatii
300 2368 374 2417 modo
394 2375 419 2417 et
432 2370 531 2431 partim
549 2368 690 2417 secundum
708 2365 922 2423 cataassim„
944 2379 1007 2428 quos
1021 2365 1103 2412 inter·

126 2449 239 2507 pretor:
253 2439 388 2488 anniculum
405 2439 455 2488 fitia
470 2441 525 2488 lact.
540 2453 641 2488 necesse
656 2439 695 2488 sit.
724 2438 812 2504 Igitur
830 2454 853 2487 a.
874 2432 987 2486 ‘attinet'
1008 2435 1103 2485 omiesa

131 2521 179 2569 est,
195 2519 223 2560 ut
234 2512 296 2574 fieri
314 2511 487 2575 solet(1,136.
506 2524 527 2562 4.
542 2507 588 2575 80).
651 2506 673 2575 6)
688 2510 789 2560 Ductus
807 2509 900 2559 Sclaed,
919 2523 1027 2556 seruans
1046 2513 1103 2555 tun-

132 2600 210 2650 quam
225 2589 302 2632 notas
316 2597 368 2631 non
382 2583 543 2631 continentes
557 2583 670 2631 restitui.
728 2578 748 2645 7)
763 2580 889 2630 Similiter
903 2581 1007 2628 restitui
1020 2578 1104 2643 (eram

132 2652 257 2720 epistula).
277 2653 389 2702 tuendam
408 2669 443 2702 em
460 2651 561 2703 Bluiam.
580 2652 673 2702 Scleed.
693 2653 751 2702 edd.
789 2651 842 2701 Sed
858 2650 1004 2701 Goesclieno
1015 2651 1104 2713 prima

131 2729 224 2777 littera
239 2726 341 2773 incerta
355 2726 412 2772 aisa
427 2733 472 2773 est.
501 2725 546 2773 Ad
558 2740 612 2773 rem
626 2725 661 2785 cf.
677 2723 814 2789 Schultinp
824 2738 877 2786 pro
891 2723 1029 2785 rescriptis
1043 2723 1103 2784 imp.

132 2801 156 2860 §-
170 2810 193 2848 4.
220 2794 431 2844 Pacatianae
447 2797 471 2858 ξ.
483 2807 530 2846 111.
587 2791 607 2859 8)
625 2795 701 2844 Nunc
716 2794 755 2861 (in
769 2794 954 2859 ed.o)addidi.
981 2793 1019 2856 Of.
1035 2795 1102 2854 §.to

134 2866 156 2936 ν)
172 2868 249 2918 Haec
265 2867 366 2930 quidem
376 2870 404 2914 in
420 2866 447 2914 V
446 2863 466 2898 Β*
477 2864 513 2932 (et
522 2868 643 2916 ainziliier
654 2868 680 2914 in
690 2865 781 2930 Sappl.
792 2865 830 2915 St.
837 2881 865 2928 p.
879 2862 1003 2928 XXIII.)
1017 2880 1104 2928 patum·

133 2943 173 2990 uis
191 2940 217 2988 0.
232 2939 276 2987 laic
290 2939 446 3002 difficillimo
461 2940 538 2996 lectu,
553 2939 629 2987 etiam
644 2939 705 2987 inde
719 2953 737 2986 a
750 2937 837 2987 uerbis
850 2937 943 2985 duxerit
958 2950 988 2983 an
1002 2937 1104 2999 aliqua·

133 3019 209 3062 tenus
224 3016 297 3059 certa
311 3010 446 3058 uidentur:
463 3009 511 3058 sed
528 3017 612 3058 tamen
630 3009 646 3056 b
666 3011 758 3058 lectum
772 3009 866 3072 putavi
880 3009 960 3071 proi
975 3003 1103 3072 (causam).

138 3081 208 3144 Quae
228 3097 289 3131 cero
308 3081 358 3130 Kr.
378 3081 418 3130 ed.
438 3093 450 3131 a
470 3081 563 3129 deinde
578 3082 701 3143 proxime
715 3088 777 3143 post
795 3082 915 3129 lacunam
934 3079 1010 3143 quusi
1027 3078 1055 3124 in
1077 3076 1103 3123 0.

134 3157 202 3204 lectu
212 3159 237 3202 et
246 3159 344 3202 tantum
354 3153 429 3202 initio
439 3154 556 3216 suppleto
566 3150 656 3200 habet:
671 3148 800 3215 ‘probare
817 3149 820 3215 Ι
837 3164 933 3198 causam
945 3163 991 3196 non
1002 3143 1103 3211 potest',

135 3241 166 3274 eu
179 3226 258 3274 etiam
271 3222 361 3287 Sappl.
377 3221 414 3273 St.
425 3240 454 3287 p.
473 3222 581 3272 XXIII
591 3224 715 3288 ipnorata
733 3223 802 3271 unde
815 3227 917 3284 sumpta
931 3220 984 3268 sint
998 3225 1023 3267 et
1042 3217 1105 3281 quid

134 3295 185 3345 siti
199 3297 286 3352 uelint,
302 3311 352 3345 non
367 3295 450 3345 uideo.
510 3290 542 3361 1⁰)
557 3293 716 3345 Huiusmodi
729 3293 793 3358 quid
806 3299 876 3341 certe
889 3305 980 3341 census
991 3290 1104 3354 flagitat,

135 3375 230 3418 etcum
244 3383 261 3415 a
274 3365 348 3416 State
367 3368 452 3415 relata
472 3367 609 3416 concinere
628 3367 793 3422 uiderentur,
812 3364 877 3412 llaec
892 3377 1004 3428 qaoque,
1024 3374 1104 3424 quan·

136 3455 211 3503 qaam
225 3441 308 3488 minus
323 3445 408 3496 certa,
424 3440 451 3486 in
465 3444 562 3486 temtum
576 3439 695 3501 recipere
710 3441 819 3487 conatae
832 3449 895 3482 anm.

207 3559 233 3631 ξ.
249 3567 290 3615 74.
312 3563 351 3626 Cf.
366 3578 448 3625 snpra
463 3563 485 3624 ξ.
501 3572 535 3612 aa.
604 3557 629 3629 ξ.
647 3565 688 3615 75.
706 3518 745 3627 0).
761 3561 783 3621 5.
799 3570 833 3610 aa.
