2542 3909
171 905 469 978 FRAGMENTA
495 904 620 978 IVRIS
654 904 839 977 ROMANI
871 904 1129 978 VATIOANA.
1182 918 1185 923 ’

240 1071 376 1125 Locorum
394 1087 428 1124 ex
446 1071 506 1124 iure
525 1070 602 1124 civili
613 1070 832 1124 anteiustiniano
845 1071 881 1123 ab
893 1070 1000 1124 incerto
1013 1071 1129 1126 auctore
1143 1084 1206 1132 [oro]

172 1140 336 1206 incertoque
354 1139 406 1192 sub
425 1138 507 1191 titulo
525 1137 707 1191 collectorum
723 1138 865 1205 reliquias,
884 1154 957 1204 quae
969 1137 993 1189 fr
1062 1139 1131 1192 enta

173 1205 241 1264 iuris
251 1205 370 1258 Romani
380 1204 517 1258 Vaticana
528 1203 613 1273 vulgo
627 1205 815 1272 appellantur,
826 1204 960 1257 dehemus
973 1203 1001 1256 in
1022 1204 1129 1258 ustriac

173 1271 277 1338 Augeli
294 1272 369 1336 Maii,
408 1271 438 1323 ui
456 1287 504 1325 cas
522 1287 556 1324 cx
595 1271 752 1338 alimpsesti
769 1270 959 1324 bibliothecae
973 1270 1128 1324 Vaticanae

173 1337 284 1403 codicis,
303 1354 377 1415 nunc
389 1289 514 1392 dassiani
532 1289 712 1392 ooliationem
729 1337 900 1414 continentis
917 1337 1049 1390 inferiore
1062 1338 1130 1415 scri3

173 1407 258 1472 ptura
275 1407 350 1458 eruit
367 1419 495 1472 annoque
515 1411 580 1458 1823
599 1404 718 1471 Rornae,
737 1404 850 1458 Pausus
873 1403 1129 1458 et1824Berolin1

172 1473 280 1540 primus
297 1470 405 1540 publici
426 1472 494 1524 iuris
516 1470 592 1527 fecit.
628 1471 753 1525 Cassiani
774 1471 862 1524 codex
885 1487 949 1524 cum
971 1471 1000 1522 in
1019 1488 1131 1524 summa

175 1540 286 1591 centum
304 1537 481 1602 membranis,
500 1537 591 1590 forma
603 1538 732 1607 oblonga,
751 1539 880 1602 constet‚¹
899 1554 995 1591 earum
1008 1537 1129 1605 quadra-

135 1632 138 1638 ,
173 1605 253 1681 ginta
274 1605 333 1680 tres
354 1603 454 1668 semel,
483 1604 688 1681 quinquaginta
710 1606 819 1674 septem
841 1605 885 1658 bis
910 1604 964 1680 sori
984 1606 1032 1658 tae
1054 1607 1128 1658 sunt

173 1670 347 1737 Anhquroris
366 1685 431 1724 vcro
449 1671 605 1738 scnpturae
623 1671 691 1724 folia
709 1672 764 1724 duo
783 1673 813 1724 ct
830 1671 932 1740 viginti
949 1622 986 1724 sd
999 1670 1128 1724 Theodo-

173 1737 282 1790 sianum
300 1736 444 1801 Codicem,
470 1737 525 1790 duo
549 1737 586 1790 ad
602 1738 696 1806 legem
713 1738 944 1806 Burgundionum
962 1737 1127 1803 Romanam,

172 1804 290 1873 triginta
307 1804 362 1858 tria
379 1804 416 1857 ad
432 1805 557 1858 nostrum
570 1820 641 1874 opus
659 1806 795 1874 spectant.
831 1803 911 1869 Quod
929 1804 1044 1872 quidem
1062 1804 1129 1858 olim

172 1872 202 1924 in
220 1869 315 1925 codice
334 1871 471 1940 quadrato
489 1871 645 1940 grandioris
666 1872 744 1925 modi
766 1871 900 1939 scriptum
921 1871 989 1936 fuit,
1011 1870 1128 1940 siugulis

173 1938 316 2002 versibus,
341 1938 391 2006 qui
412 1939 513 1992 triceni
535 1938 594 1991 bini
615 1939 645 1990 in
663 1954 774 2006 quaque
794 1940 900 2015 pagina
922 1939 1030 1991 exarati
1051 1940 1127 2003 sunt,

175 2004 285 2059 litteras
303 2005 350 2058 vel
367 2007 447 2060 notas
461 2005 719 2073 complectentibus
736 2005 847 2058 circiter
859 2004 1066 2073 quinquaginta
1077 2004 1129 2059 sed

173 2075 203 2126 et
220 2072 256 2125 ad
274 2072 420 2140 sexaginta
436 2088 553 2126 numero
572 2073 688 2140 eiusque
705 2073 823 2137 formae,
845 2077 878 2125 ut
895 2071 998 2140 partim
1022 2087 1056 2124 ex
1073 2071 1128 2125 hac

172 2139 275 2206 partim
298 2155 332 2192 ex
349 2139 491 2207 frequenti
512 2140 642 2192 notarum
665 2157 716 2191 usu
739 2138 864 2192 codicem
888 2139 962 2192 certe
985 2153 1040 2191 non
1062 2140 1129 2206 post

174 2205 299 2259 seculum
317 2208 434 2270 sextum,
453 2206 569 2259 fortasse
587 2221 655 2259 vero
674 2208 703 2259 et
721 2205 810 2258 multo
828 2208 894 2259 ante
913 2206 1049 2274 scriptum
1066 2221 1127 2258 esse

172 2273 257 2340 periti
273 2273 467 2326 iudicaverint.
491 2271 581 2326 Huius
593 2288 659 2326 vero
672 2273 774 2326 codicis
786 2273 855 2326 folia
867 2272 991 2327 Cassiani
1008 2271 1061 2325 acri
1082 2273 1128 2324 tor

173 2340 264 2407 operis
281 2340 311 2392 in
328 2355 393 2393 usus
411 2355 473 2392 suos
485 2339 527 2392 ita
538 2340 685 2406 convertit,
698 2341 730 2393 ut
747 2356 781 2392 ax
795 2339 911 2408 singulis
922 2337 1041 2408 geminis
1065 2339 1126 2392 oliis

173 2405 386 2460 cohaerentibus
398 2407 480 2459 terna
492 2407 521 2459 et
538 2405 653 2473 quidem
671 2407 738 2460 bina
755 2405 937 2460 cohaerentia
948 2407 978 2459 et
995 2406 1127 2459 deorsum

173 2472 335 2526 dissecando
354 2490 441 2525 unum
460 2473 614 2526 solitarium
627 2473 748 2526 faceret:
767 2489 824 2541 qua
835 2473 943 2526 ratione
955 2473 1060 2526 factum
1073 2473 1125 2538 est,

171 2541 206 2592 ut
222 2539 346 2591 medium
364 2539 496 2606 quodque
513 2539 612 2592 folium
630 2541 740 2607 partem
757 2541 868 2593 tantum
886 2541 916 2593 et
932 2539 1032 2607 prioris
1046 2541 1084 2607 (a)
1097 2541 1128 2592 ct

171 2605 334 2673 posterioris
346 2605 407 2657 folii
420 2606 459 2668 (b)
473 2606 638 2673 antiquioris
651 2606 804 2674 scripturae
824 2606 988 2665 contineret,
1007 2609 1036 2660 ct
1053 2622 1127 2659 nunc

172 2672 283 2739 quoties
300 2672 424 2725 medium
442 2671 540 2725 folium
553 2675 644 2725 solum
655 2673 737 2726 nobis
749 2674 888 2726 servatum
902 2675 953 2739 est,
965 2673 995 2725 id
1008 2674 1036 2726 in
1050 2674 1125 2725 utra-

172 2755 227 2815 que
249 2739 353 2808 pagina
375 2739 487 2792 tantum
509 2739 711 2818 trientem-vel
736 2741 917 2818 postremum⁸
936 2740 983 2817 vel
995 2739 1126 2858 ¹pri-mum

171 2821 423 2950 attractata
435 2807 505 2950 lla
520 2806 1127 2952 &litet-‘hllllmlttltlallnt

171 2941 291 3007 utraque
308 2956 413 3009 pagrua
430 2942 533 3018 partun
550 2942 723 3009 postremum
740 2944 845 3018 partlm
859 2958 980 3008 primum
991 2941 1126 3009 praestet.

174 3006 305 3060 Ceterum
322 3007 418 3060 frustis
436 3009 511 3060 mter
528 3023 556 3061 se
569 3008 670 3060 iunctis
683 3008 800 3077 trigmta
812 3024 859 3061 sex
871 3008 989 3076 paginas
1001 3008 1127 3075 integras

173 3074 232 3126 anti
255 3073 339 3128 uioris
351 3074 454 3128 codicis
471 3073 620 3127 restituere
638 3075 731 3138 licuit;
750 3075 851 3142 quibus
870 3074 1007 3127 accedunt
1024 3074 1127 3144 viginti

171 3091 295 3206 mutdaa
315 3143 449 3206 quattuor
466 3141 615 3205 bessariae,
636 3141 759 3218 sedecim
776 3142 948 3218 trientariae.

239 3207 383 3261 Vetustior
410 3206 497 3260 codex
522 3209 752 3275 quaternionibus
774 3210 911 3269 constitit,
934 3224 1052 3276 quorum
1075 3225 1126 3260 nu-

171 3290 263 3328 merus
286 3275 316 3326 in
333 3275 387 3326 fine
411 3275 544 3340 cuiusque
568 3291 585 3326 a
606 3274 719 3328 librario
743 3277 855 3327 notatus
878 3277 950 3339 erat3
973 3274 1074 3342 quibus
1093 3289 1127 3326 ex

246 3427 265 3496 ¹)
280 3431 342 3488 Quas
358 3438 381 3479 et
394 3432 526 3479 anteriores
541 3433 646 3481 editores
661 3440 685 3480 et
698 3448 742 3481 nos
757 3434 861 3481 numeris
877 3433 979 3482 arabicis
994 3433 1024 3482 ad
1038 3434 1127 3494 margi-

171 3515 225 3548 nem
239 3502 324 3563 positis
339 3501 534 3562 significavimus:
550 3501 657 3550 adiectus
672 3517 784 3552 numerus
799 3505 923 3552 uncinatus
934 3503 1031 3565 paginas
1042 3517 1128 3566 supcr-

171 3570 239 3616 stiles
254 3577 369 3632 perpetua
383 3571 445 3618 serie
460 3571 612 3618 demonstrat.
