2542 3909
477 242 512 275 nm
530 241 776 277 moravensem.
1069 237 1108 295 21

142 378 266 441 tempus,
289 384 358 441 ques
378 376 421 425 est
441 386 455 425 a
470 367 573 425 nostris
595 366 749 423 bominibus
764 368 852 425 adbuc
865 379 912 428 aut
926 371 1051 443 ignorata
1064 380 1112 428 aut

142 452 251 521 relicta;
275 468 337 507 nam
352 462 416 526 post
430 453 532 509 condis
546 450 706 523 pontificum
720 454 906 525 maximorum,
931 453 1029 527 quibus
1044 455 1110 511 nibil

141 543 234 610 potest
254 553 318 591 esse
334 538 468 607 ieiunius,
490 539 513 592 si
529 543 578 590 aut
598 535 630 591 ad
645 534 757 591 Fabium
776 545 822 592 aut
844 536 878 593 ad
898 553 973 610 oum,
994 540 1042 611 qui
1063 538 1111 596 tibi

141 621 293 693 semperin
310 629 427 690 cressi,
450 620 578 676 Catonem
600 628 647 674 aut
667 619 699 674 ad
721 619 845 677 Pisonem
865 630 912 678 aut
933 622 965 679 ad
979 620 1110 679 Fannium

141 711 187 759 ant
209 703 244 759 ad
267 704 435 761 Vennonium
458 706 561 773 uenias,
583 719 744 777 quamquam
766 720 799 759 er
820 705 863 761 bis
885 706 953 763 alius
973 705 1025 763 alio
1047 705 1109 779 pius

141 788 222 843 habet
243 789 355 858 uirium,
378 798 466 844 tamen
489 786 554 861 quid
575 794 629 843 tam
644 787 714 843 erile
729 804 809 861 quam
823 790 870 845 isti
886 790 998 845 nmncsi
1027 788 1110 845 Fanni

142 882 232 927 autem
260 872 341 928 aetati
370 873 531 928 coniunctus
560 871 703 944 Antipater
730 871 812 944 paulo
840 871 944 929 iniiauit
965 874 1110 931 nebemen·

141 958 196 1011 tius
218 954 368 1029 habuitque
382 957 454 1013 uiros
470 956 586 1030 agrestis
600 954 649 1011 ille
670 956 778 1027 quidem
792 964 874 1027 atque
895 957 1029 1032 horridas,
1052 959 1110 1013 sine

140 1040 230 1095 nitore
258 1054 289 1095 ac
316 1039 467 1113 palaestra,
495 1039 544 1095 sed
570 1046 662 1095 tamen
688 1038 833 1094 admonere
859 1039 981 1113 reliquos
1009 1043 1109 1115 potnit,

141 1132 172 1179 ut
194 1123 348 1180 adcuratius
374 1124 534 1180 seriberent.
571 1138 634 1179 ecee
660 1128 751 1177 autem
771 1138 929 1181 successore
949 1124 1013 1181 huic
1034 1123 1108 1193 belii,

140 1206 262 1277 Clodius,
283 1206 398 1264 Asellius
420 1208 490 1265 nibil
511 1207 544 1262 ad
558 1205 685 1275 (laelium,
708 1204 757 1262 sed
776 1208 869 1280 potins
889 1206 922 1263 ad
935 1209 1109 1281 antiquorum

141 1290 303 1365 languorem
318 1299 346 1347 et
360 1293 503 1350 inscitiam.
531 1287 557 1348 7.
574 1307 635 1346 nam
655 1290 720 1363 quid
735 1289 851 1347 Manum
865 1306 1014 1363 numerem,
1030 1291 1109 1349 cuins

141 1374 293 1447 loquacitas
307 1374 387 1433 babet
403 1376 504 1448 aliquid
520 1375 702 1449 argutiarum,
721 1390 773 1431 nec
793 1374 821 1432 id
836 1383 925 1432 tamen
940 1392 973 1431 ex
987 1376 1034 1433 ilia
1048 1393 1109 1433 ern·

144 1456 200 1513 dita
216 1458 376 1515 Graecorum
393 1462 478 1533 copia,
500 1458 547 1514 sed
564 1475 596 1514 ex
611 1458 755 1514 librariolis
771 1457 882 1529 batluis,
898 1461 926 1514 in
941 1459 1108 1516 orationibus

141 1549 234 1598 autem
256 1542 354 1599 multas
375 1545 502 1617 ineptias,
526 1535 747 1617 ttntmecttactd
769 1558 901 1601 summam
915 1543 1108 1616 inpudentiam.

141 1626 269 1696 Sisenna,
287 1628 344 1683 elus
359 1629 469 1698 amicus,
485 1642 579 1683 omncs
596 1626 684 1682 adbuc
698 1634 810 1685 uestros
820 1628 978 1701 scriptores,
996 1628 1048 1683 nbi
1061 1629 1108 1700 qui

141 1710 213 1767 forte
229 1710 351 1767 nondum
366 1711 519 1782 ediderunt,
541 1710 575 1766 de
597 1710 696 1784 quibus
717 1712 871 1767 existimare
886 1727 941 1767 non
953 1726 1107 1784 possumus,

141 1794 219 1851 lasile
233 1797 390 1868 supersunt
412 1797 435 1851 is
450 1802 539 1851 tamen
554 1810 644 1867 nsque
657 1801 752 1851 orator
765 1796 794 1850 in
807 1811 921 1851 numero
942 1803 1036 1851 uestro
1052 1812 1110 1852 um·

142 1895 222 1952 wem
245 1888 288 1935 est
308 1878 416 1935 babitus
432 1888 459 1936 et
475 1880 503 1935 in
524 1880 636 1935 historia
655 1877 761 1950 puerile
779 1877 905 1951 quiddam
925 1886 1109 1950 consectatur,

142 1971 174 2017 ut
195 1978 279 2019 mum
300 1962 464 2020 Cluarebum
485 1978 573 2035 neque
595 1969 734 2036 praeterea
755 1976 917 2035 quemqnam
940 1963 975 2019 de
1002 1962 1109 2019 Graecis

143 2044 244 2119 legisse
265 2046 400 2119 uideamr,
421 2063 483 2103 eum
497 2054 588 2102 nmen
601 2046 674 2103 uelle
688 2045 751 2103 dnm
765 2054 839 2103 taum
853 2048 967 2104 imitari:
991 2062 1071 2120 quem
1086 2047 1109 2101 si

142 2128 254 2203 adsequi
268 2138 375 2204 posset,
390 2130 555 2210 aliquantum
571 2130 603 2186 ab
623 2138 737 2204 optumo
751 2138 841 2186 tamen
861 2129 977 2187 abesset.
1007 2147 1061 2204 qua
1080 2146 1111 2185 re

143 2222 221 2270 tutam
244 2222 287 2269 est
307 2231 405 2271 munos
421 2215 483 2287 boe,
499 2232 513 2271 a
528 2222 556 2270 te
572 2221 744 2288 expectatur,
766 2214 819 2269 uisi
839 2213 904 2285 quid
919 2211 1018 2279 Quinto
1036 2212 1110 2268 uide·

145 2305 191 2353 tur
204 2314 293 2355 secus.

204 2382 248 2437 lli.
271 2380 301 2439 8.
323 2380 357 2449 Q.
379 2382 443 2439 iiibi
458 2398 524 2439 uero
539 2382 623 2452 nibib
643 2390 673 2437 et
691 2379 821 2453 saepede
833 2381 887 2437 isto
903 2379 1043 2437 conlocuti
1063 2395 1110 2435 su-

143 2482 220 2535 mns3
235 2467 284 2523 sod
297 2475 341 2523 est
354 2466 486 2539 quaedam
499 2468 574 2523 inter
587 2481 639 2522 nos
653 2481 738 2538 parua
750 2464 896 2522 dissensio.

208 2549 242 2607 Α
266 2548 479 2617 Ouae'tandeml

209 2633 243 2703 Q.
265 2636 288 2689 A
308 2633 407 2708 quibus
430 2632 596 2707 temporibus
619 2632 754 2690 scribendi
775 2633 863 2705 capiat
877 2632 1032 2689 exordium:
1056 2649 1109 2705 eqo

143 2718 215 2775 enlm
237 2718 272 2775 ab
293 2718 395 2774 ultimis
417 2734 528 2790 censeo,
549 2719 678 2791 quoniam
698 2716 743 2772 illa
764 2718 804 2773 sic
817 2717 1008 2789 sculptesunt,
1030 2724 1061 2773 ut
1075 2732 1109 2771 ue

142 2802 274 2875 legantur
289 2802 413 2875 quidem,
427 2804 489 2876 ipse
501 2809 592 2861 autem
607 2800 744 2873 aequalem
759 2801 857 2857 aetatis
872 2816 938 2858 snae
952 2800 1109 2857 memoriam

141 2885 279 2959 deposcit,
296 2894 327 2942 ut
341 2902 373 2941 ea
387 2884 701 2959 conplectatur,»quibus
715 2886 775 2957 ipse
791 2883 925 2941 interluit.

205 2972 244 3029 A.
268 2968 325 3043 Ego
347 2986 414 3027 nem
437 2971 499 3026 hnic
520 2971 612 3042 potius
627 2968 783 3037 adsentior3
805 2976 870 3027 sunt
885 2969 956 3025 enim
972 2982 1109 3029 maxumae

142 3070 188 3110 res
201 3056 231 3111 in
250 3054 302 3109 bac
316 3055 444 3111 memoria
459 3060 541 3127 atque
561 3061 650 3111 aetate
671 3060 779 3122 nonra,
800 3061 859 3111 tuin
879 3059 970 3111 autem
990 3052 1107 3109 hominis

74 3178 78 3181 -
142 3139 296 3195 amicissimi
318 3137 367 3195 Cn.
383 3138 495 3213 Pompei
516 3137 609 3194 landes
631 3135 805 3208 inlustrebit,
832 3138 956 3195 incurret
977 3137 1058 3193 etiam
1080 3139 1108 3191 in

141 3221 218 3279 liban
241 3222 388 3297 (dimone)
411 3230 439 3279 ct
459 3221 662 3279 memorabilem
684 3236 784 3277 annum
805 3235 899 3279 suum:
922 3234 991 3292 quae
1006 3219 1039 3277 ab
1054 3220 1108 3275 isto

141 3306 214 3363 maio
230 3307 379 3380 praedicari
394 3322 485 3381 quam,
503 3314 533 3361 ut
549 3307 634 3377 aium,
649 3305 683 3362 de
698 3303 781 3363 Remo
796 3314 825 3363 et
837 3303 965 3360 Romulo.

205 3389 248 3449 si.
271 3391 404 3466 Intellego
419 3390 544 3465 equidem
559 3406 574 3445 a
589 3407 632 3447 me
645 3392 729 3447 istium
742 3388 864 3448 laborem
885 3388 936 3442 iam
950 3383 999 3441 diu
1014 3397 1108 3458 postu

216 3566 237 3634 ¹)
250 3568 297 3619 Em
308 3566 413 3633 Siponia'
426 3570 459 3631 qi.
475 3566 545 3620 dsoio
560 3565 585 3617 Α
598 3566 664 3618 datio
679 3562 705 3615 B
716 3564 788 3615 elatio
802 3566 843 3617 ed.
862 3560 890 3610 V
888 3594 894 3607 .
