2542 3909
160 224 203 283 82
505 234 533 267 n.
552 232 663 267 rumve
682 232 783 267 cronno.

159 362 187 417 id
202 361 310 433 quidem
332 361 412 415 etiam
433 358 504 431 apud
526 359 642 413 maiores
663 364 773 412 nostros
795 365 859 428 erat,
884 357 933 413 sed
954 360 1034 413 etiam
1055 358 1127 414 lacta

160 445 299 500 hominum
322 441 502 498 obseruahant
524 441 556 496 ad
578 442 709 514 legesque
738 442 908 497 reuocabant.
953 442 1019 497 haec
1045 442 1126 497 detur

160 543 224 584 cura
240 526 410 598 censoribus,
426 525 534 598 quando
549 525 660 598 quidem
672 540 719 580 eos
731 527 758 581 in
769 542 799 580 re
810 524 917 597 publica
927 541 1036 599 semper
1045 526 1125 583 uolu-

161 628 219 667 mus
232 627 306 667 esse:
322 610 393 687 apud
408 609 534 680 eosdm,
551 612 597 682 qui
612 610 774 682 magistratu
789 608 919 680 abierint,
942 610 1021 665 edent
1037 618 1065 667 et
1079 627 1124 667 ex·

159 702 273 769 ponant,
287 694 353 768 quid
367 696 395 750 in
413 695 573 767 magistratu
587 696 734 766 gesserint,
757 693 844 766 deque
859 695 892 749 iis
906 709 1034 749 censores
1050 710 1126 768 prae·

159 780 289 835 iudicent.
320 780 373 835 hoc
393 780 422 834 in
436 778 545 833 Graecia
559 777 591 833 tit
611 777 719 851 publice
734 779 890 833 constitutis
905 778 1126 834 accusatoribus:

161 865 208 936 qui
235 863 342 935 quidem
364 878 463 937 graues
486 877 624 917 essenon
647 869 779 935 possunt,
802 861 855 916 nisi
877 868 942 917 sunt
963 862 1125 931 noluntarii;

161 948 287 1020 quocirca
303 948 410 1017 melius,
424 948 543 1002 rationes
557 945 656 1001 referri
671 961 832 1018 causamque
842 947 942 1018 exponi
954 946 1126 1017 censoribus,

159 1032 294 1105 integram
318 1040 406 1087 tamen
428 1030 494 1104 legi,
517 1029 668 1087 recusaturi
683 1028 837 1101 iudicioque
853 1031 966 1089 seruari.
997 1030 1045 1085 sed
1061 1032 1126 1086 satis

159 1117 211 1171 ianr
225 1116 392 1188 disputatum
403 1122 445 1170 est
456 1114 490 1169 de
501 1113 711 1187 magistratibus,
732 1114 783 1168 nisi
795 1112 867 1169 lorte
879 1113 944 1186 quid
955 1113 1125 1170 desideratis.

223 1201 258 1256 Α.
281 1197 366 1265 Ouidi
380 1200 405 1252 si
419 1214 469 1252 nos
484 1205 614 1267 tacemus,
630 1197 706 1253 loeus
722 1198 781 1269 ipse
797 1204 824 1253 te
838 1213 895 1253 non
907 1196 1044 1268 admonet,
1062 1198 1127 1270 quid

160 1282 210 1338 tibi
224 1284 262 1336 sit
276 1281 375 1337 deinde
389 1280 553 1336 dicendum?

224 1366 266 1421 M.
293 1364 409 1420 llilrine?
437 1364 472 1419 de
491 1364 597 1420 iudiciis
619 1363 747 1435 arbitror,
769 1362 916 1437 Pomponi;
939 1365 967 1419 id
989 1372 1032 1420 est
1054 1367 1128 1421 enim

161 1452 283 1506 iunctum
298 1447 511 1522 magistratibus.
867 1440 871 1447 '

224 1547 273 1605 48.
299 1550 332 1604 Α.
350 1541 486 1615 Quorum¹
501 1547 535 1602 de
549 1548 608 1602 iure
624 1547 719 1620 populi
734 1546 857 1620 Romani,
873 1564 952 1629 quern
968 1548 1127 1605 admodum

162 1634 313 1703 instituisti,
329 1631 471 1687 dicendum
486 1631 552 1686 nihil
568 1632 667 1703 putas?

225 1716 267 1772 M.
291 1714 359 1783 Quid
375 1714 483 1769 tandem
498 1714 627 1770 hocloco
642 1722 685 1770 est
700 1716 774 1787 quod
789 1717 931 1789 requiras?

226 1800 260 1855 A.
283 1798 396 1873 Egone?
418 1798 492 1871 quod
513 1800 634 1872 ignorari
656 1799 689 1854 ab
710 1802 754 1868 iis,
778 1802 824 1873 qui
846 1802 874 1855 in
896 1800 1048 1873 republica
1064 1816 1128 1857 uer·
1178 1840 1182 1844 -

161 1890 270 1955 santur,
285 1883 470 1956 turpissimum
486 1890 567 1955 puto:
583 1899 646 1937 nam
661 1890 692 1938 ut
707 1884 787 1939 modo
800 1901 813 1939 a
826 1893 852 1940 te
865 1884 966 1939 dictum
982 1893 1033 1955 est,
1050 1885 1127 1957 leges

162 1987 176 2025 a
187 1968 302 2024 librariis
314 1970 380 2041 peti,
391 1969 430 2023 sic
440 1966 624 2022 animaduerto
638 1966 785 2040 plerosque
795 1970 823 2023 in
834 1968 1035 2040 magistratibus
1048 1970 1128 2042 igno·

164 2055 269 2107 ratione
290 2053 356 2107 iuris
379 2052 420 2106 sui
442 2058 547 2106 tantum
570 2068 675 2123 sapere,
698 2058 828 2123 quantum
844 2054 1012 2125 apparitores
1028 2054 1127 2111 uelint.

162 2153 242 2210 quam
265 2135 300 2191 ob
322 2152 388 2205 rem,
411 2137 435 2191 si
457 2135 491 2191 de
512 2151 651 2191 sacrorum
673 2136 834 2194 alienatione
850 2136 991 2192 dicendum
1014 2139 1127 2210 putasti,

162 2237 244 2295 quom
267 2220 300 2275 de
314 2221 448 2294 religione
464 2220 540 2293 leges
556 2236 754 2293 proposueras,
776 2221 925 2276 iaciendum
940 2220 988 2276 tibi
1004 2230 1062 2293 est,
1083 2230 1127 2293 ut,

161 2305 364 2379 magistratibus
379 2304 441 2377 lege
456 2305 623 2374 constitutis,
639 2304 672 2359 de
687 2312 854 2376 potestatum
869 2307 929 2360 iure
944 2304 1076 2378 disputes.

224 2402 273 2464 49.
295 2406 336 2461 M.
357 2404 461 2460 l'aciam
482 2404 618 2474 breuiter,
643 2406 666 2459 si
687 2406 817 2479 consequi
837 2414 967 2479 potuero;
990 2421 1049 2460 nam
1065 2405 1129 2477 plu·

162 2491 237 2547 ribus
261 2488 350 2545 uerbis
371 2489 480 2560 scripsit
502 2479 559 2558 (ι’ὶ)2
580 2488 611 2541 ad
633 2496 737 2560 patrem
757 2496 834 2544 tuum
850 2488 882 2543 Μ.
902 2488 995 2544 lunius
1014 2488 1128 2560 sodalis,

162 2576 249 2649 perite
272 2588 331 2628 mco
355 2570 463 2644 quidem
485 2569 584 2625 iudicio
608 2580 635 2625 et
658 2572 816 2647 diligenter,
841 2588 891 2628 nos
915 2581 1004 2627 eutem
1019 2572 1128 2629 delore

162 2666 274 2714 naturae
289 2655 409 2729 cogitare
424 2671 474 2727 per
488 2670 538 2709 nos
554 2662 633 2728 atque
650 2656 737 2711 dicere
754 2656 893 2729 debemus,
910 2656 943 2711 de
958 2658 1017 2711 iure
1031 2657 1128 2731 populi

164 2743 275 2798 Romani
291 2755 360 2812 quae
373 2738 467 2794 relicta
482 2746 547 2794 sunt
563 2748 591 2794 et
606 2739 713 2797 tradita.

227 2826 262 2881 Α.
286 2823 330 2879 Sic
343 2838 468 2897 prorsum
485 2838 582 2879 censeo
598 2831 627 2880 et
640 2824 668 2879 id
682 2826 786 2899 ipsum,
806 2824 879 2897 quod
901 2824 983 2895 dicis,
1004 2832 1128 2898 expecto.

538 2990 750 3067 Fragmenta.

229 3110 254 3171 1.
281 3110 365 3178 Quam
387 3112 549 3167 sententiam
577 3110 671 3168 Cicero
699 3113 726 3167 in
754 3102 875 3184 legilrus3
903 3112 942 3166 sic
968 3109 1128 3182 enplicauit:

166 3195 400 3271 ‘gratulemurque
415 3194 510 3267 nobis,
532 3198 659 3269 quoniam
681 3212 752 3251 mors
769 3203 816 3250 aut
830 3194 969 3250 meliorem
985 3210 1064 3265 quam
1081 3195 1129 3267 qui

166 3288 209 3337 est
223 3282 251 3335 iu
266 3281 332 3351 uita,
347 3287 394 3335 aut
408 3289 482 3337 certe
496 3297 552 3337 nou
567 3280 729 3337 deteriorem
745 3279 865 3337 adlatura
877 3285 921 3335 est
936 3286 1052 3333 statum:
1068 3294 1130 3333 nam

240 3492 348 3561 ¹)qu
367 3512 414 3561 quo
434 3497 460 3546 B
476 3499 551 3563 quid?
568 3497 626 3547 edd.
662 3492 684 3561 ⁹)
703 3496 812 3545 Addidi.
842 3492 946 3559 ⁸)lidro
960 3494 1082 3551 seeundo,
1103 3498 1131 3543 ut

173 3566 288 3616 Voltisne
295 3571 405 3619 concine
410 3572 512 3621 ratione
518 3572 606 3631 visum,
616 3570 644 3617 in
650 3568 698 3626 leis,
709 3566 967 3632 quaeeudfinemcup.
977 3576 1010 3615 21.
1014 3566 1129 3628 periere.
