2542 3909
157 978 396 1052 cannava.
447 945 705 1053 conamus,
755 978 1114 1053 nnnosuflsruss

188 1095 435 1171 svnoxivs.
489 1096 746 1170 elinowe.
799 1096 1082 1171 anemonas

223 1263 264 1317 Ex
281 1263 325 1316 his
343 1258 536 1339 prudentilius,
554 1277 675 1329 quorum
688 1262 827 1339 quaedam
840 1264 995 1317 sententiae
1008 1264 1113 1340 partim
1126 1283 1192 1332 [sss]

157 1348 174 1385 a
199 1329 402 1384 iurisconsultis
426 1329 580 1384 Iustiniano
608 1345 719 1383 coaems
745 1331 849 1396 partim
875 1330 904 1382 in
930 1329 1115 1384 Basilrcorum

157 1397 269 1451 scholiis
286 1399 548 1461 commemorantur,
586 1398 700 1449 nattuor
718 1396 840 1461 medios,
859 1395 1042 1461 Domninum,
1060 1396 1115 1451 De-

158 1464 344 1529 mosthenem,
363 1462 520 1516 Eudoxium
539 1465 568 1517 et
604 1462 743 1527 atricium,
762 1462 915 1515 Iustiniano
933 1463 1030 1531 paullo
1043 1466 1114 1518 anti·

158 1549 542 1648 a
592 1528 1114 1649 <

158 1613 311 1738 efficaci
324 1661 368 1724 (fr.
389 1667 413 1714 7.
433 1663 469 1725 8.)
487 1662 504 1718 i.
523 1678 546 1715 e.
565 1613 732 1716 fictionibus
749 1614 948 1731 interpretaios
966 1679 1034 1727 esse,
1052 1666 1117 1731 post

180 1728 332 1851 ΙεἰὶιὲιιηιΙιι]
352 1727 481 1848 gestit}
499 1728 733 1849 adffifflffhiffm
745 1736 893 1849 pl'ssffldse
916 1770 921 1782 .
940 1730 1114 1849 dffironstra·

158 1814 232 1931 lilips.
240 1811 332 1916 {202ch
359 1812 407 1918 ‚tlt
419 1813 631 1930 despmlhroerlilrln
641 1812 898 1930 ²iecrhu:uplcrriisruiir
910 1813 969 1917 feifa
982 1813 1116 1929 ohniffni,

159 1930 286 1983 Eudoxio
299 1931 329 1983 et
363 1929 462 1983 atricio
475 1931 560 1983 etiam
573 1928 673 1982 Herois
690 1944 793 1983 nomen
811 1928 1009 1997 tribuentium,
1028 1931 1116 1984 frater

160 1996 252 2050 Caroli
265 1995 405 2049 Gustavus
417 1995 630 2060 Heimbachius,
649 1996 678 2048 in
690 1996 733 2048 his
746 1995 846 2049 studiis
857 1997 965 2064 pariter
976 2000 1114 2063 versatus,

158 2063 298 2116 Anccdot.
317 2064 338 2119 I.
357 2081 384 2131 p.
399 2068 456 2116 203.
469 2062 581 2180 (primus
600 2062 729 2124 convicit,
747 2078 802 2115 non
814 2079 917 2116 nomen
929 2065 1074 2132 proprium
1086 2064 1116 2118 id

159 2146 221 2184 esse
248 2130 409 2195 ostendens,
439 2145 466 2181 se
511 2129 656 2196 epitheton
685 2129 838 2195 quoddam,
862 2146 918 2197 quo
940 2134 990 2184 aut
1013 2147 1118 2200 magna

158 2198 258 2250 horum
275 2195 400 2249 virorum
418 2196 571 2249 auctoritas
588 2196 711 2248 cutiam
729 2196 875 2249 defunctos
893 2212 940 2250 eos
959 2212 1018 2251 esse
1031 2198 1117 2266 signi·

159 2264 302 2317 licaretur:
316 2265 435 2330 utroque
446 2263 520 2315 enim
530 2278 613 2315 sensu
623 2262 843 2381 appellationem
856 2263 907 2319 τοῦ
921 2258 1011 2331 ἥρωος
1024 2265 1116 2317 ascri·

130 2358 135 2368 =
159 2329 290 2399 ptoribus
307 2330 473 2397 usurpatam
492 2344 560 2385 esse.
591 2328 651 2393 Quo
689 2331 794 2382 utnon
811 2346 846 2382 ne
869 2345 893 2395 o,
911 2332 953 2383 ita
969 2331 1116 2410 proprium

158 2400 255 2450 tamen
273 2395 341 2463 quid
353 2394 418 2448 huic
431 2397 617 2464 cognomento
629 2397 729 2459 inesse,
748 2412 810 2448 eum
822 2347 903 2449 isiius
916 2398 1114 2466 aev1pruden·

158 2464 235 2517 tibus
253 2463 344 2526 datur,
363 2462 499 2515 existimo.
533 2462 658 2515 Primum
677 2462 750 2515 enim
769 2462 844 2529 qnod
868 2463 904 2516 ad
921 2464 1011 2532 ipsam
1029 2465 1051 2517 si
1091 2466 1114 2518 i·

159 2529 321 2583 ficationem
333 2528 444 2592 attinet,
462 2532 613 2597 utrumque
626 2545 660 2582 eo
673 2529 872 2597 comprehendi
883 2534 961 2599 puto,
976 2533 1005 2585 et
1017 2530 1051 2584 de
1062 2535 1114 2584 'un-

160 2598 237 2649 ctum
250 2596 342 2647 virum
355 2610 415 2648 esse
429 2597 458 2648 et
469 2612 605 2649 summam
618 2596 678 2648 eius
690 2597 765 2664 apud
778 2598 904 2664 posteros
916 2598 1114 2652 auctoritatem

159 2664 245 2781 chaus
254 2660 383 2737 gloriam.
409 2660 566 2728 Utrumque
579 2663 655 2715 enim
668 2663 753 2715 etiam
764 2662 959 2731 complectitur
968 2664 1114 2741 epitheton

161 2729 177 2738 οι

158 2745 193 2781 us
214 2744 258 2781 em
271 2728 339 2779 viris
353 2728 459 2792 datum,
474 2744 529 2794 quo
541 2725 573 2781 τὸ
587 2728 639 2781 τοῦ
652 2719 741 2795 ἥρωος
753 2730 865 2797 tantum
877 2731 981 2783 variari
993 2731 1113 2797 videtur,

160 2791 244 2863 ὁτῆς
263 2789 399 2855 εὐκλεοῦς
442 2788 533 2860 visos
552 2795 595 2858 (fr.
613 2796 663 2862 tl,
685 2790 700 2848 ὃ
724 2795 775 2863 τῆς
797 2796 978 2863 περιφανοῦς
1001 2791 1115 2875 μνήμης

159 2862 204 2929 (fr.
218 2866 270 2922 13.)
285 2863 314 2915 ct
326 2860 412 2929 ‘incly
446 2860 696 2927 erecordationis’,
710 2878 765 2930 quo
778 2862 947 2916 Iustinianus
959 2863 1114 2918 Patricium

159 2931 241 2983 ornat
258 2927 451 3004 Graecumque
469 2926 540 2980 illud
558 2927 682 2997 elogium
700 2928 798 2983 Latine
822 2937 931 2983 vertere
954 2930 1068 2984 videtur
1085 2932 1114 2984 in

159 2998 246 3050 const.
278 2996 371 3049 Tanta
387 3010 461 3047 circa
478 2998 501 3057 9.
514 2999 537 3047 9.
556 2994 599 3046 his
618 2996 719 3060 verbis,
738 3012 810 3064 quae
829 2996 936 3064 primus
955 2996 982 3053 Ο.
997 2997 1114 3051 Wittius

160 3064 200 3128 (in
212 3062 338 3115 Richteri
350 3061 419 3113 Krit.
431 3060 529 3116 Jahrb,
541 3061 560 3113 f.
574 3060 600 3117 d.
613 3062 683 3120 RW.
701 3062 722 3117 I.
741 3080 767 3141 p.
782 3065 832 3128 15.)
851 3065 926 3116 recte
945 3064 1067 3117 scribere
1086 3065 1116 3117 et

157 3129 318 3197 intelligere
337 3127 444 3181 docuit:
463 3129 518 3181 ‘vir
536 3128 571 3180 ab
590 3130 708 3196 antiqua
720 3131 806 3196 stirpe
819 3129 948 3198 legitima
959 3131 1115 3198 procedens

159 3199 209 3263 (sc.
228 3193 375 3248 Anatolius
402 3211 473 3246 unus
491 3211 525 3247 ex
542 3194 676 3247 XVlviris
689 3195 812 3263 Digestis
830 3196 1031 3263 conficiendis),
1051 3215 1115 3251 cum

159 3264 188 3313 et
205 3263 288 3328 pater
305 3260 363 3312 eius
400 3262 508 3314 contius
527 3263 556 3313 et
573 3277 643 3313 auus
661 3260 803 3313 Eudoxias
821 3264 886 3330 post
901 3262 1055 3316 Patricium
1072 3265 1113 3316 in·

159 3327 250 3393 clytae
267 3326 469 3380 recordationis
487 3327 678 3403 quaestorium
698 3330 727 3379 et
744 3330 961 3393 antecessorem,
981 3331 1010 3382 ct
1027 3330 1114 3385 Leon·

158 3393 238 3448 tium.
251 3392 344 3444 virum
377 3392 586 3447 loriosissrmum
598 3392 825 3458 praefectorium,
838 3396 1045 3448 consularema
1078 3412 1113 3450 ue

158 3457 321 3532 patricium,
338 3410 433 3534 fifium'
446 3459 520 3521 eius,
543 3459 689 3533 optimam.
703 3460 745 3510 sui
766 3462 930 3513 memoriam
953 3461 983 3513 in
1005 3462 1062 3528 legi
1082 3480 1115 3515 us

159 3522 352 3589 rehqucrnnt.’
383 3521 490 3576 Dernde
504 3522 698 3589 annncdveru,
719 3524 769 3579 τοῦ
788 3519 879 3595 ἥρωος
897 3530 1113 3595 cognomentum
