2542 3909
438 236 548 274 scarras
567 236 702 273 snrrcws
716 237 807 273 ιιπιιι.
1058 230 1099 287 93

136 366 203 421 dam
223 362 422 436 interiorisque
440 362 500 419 loci
515 366 641 435 populas
659 356 860 435 receperant.¹
897 362 975 420 Hinc
988 364 1015 419 iu
1031 362 1101 419 xit:

136 447 219 503 ‘Neri
231 449 428 519 mancipiique
445 463 510 503 cunr
519 465 553 518 p.
569 448 606 504 R.
622 449 697 503 idem
710 447 777 503 lorti
792 450 935 521 senatique
949 464 1042 520 supra
1057 451 1101 503 ia·

133 533 247 606 fraque
266 534 315 588 ius
334 523 434 590 esto’.²
460 531 489 586 id
508 539 552 587 cst
571 530 706 587 bonorum
722 538 749 588 et
763 536 793 589 ia
806 534 891 604 Mem
906 539 1100 605 receptorum.

135 645 178 657 —
191 616 267 673 cht.
282 632 309 671 v.
325 614 436 670 Sanatcs
450 632 479 687 p.
495 614 569 671 321.

199 695 229 757 a.
250 699 361 767 Naxia,
377 706 409 753 ut
422 698 482 753 Ser.
497 697 632 772 Sulpicius
646 698 740 770 Rufus
756 703 805 769 ait,
818 700 857 757 'ia
868 692 958 757 ΧΙΙ.8
968 702 1101 757 damnum

134 786 296 860 dpuificpt,
319 781 392 854 apud
411 790 507 855 poetas
526 791 618 839 autem
638 790 666 839 ct
681 791 804 840 oratores
819 784 932 857 ponitur
945 800 996 857 pro
1011 783 1100 857 culpa.

134 897 180 907 -
193 867 269 923 l'est.
286 884 311 919 r.
326 866 411 923 Noxia
424 884 452 939 p.
471 865 542 922 174.

199 946 246 1007 ll).
267 944 411 1006 ⁴‘Sarcito’
429 951 458 1005 in
468 949 522 1005 llll.
535 949 595 1006 Ser.
605 950 742 1024 Sulpicius
753 952 791 1005 ait
805 947 958 1023 significare
975 951 1102 1007 damnum

135 1034 250 1107 soluite,
267 1042 416 1107 praestato.
432 1062 475 1075 —
488 1032 561 1090 Fert.
576 1051 602 1090 v.
618 1033 724 1089 Sarclto
738 1050 763 1107 p.
781 1032 852 1093 322.

199 1114 241 1176 11.
266 1117 338 1174 Orba
358 1117 431 1190 apud
451 1125 553 1190 poetas
567 1120 754 1191 sipaificatur
774 1121 895 1188 priuata
918 1118 1018 1190 aliqua
1041 1134 1101 1190 per·

135 1219 205 1258 sona
219 1218 294 1259 cara:
317 1202 388 1274 apud
409 1208 550 1271 oratores,
576 1217 653 1274 quae
663 1207 781 1272 patrem
793 1204 887 1259 amisit
893 1225 903 1264 ,·
923 1204 989 1257 item
1004 1209 1102 1273 mater,

135 1295 170 1342 ut
183 1285 244 1341 Ser.
260 1286 408 1357 Sulpicius
422 1288 473 1355 ait,
488 1301 564 1358 quae
577 1286 696 1357 liberos,
711 1289 800 1358 quasi
813 1285 923 1354 oculos,
938 1284 1004 1341 orba
1020 1289 1102 1342 estin

135 1371 248 1426 tabulis
262 1373 402 1425 censoriis
415 1364 520 1425 dicta.⁵
534 1399 576 1408 -
589 1368 664 1426 Fest.
681 1386 706 1423 v.
723 1367 793 1425 Orba
807 1386 834 1442 p.
854 1368 921 1427 182.

205 1447 249 1509 12.
269 1451 399 1509 Posticam
420 1451 516 1508 lineam
531 1454 559 1509 in
573 1455 646 1526 agris
661 1451 812 1509 diuidendis
828 1452 888 1511 Ser.
905 1453 1040 1527 Sulpicius
1056 1471 1102 1527 ap·

133 1535 251 1611 pellauit
272 1536 305 1591 ab
324 1538 468 1592 exoriente
487 1539 547 1593 sote
561 1538 601 1593 ad
614 1552 751 1593 occasum
766 1544 955 1608 spectantem.
971 1566 1013 1576 —
1028 1537 1101 1593 [test.

134 1638 162 1674 v.
177 1620 314 1676 Posticam
327 1638 355 1693 p,
372 1620 444 1678 233.
593 1680 599 1689 ,

83 1713 131 1761 [28]
202 1701 246 1762 13.
268 1703 347 1771 Quod
365 1706 393 1759 io
414 1706 489 1778 agris
510 1705 725 1778 quotquotaunis
739 1720 849 1759 rursum
865 1703 984 1761 iacienda
999 1704 1101 1775 eedem,

136 1797 169 1845 ut
182 1805 279 1844 rursus
294 1789 384 1859 capias
399 1787 515 1857 fructus,
530 1786 666 1861 appellata
681 1804 753 1846 rure.
784 1784 895 1843 ‘linitio
910 1790 937 1843 in
954 1786 1024 1861 illo’,
1040 1788 1102 1844 Ser·

134 1874 195 1929 vius
210 1871 306 1929 scribit
317 1871 465 1945 Sulpicius,
483 1871 584 1945 ‘plebei
601 1888 665 1928 rura
676 1872 807 1945 largitura
817 1866 954 1931 adorea’.⁶
964 1900 1005 1913 -
1017 1873 1101 1928 Varro

135 1956 173 2013 ae
186 1955 216 2012 ι.
229 1955 260 2013 ι..
277 1955 308 2027 5,
323 1954 354 2011 4.
370 1955 399 2027 s.
415 1955 467 2015 ιο.

200 2036 246 2099 14.
268 2039 381 2096 Seruius
408 2031 558 2113 Sulpicius⁷
585 2038 746 2112 religionem
772 2055 832 2097 esse
859 2039 957 2096 dictam
979 2039 1102 2112 tradidit,

136 2141 207 2197 quae
226 2134 343 2198 propter
361 2125 531 2180 sanctitatem
550 2123 667 2196 aliquam
688 2132 791 2179 remota
813 2140 844 2179 ac
859 2125 978 2195 seposita
994 2141 1008 2178 a
1024 2123 1102 2179 nobis

136 2210 184 2279 sit,
206 2210 284 2281 quasi
305 2223 322 2262 a
342 2206 522 2281 relinquendo
544 2206 624 2278 dicta,
646 2214 677 2262 ut
699 2224 714 2261 a
736 2205 852 2263 carendo
875 2208 1044 2263 caerimonia.
1061 2236 1099 2246 —-

136 2291 255 2349 llacrob.
270 2290 328 2349 Sat.
344 2290 374 2362 3,
389 2292 418 2348 3.
434 2291 463 2363 S.
479 2291 509 2349 8.
532 2330 536 2335 -

200 2372 242 2435 lt.
263 2375 452 2448 Mancipatus
473 2382 501 2431 et
522 2376 692 2446 adoptatus,
717 2382 748 2430 ut
768 2374 852 2447 patris
875 2374 918 2430 sui
939 2373 1019 2431 heres
1042 2388 1103 2431 csse

134 2461 245 2522 desiuit,
268 2463 310 2516 ita
331 2463 404 2532 eius,
427 2463 477 2533 qui
498 2460 626 2530 adoptet,
649 2467 702 2514 tam
725 2458 805 2515 heres
828 2466 881 2531 cst,
904 2474 984 2532 quam
1007 2473 1046 2515 ex
1069 2474 1102 2517 eo

134 2551 235 2601 natus.
258 2543 307 2600 Set
323 2550 350 2599 et
365 2551 532 2617 acropatus,
548 2544 595 2615 qui
609 2543 637 2597 iu
651 2549 788 2615 potestate
803 2542 893 2598 aliena
910 2559 968 2601 uon
984 2550 1037 2615 est,
1053 2562 1102 2600 ar·

214 2653 235 2721 ¹)
253 2654 383 2715 Quaedam
392 2657 420 2705 ia
430 2655 599 2705 Milieriaaic
608 2656 790 2719 supplementis
804 2656 945 2706 emendavi.
971 2651 992 2721 ¹)
1008 2657 1102 2708 Paullo

133 2730 217 2779 aliter
226 2729 344 2791 supplevi
353 2726 396 2776 lib.
413 2723 508 2777 ‘aecii
515 2727 562 2776 des
573 2723 685 2775 Necum'
693 2742 721 2790 p.
732 2736 779 2778 itt.
800 2725 903 2776 Rursus
911 2728 967 2776 alia
977 2742 1101 2777 commea·

134 2806 177 2849 tas
190 2805 231 2848 est
240 2796 297 2846 Em.
307 2796 450 2861 Herlitana
459 2798 509 2847 das
521 2796 610 2847 Geretz
620 2797 683 2846 aller
693 2797 712 2845 d
715 2840 717 2844 .
728 2797 839 2847 Forctca
854 2814 878 2846 u.
889 2796 1013 2847 Saaatea.
1038 2798 1066 2847 V
1063 2801 1102 2848 ia-

134 2869 193 2919 dob.
213 2879 275 2919 lass.
319 2864 341 2933 ¹)
359 2864 468 2917 Addidi.
511 2864 533 2932 ι)
552 2867 672 2917 Accessit
685 2868 725 2916 ed.
740 2879 761 2919 a.
804 2864 825 2933 ὅ)
845 2867 888 2917 Ita
897 2870 990 2931 paullo
1004 2872 1102 2920 rectius

133 2941 227 2989 videor
241 2938 305 2987 mila·
318 2940 463 2988 restituere.
484 2938 524 3002 Cf.
533 2937 593 2987 Lia.
604 2950 625 2999 s,
640 2950 660 2989 ιι.
676 2944 702 2986 et
715 2938 759 2988 lib.
774 2954 853 2988 meum
867 2939 899 2988 de
913 2938 986 2989 Sero.
1001 2939 1065 2989 ttttt.
1073 2956 1100 3004 p.

132 3022 183 3062 aas.
204 3009 344 3059 &morice
357 3009 439 3059 lilroe
451 3007 571 3058 Smiuar
589 3016 725 3069 tractasse,
740 3015 892 3073 apparetec
903 3009 966 3060 (icll.
978 3022 999 3072 a,
1010 3023 1044 3062 ιο.
1057 3018 1103 3060 aut

132 3088 237 3131 matrem
255 3078 337 3146 (matr.
349 3079 405 3146 041.)
418 3086 446 3128 ul
459 3080 512 3129 Ser.
521 3077 549 3128 S.
564 3095 589 3129 a.
604 3096 628 3144 q.
644 3082 660 3128 l.
676 3094 699 3143 q.
715 3081 799 3131 oculos
810 3116 888 3130 .....
898 3080 957 3131 edd.
969 3080 1102 3131 Caeterum

133 3168 205 3203 nuac
213 3153 315 3201 malum
326 3147 402 3215 ‘quae
412 3149 509 3201 liberos
517 3152 604 3200 amisit
609 3148 746 3214 paruulos’
756 3149 862 3216 (quippe
868 3153 1012 3202 adultiores
1019 3152 1102 3213 mapls

128 3230 211 3288 pater
228 3220 366 3272 videbatur
382 3218 518 3288 ammae),
536 3223 590 3271 nisi
604 3221 695 3270 Paulli
712 3224 819 3285 epitome
838 3222 941 3272 obstare
960 3221 1100 3269 videretur.

134 3291 157 3357 ⁶)
171 3293 318 3343 Eaieadavi
326 3295 410 3343 locam
418 3299 444 3343 et
454 3290 545 3343 Servio
557 3293 692 3342 uindicaui
703 3294 731 3341 in
743 3293 787 3343 ttl.
799 3290 836 3341 ‘d
847 3292 921 3359 Ipuu.
936 3289 1005 3353 Tas!
1014 3306 1042 3353 p.
1052 3300 1100 3339 ιιι.

133 3363 155 3425 'l
171 3365 232 3415 Nisi
241 3366 333 3428 petitu
346 3364 484 3414 Masurius
496 3362 622 3422 Sabinus,
644 3364 688 3412 cui
700 3363 765 3415 llaec
783 3363 876 3414 tribuit
892 3363 954 3413 Geli.
969 3371 991 3416 t,
1006 3371 1026 3411 a.
1042 3361 1065 3420 ξ.
1080 3369 1101 3407 s.

132 3436 169 3486 Et
176 3438 277 3487 rectius
287 3434 325 3485 ibi
333 3436 461 3500 relipiasi,
471 3450 523 3485 noa
532 3435 670 3500 relipioais
679 3434 743 3485 llaec
754 3435 871 3485 traditur
886 3430 1010 3495 definitio.
1032 3429 1102 3479 Gete-

131 3505 402 3558 rumestabatServii
408 3504 522 3569 Sulpicii
528 3502 718 3568 ‘commentatio
725 3497 1103 3570 quamohremmenselinqucnda

133 3592 181 3628 uon
194 3576 253 3643 cst',
269 3578 342 3628 Ptin.
356 3577 392 3627 Η.
408 3576 440 3626 N.
455 3588 490 3635 stt,
505 3589 532 3628 a.
541 3580 565 3641 ἕ.
579 3590 615 3630 as.
