2542 3909
170 207 233 272 308
468 221 526 256 (tun
545 220 645 256 rusurr.
663 201 712 259 III.
730 205 838 255 88-92.

97 372 153 420 151.
234 362 283 421 88.
307 363 392 418 Nune
414 368 599 418 transeamus
614 360 647 417 ad
663 359 859 434 obligationes,
883 376 996 432 quarurn
1012 356 1136 417 summa¹

172 449 269 503 diuisio
285 448 313 502 in
328 446 393 501 duas
408 445 513 520 species
529 445 681 502 diducitur:
704 446 792 503 omnis
808 447 877 501 enim
894 445 1026 520 obligatio
1042 446 1087 502 uel
1103 463 1136 502 ex

172 539 316 588 contractu
331 531 454 587 nascitur
469 529 513 586 uel
528 546 561 586 en
576 529 685 587 delicto.

235 611 286 671 89.
309 614 341 670 Et
356 616 432 689 prius
447 614 586 671 uideamus
602 614 636 670 de
652 615 709 686 bis,
731 631 801 688 quae
815 631 848 670 ex
863 623 1006 671 conuaetu
1020 631 1137 672 nascun-

172 709 226 756 tur.
264 699 358 756 harum
383 708 513 772 quattuor
533 715 632 771 genera
654 707 731 755 sunt:
754 707 802 755 aut
819 701 892 755 enim
912 716 943 756 re
963 700 1138 757 contrabitur

172 784 321 859 obligatio,
338 793 384 840 aut
400 784 508 856 uerbis,
524 793 571 840 aut
585 783 700 854 litteris,
715 793 762 840 aut
777 800 922 843 consenso.

237 865 292 926 90.
315 869 353 925 lie
369 869 541 926 contrahitur
556 867 687 941 obligatio
704 868 780 924 uelut
794 869 881 924 mutui
896 869 1020 938 datione;
1037 867 1140 940 (mutui
1235 897 1241 910 ·

173 961 270 1011 autem
285 946 378 1033 datio)
392 955 503 1028 proprie
519 955 547 1009 iu
563 947 625 1008 his²
640 953 723 1008 rebus
739 955 888 1026 contingit,
905 970 976 1027 quae
991 946 1139 1027 pondere‚³

173 1056 303 1102 numero,
332 1054 458 1095 merrsura
486 1045 630 1108 constant,
658 1038 746 1110 qualis
774 1047 817 1095 est
846 1040 960 1112 pecunia
988 1048 1138 1110 numerata,

174 1126 283 1193 uinum,
307 1122 413 1193 oleum,
430 1121 612 1193 trumentum,
628 1139 690 1195 aes,
706 1132 861 1195 argentum,
878 1138 987 1196 aurum3
1011 1139 1079 1195 quas
1095 1140 1139 1179 res
1154 1144 1209 1198 {2301

171 1219 220 1264 aut
235 1206 401 1264 numerando
417 1214 465 1262 aut
480 1205 616 1262 metiendo
632 1216 679 1263 aut
697 1207 840 1280 pendendo
861 1208 889 1262 in
909 1208 962 1263 hoo
976 1208 1085 1279 damus,
1109 1217 1141 1264 ut

173 1292 364 1365 accipientium
393 1289 460 1346 fiant
488 1298 516 1347 et
543 1290 708 1364 quaudoque
729 1292 809 1348 nobis
833 1308 888 1348 non
911 1286 1064 1363 'eaedem,4
1092 1292 1141 1348 sed

174 1370 266 1433 ’aliae5
281 1374 404 1432 eiusdem
419 1383 537 1431 naturae
552 1374 717 1431 reddantur:
734 1377 806 1432 unde
820 1378 900 1432 etiam
912 1385 1036 1433 mutuum
1050 1376 1141 1451 appel·

174 1461 257 1516 latum
274 1467 324 1530 est,
348 1461 411 1533 quia
435 1458 508 1532 quod
529 1459 566 1514 ita
582 1458 631 1515 tibi
646 1477 661 1516 a
676 1477 720 1516 me
735 1460 828 1516 datum
843 1469 901 1532 est,
923 1478 956 1517 ex
978 1478 1040 1517 mec
1062 1470 1142 1518 tuum

174 1538 231 1602 firi
274 1540 322 1600 ot.
344 1543 369 1598 ls
386 1559 505 1616 quoque,
522 1543 640 1616 quinon
661 1544 782 1600 debitum
797 1546 900 1619 accepit
916 1545 951 1608 ab¹
963 1563 1008 1616 eo,
1031 1548 1077 1618 qui
1091 1562 1143 1619 per

174 1645 296 1684 errorem
312 1626 407 1698 soluit,
422 1644 453 1682 re
466 1626 618 1700 obligatur3
636 1644 697 1684 uam
712 1629 829 1704 proinde
844 1631 868 1686 el
883 1629 989 1687 oondioi
1002 1637 1095 1702 potest
1111 1646 1142 1687 sr

174 1704 288 1769 ruunr⁷
305 1727 369 1770 nvn
383 1727 468 1768 nunu
482 1725 657 1787 oronrunn,
673 1728 704 1767 ac
717 1715 740 1767 si
757 1722 882 1769 mutuum
897 1716 1053 1787 accepisset.
1068 1713 1142 1771 uude

175 1796 283 1868 quidam
294 1803 402 1871 putant,
417 1795 551 1870 pupillum
562 1802 608 1850 aut
621 1795 771 1867 mulierem,
786 1797 829 1853 oui
840 1799 899 1854 sine
911 1800 1013 1855 tutoris
1025 1801 1142 1855 auctori-

176 1879 419 1937 tatenondebitum
431 1897 480 1954 per
491 1895 612 1937 errorem
624 1879 716 1936 datum
729 1890 782 1953 est,
794 1899 849 1938 uon
862 1884 950 1939 teneri
959 1883 1140 1955 condictione,

105 1963 114 1976 '
175 1982 231 2022 non
246 1966 333 2040 magis
348 1982 428 2040 quam
444 1966 530 2022 mutui
547 1964 667 2022 datione.
699 1966 746 2023 sed
763 1967 830 2024 haee
846 1968 951 2042 species
968 1967 1142 2042 obligationis

176 2067 232 2106 nou
254 2051 362 2106 uidetur
382 2067 415 2106 ex
436 2058 579 2107 contractu
603 2051 769 2122 consistere,
792 2054 854 2126 quia
880 2054 920 2124 is,
944 2053 992 2126 qui
1016 2052 1143 2109 soluendi

177 2135 266 2192 animo
282 2135 345 2205 dat,
368 2137 455 2210 magis
470 2135 622 2192 distrahere
638 2135 698 2191 uult
713 2138 855 2210 negotium
873 2153 955 2211 quam
970 2138 1142 2194 contrahere⁴

102 2228 158 2282 152.
217 2261 220 2268 .
241 2215 290 2279 92.
307 2218 400 2276 Verbis
417 2213 422 2297 Ι
439 2219 570 2294 obligatio
586 2217 616 2274 fit
631 2237 663 2274 ex
678 2221 897 2296 interrogatione
912 2231 940 2278 et
951 2224 1143 2296 responsione,

250 2369 271 2438 1)
283 2371 410 2422 Summam
420 2371 485 2420 dicit
494 2372 570 2420 etiam
581 2385 610 2420 eo
620 2379 748 2434 respectu,
759 2374 829 2438 quod
837 2373 963 2438 quaedam
973 2373 1144 2441 obligationes

175 2445 328 2492 accuratius
342 2457 396 2489 rent
410 2439 584 2488 tractantibus
597 2454 692 2488 rursus
706 2445 803 2488 similes
822 2451 920 2491 tantum
933 2447 986 2494 sint
1004 2446 1059 2503 tis,
1078 2459 1143 2508 quae

176 2529 213 2562 ex
227 2518 363 2562 contractu
378 2511 418 2558 oei
432 2523 466 2557 erc
481 2507 575 2557 delicta
590 2514 743 2557 nascuntur.
768 2510 803 2572 cf.
818 2511 842 2570 ὅ.
857 2520 891 2560 st.
966 2504 987 2573 ²)
1002 2515 1061 2574 tere,
1076 2515 1155 2578 quod.

177 2583 252 2633 addit
268 2582 307 2639 6.,
327 2588 398 2630 recte
418 2579 489 2628 deest
507 2580 534 2626 iu
553 2578 617 2628 Iust.
636 2579 702 2629 lust.
721 2595 814 2630 errore
832 2579 934 2628 scilieet
954 2587 1041 2628 natum
1056 2596 1090 2629 ex
1104 2599 1144 2628 eo-

178 2655 266 2719 queuti
280 2653 360 2702 rebus.
425 2645 446 2715 ⁸)
462 2665 508 2714 qua
522 2663 562 2698 ros
577 2650 684 2714 pondere
701 2651 727 2702 0,
745 2650 855 2716 (factum
869 2665 904 2698 eac
917 2651 1065 2713 antiquiore
1080 2651 1144 2700 vitio

176 2725 292 2775 alicuius
306 2729 376 2772 certe
390 2735 494 2770 seusus:
513 2735 579 2785 quan
591 2722 620 2770 de
635 2723 742 2785 pondere
753 2758 759 2770 .
771 2758 776 2770 .
788 2757 794 2769 .
806 2719 918 2785 constat).
938 2735 999 2783 quae
1013 2734 1053 2769 res
1068 2735 1091 2781 p.
1104 2721 1144 2768 ed.

178 2795 227 2860 Bg.
279 2791 301 2859 ⁴)
315 2792 360 2841 Eu
375 2792 439 2842 Inst.
455 2793 539 2843 eadem
555 2792 691 2858 aeassg.
743 2789 766 2856 ὅ)
780 2789 975 2855 alio0.ed.Bg.
1027 2785 1051 2855 8)
1065 2790 1106 2838 liat
1118 2791 1144 2838 0.

182 2867 239 2916 Nou
259 2863 458 2928 inprobabiliter
476 2864 519 2914 bic
537 2865 639 2914 excidit
656 2879 692 2913 eac
709 2863 774 2912 Inst.
793 2861 978 2926 supplendum
1002 2858 1049 2926 (at)
1070 2875 1098 2908 er
1116 2876 1146 2912 eo

179 2943 304 2987 contractu
319 2937 426 2985 nascitur
440 2936 512 2996 ectio,
527 2950 588 2998 qunc
603 2942 705 2984 uocetur
719 2934 861 2983 condictio·
877 2931 964 2982 Etiam
977 2931 1147 2995 Tbeopltiius:

180 3000 213 3058 ἐκ
228 3000 259 3058 di
274 3002 374 3058 coriaco
389 3007 444 3058 κτλ.
508 3003 528 3072 ⁷)
543 3013 625 3070 parret
641 3006 668 3056 O.

253 3145 297 3218 ἓξ.
313 3152 355 3202 88.
370 3152 411 3202 89.
430 3149 468 3213 Os.
480 3165 524 3213 pr.
539 3150 563 3210 §-
578 3159 599 3197 2.
618 3146 642 3196 I.
657 3148 690 3196 tie
704 3147 782 3214 ottig.
798 3146 831 3213 (s,
845 3143 890 3213 lt).
909 3145 980 3211 Epa.
995 3158 1016 3209 t,
1031 3158 1097 3209 apr.
1113 3145 1145 3198 L.

181 3235 202 3272 ι.
218 3237 262 3285 pr.
278 3223 300 3284 ς.
314 3218 336 3272 i.
356 3221 389 3270 D.
404 3221 436 3270 de
451 3219 500 3270 obi.
510 3226 595 3268 etaat.
607 3219 653 3285 (tt,
664 3217 696 3285 t).
760 3215 785 3288 §.
801 3221 844 3270 90.
859 3240 894 3261 =
904 3234 949 3282 pr.
963 3217 1065 3282 Lquib.
1080 3218 1146 3267 mod.

181 3289 416 3358 recontr.(tt‚1t).
448 3291 486 3354 Of.
502 3289 572 3353 Epa.
587 3302 608 3352 2,
623 3303 644 3343 9.
664 3293 687 3353 ἓ.
703 3304 723 3343 1.
743 3292 806 3342 L.1.
821 3292 844 3353 ὃ.
860 3303 880 3342 u.
899 3291 933 3342 Ι).
948 3289 1043 3339 deebi.
1058 3295 1146 3338 etant.

183 3361 276 3430 (tur).
311 3373 313 3382 ¹
349 3358 1146 3430 §.91.=§.1.I.eod.(s‚1t).(libuisltaeobt

181 3442 271 3484 etact.
288 3432 383 3499 (tta).
411 3434 434 3494 5.
449 3444 469 3484 o.
490 3432 559 3481 Lae
573 3431 622 3482 obt.
639 3451 661 3498 q.
679 3450 701 3499 q.
717 3451 752 3484 ex
766 3442 848 3485 contr.
864 3431 959 3499 (usta).
979 3431 1039 3483 L.5
1054 3447 1098 3494 pr.
1113 3430 1146 3481 D.

183 3506 215 3554 de
230 3511 298 3557 auct.
314 3511 338 3553 ct
353 3517 422 3554 cons.
440 3503 485 3567 (to,
499 3501 530 3568 s).
550 3502 582 3554 L.
596 3516 617 3555 4.
637 3508 661 3568 ξ.
675 3518 696 3557 4.
716 3507 749 3556 D.
765 3508 797 3556 de
815 3507 871 3556 doli
886 3521 944 3555 esca.
960 3502 1006 3569 (44,
1021 3501 1058 3568 t);
1073 3501 1147 3564 infra

181 3587 204 3637 4,
219 3586 239 3626 a.
254 3588 288 3625 41.
366 3571 450 3643 §.92
473 3574 510 3637 Of.
526 3573 596 3639 Epit.
612 3589 637 3641 t,
652 3590 672 3630 9.
687 3580 712 3641 §-
726 3590 746 3630 2.
763 3577 892 3643 pride
906 3576 975 3627 verb.
990 3574 1040 3625 obl.
1054 3572 1086 3640 (s¹
1102 3571 1145 3638 15).
