2542 3909
181 195 243 260 710
472 209 569 244 rasum
589 211 642 245 ivr.
662 209 724 243 soii.
743 207 832 244 varic.

180 331 255 384 inter
267 330 436 384 Diocletiani
454 332 483 384 et
495 330 667 400 collegarum
679 330 814 398 rescripta
825 329 887 382 loco
899 330 977 382 certo
989 327 1136 395 insignita,

180 413 252 464 quae
270 399 300 450 in
319 397 419 452 Codice
437 399 647 465 receptarunt,
670 413 760 464 paene
782 397 891 449 nullum
908 397 961 448 nisi
978 396 1007 447 in
1024 395 1137 447 oriente

180 465 278 518 datum
296 466 414 529 exstare,
433 464 499 518 licet
516 464 546 516 id
563 465 698 518 hactenus
709 466 820 517 tantum
832 480 929 516 rerum
941 464 987 525 sit,
1005 463 1038 514 ut
1048 460 1136 528 longe

179 530 263 599 plura
279 532 394 585 omentis
412 547 496 598 quam
519 531 671 585 occidentis
693 531 817 584 habeant
837 530 930 584 locum
952 528 1136 596 adscriptum,

179 597 361 651 memorabile
378 600 475 652 tamen
493 599 542 663 est,
560 600 590 651 in
607 597 745 651 Vaticano
763 600 836 652 inter
853 614 909 650 non
927 597 1017 649 multa
1032 595 1133 648 horum

180 665 340 733 principum
358 666 493 732 rescripta
510 681 558 718 sex
577 681 635 718 esse
648 665 677 717 in
689 664 798 728 Africa,
811 665 895 718 linha
906 663 951 717 vel
964 663 1056 718 Gallia
1066 661 1138 716 data

180 737 230 807 (ἐς.
244 738 284 784 41.
298 738 355 785 eil.
370 737 427 785 282.
441 739 498 788 292.
513 739 570 786 313.
585 738 668 795 alei:
688 747 723 784 ex
740 730 842 798 quibus
854 733 979 799 quinque
991 746 1055 783 cum
1072 745 1136 781 rur·

179 817 225 852 sus
243 800 339 852 sintin
350 800 394 853 tit.
407 799 442 854 de
455 799 664 862 donationibus,
682 799 740 851 iam
751 799 910 852 confectum
922 797 1043 861 videtur,
1059 796 1136 848 hunc

179 867 294 920 titulum
313 883 387 932 cuin,
406 882 491 934 quem
503 866 570 933 dixi,
589 866 718 919 habuisse
730 865 846 930 fontem,
864 880 983 930 eamque
995 866 1086 932 ipsam
1098 863 1136 916 ob

180 949 294 988 causam
317 933 381 986 huic
403 933 568 1001 praesertim
590 931 675 986 titulo
696 949 714 986 a
735 947 894 1000 possessore
917 929 1084 1000 Gregoriani
1105 930 1138 982 et

181 1000 276 1056 Herm,
301 999 409 1054 Codicis
433 999 713 1053 commemorationes
734 999 889 1067 adscriptas
911 1015 984 1060 esse,
1012 995 1136 1066 quodie

180 1067 295 1121 aliunde
317 1067 399 1120 huius
423 1067 502 1119 tituli
525 1067 737 1120 constitutiones
759 1067 899 1134 profectas
926 1081 986 1119 esse
1010 1078 1137 1141 comper-

179 1136 240 1188 tum
257 1134 384 1187 haberet.
416 1133 546 1188 Ceterum
564 1134 594 1187 et
609 1134 640 1186 iii
657 1133 719 1187 aliis
735 1133 825 1185 titulis
842 1131 982 1198 quaedam
1000 1132 1136 1198 rescripta

181 1203 212 1256 et
229 1201 350 1254 maxime
369 1200 483 1269 quidem
501 1202 566 1268 post
577 1200 784 1254 Diocletianum
797 1200 908 1265 emissa,
924 1200 1027 1276 inquo
1039 1197 1135 1251 saltim

101 1269 108 1282 '
180 1267 235 1322 Gre
257 1268 369 1321 orianus
386 1268 499 1331 desinit,
516 1267 629 1321 aliunde
647 1267 676 1320 in
695 1283 741 1320 eos
759 1268 868 1321 venisse
886 1265 1037 1320 verisimile
1057 1266 1108 1318 est.

270 1352 288 1386 x
305 1335 434 1388 lCtorum
451 1334 529 1388 libris
549 1350 615 1388 exce
653 1333 718 1386 endi
742 1335 772 1386 et
793 1336 926 1400 excerpta
947 1330 1135 1400 componendi

179 1418 239 1456 mos
262 1402 320 1455 sine
345 1401 430 1455 dubio
452 1402 516 1469 post
542 1402 631 1454 coristi
646 1401 773 1453 alionum
798 1400 978 1453 collectiones
1005 1399 1133 1452 invaluit.

179 1470 311 1522 Nostram
330 1468 525 1521 collectionem
543 1469 686 1520 continere
704 1468 790 1519 trium
802 1467 930 1521 ICtorum
948 1484 960 1518 s
982 1466 1063 1530 ecies,
1080 1464 1133 1518 Pa-

179 1536 295 1604 piniani,
309 1534 344 1587 Ul
365 1535 422 1587 iani
435 1536 465 1587 et
475 1534 577 1599 Paulli,
594 1535 669 1586 inter
686 1550 781 1586 omnes
799 1535 916 1591 constat.
977 1533 1031 1586 ude
1044 1533 1134 1600 suspi-

181 1602 240 1654 cari
251 1602 327 1664 licet,
345 1553 450 1654 tibrum
465 1601 547 1653 illum
559 1600 636 1663 iuris,
655 1616 740 1666 quem
752 1600 982 1654 Wettermannus
993 1599 1134 1653 referente

182 1667 287 1722 Olossio
315 1666 355 1733 (in
382 1668 530 1720 comment.
561 1667 660 1724 Annal,
688 1668 803 1735 Dorpat.
833 1668 864 1720 T.
891 1668 939 1720 ΙΙΙ.
962 1682 1006 1720 iio.
1033 1662 1132 1718 XXXI.

179 1753 207 1804 p.
228 1740 277 1789 289
291 1749 347 1801 seq.
365 1733 471 1788 inserta
487 1734 609 1802 indeque
628 1735 778 1802 separatim
791 1733 833 1787 ed.
846 1751 873 1801 p.
889 1740 929 1797 li)
947 1733 1040 1786 seculo
1054 1734 1134 1786 sexto

179 1802 289 1856 decimo
307 1801 464 1855 Moscoviao
487 1802 516 1855 in
535 1801 671 1856 Caesarea
691 1800 864 1854 bibliotheca
885 1801 965 1854 Ivani
982 1801 1036 1853 llll
1054 1800 1133 1854 Wac-

182 1869 366 1938 siljewitschii
384 1868 456 1922 vidit
473 1871 503 1922 et
521 1877 633 1936 ‘corpus
646 1868 767 1945 Ulpiani,
786 1868 826 1920 Pa
846 1866 942 1933 iniani,
962 1867 1043 1920 Pauli
1065 1869 1131 1923 etc?

179 1937 361 2004 nuncupavit,
381 1936 498 1990 eandem
516 1935 588 1989 hanc
601 1937 771 1988 continuisse
784 1949 816 1987 co
840 1935 987 1988 ectionem.
1019 1933 1093 1987 Nam
1104 1935 1135 1987 et

179 2005 209 2057 in
227 2004 278 2056 hac
297 2002 331 2055 de
355 2005 455 2071 quarto
473 2003 538 2057 ICto
561 2002 707 2054 dubitatur
727 2002 843 2069 propter
859 2006 899 2064 ἕξ.
915 2007 1037 2056 iro-ezr
1061 2015 1133 2068 quac

180 2086 244 2123 cum
263 2085 297 2122 ex
316 2069 375 2126 (ΙΙΙ),
395 2069 416 2126 Ι,
434 2069 469 2123 ΙΙ.
487 2069 535 2127 ΙΙΙ,
555 2069 589 2121 dc
608 2068 774 2122 interdictis’
792 2070 920 2135 sumptae
938 2068 1001 2132 sint,
1021 2067 1072 2120 sed
1083 2082 1133 2120 rio·

179 2135 812 2269 tratltuolutantittatuut
827 2134 1132 2268 litteratae

179 2271 296 2335 cedunt,
313 2221 427 2337 Ulpianpt
444 2270 515 2322 sunt.
550 2268 604 2321 Sed
622 2269 675 2322 hoc
691 2241 765 2322 attare
787 2242 843 2321 ndu
865 2219 971 2336 pettam
993 2285 1059 2323 nam
1079 2283 1132 2322 nec

180 2337 334 2405 Ulpianum
351 2336 478 2405 proprios
496 2336 531 2389 de
543 2336 701 2388 interdictis
714 2335 799 2388 libros
811 2335 952 2401 scripsisse
969 2337 1067 2389 notum
1080 2337 1131 2400 est,

179 2405 210 2458 et
227 2419 298 2470 quae
316 2404 346 2456 in
363 2407 386 2467 ξ.
405 2409 445 2457 90.
464 2404 498 2456 de
516 2401 667 2455 interdicto
685 2401 777 2464 ‘Quod
799 2401 968 2470 legatorum'
990 2404 1133 2472 profertur

181 2471 330 2534 sententia,
349 2470 375 2522 ei
392 2469 561 2523 contrariam
579 2469 680 2536 probat
692 2468 727 2521 Ul
747 2469 828 2521 ianus
845 2467 874 2521 L.
890 2475 912 2526 1.
931 2475 953 2534 ς.
967 2475 992 2523 8.
1010 2469 1043 2523 ii.
1056 2468 1133 2538 quod

179 2537 264 2604 legat.
285 2539 336 2612 (43,
349 2539 394 2613 3),
412 2535 537 2600 Accedit,
555 2535 630 2601 quod
647 2552 710 2588 cuni
722 2486 860 2588 tenuleio
873 2534 1030 2613 Saturnino,
1048 2551 1133 2604 quein

182 2620 278 2668 unum,
297 2619 321 2656 si
333 2605 481 2654 Arrianum
494 2602 643 2657 obscurum
661 2603 804 2655 auctorem
821 2618 973 2671 exceperis,
992 2603 1027 2657 de
1045 2605 1131 2657 inter-

181 2669 263 2722 dictis
280 2668 421 2736 scripsisse
444 2669 558 2732 scimus,
581 2668 753 2722 confidenter
775 2669 936 2723 abiudicare
957 2685 1039 2737 posse
1062 2671 1132 2725 istos

122 2786 124 2791 .
180 2735 331 2789 Vaticanos
348 2735 423 2788 locos
441 2736 640 2790 Buchholtaius
662 2736 715 2788 sibi
732 2735 808 2788 visus
825 2738 880 2802 est,
924 2752 1004 2790 arum
1020 2737 1050 2790 id
1068 2753 1131 2806 pro-

179 2802 319 2856 babilibus
332 2803 503 2878 argumentis
515 2803 614 2856 fecisse
627 2802 854 2870 deprehenditur.
913 2820 958 2857 am
970 2820 1022 2858 nec
1032 2820 1131 2858 verum

180 2871 231 2934 est,
251 2869 326 2938 quod
343 2873 384 2923 ait
400 2887 428 2937 p.
449 2875 522 2933 Μ,
540 2875 579 2935 9¹5.
600 2871 868 2946 suprascriptarum
886 2873 1029 2924 auctorem
1045 2872 1131 2925 inter-

180 2937 256 2990 dicta
278 2937 319 2990 ita
344 2937 478 2990 tractasse
501 2937 532 2989 ut
559 2937 725 2991 divisionem
747 2937 825 2989 illam
852 2939 1028 3005 sequeretur,
1055 2938 1131 3006 quod

179 3004 330 3058 interdicta
348 3003 394 3056 vel
412 3003 607 3080 adipiscendae
627 3003 673 3057 vel
690 3003 852 3056 retinendae
865 3004 911 3056 vel
922 3005 1130 3074 recuperandae

200 3071 362 3124 ossessionis
382 3071 446 3138 sint,
465 3071 494 3122 id
512 3071 587 3137 quod
604 3071 667 3139 ipsa
684 3086 727 3123 res
744 3071 898 3138 redarguit,
916 3088 968 3124 nec
988 3071 1131 3138 credibile,

207 3137 348 3192 enuleium
366 3153 400 3191 ex
417 3137 568 3206 partitione
586 3137 615 3190 in
633 3137 830 3205 prohibitoria,
848 3137 1022 3192 restitutoria
1039 3141 1069 3192 et
1086 3155 1132 3192 ex-

179 3205 313 3257 hibitoria
326 3205 438 3272 singula
448 3203 600 3257 interdicta
611 3204 785 3271 ineptissime
797 3206 975 3271 persecutum
985 3221 1052 3259 esse.
1070 3205 1130 3259 Iino

179 3271 347 3347 Vaticanum
366 3273 509 3324 auctorem
528 3271 613 3346 edicti
630 3271 761 3346 perpetui
778 3270 905 3348 ordinem
922 3275 1049 3326 secutum
1062 3288 1131 3337 csse,

178 3337 1131 3481 irrutilatrtaurianilririrtiislluitt

179 3471 310 3523 accurate
333 3473 407 3524 iuter
429 3486 458 3523 se
481 3471 590 3522 etcum
614 3471 711 3522 ordine
735 3470 820 3524 edicti
842 3471 1006 3537 contuleris,
1031 3473 1130 3526 fecisse

181 3535 408 3602 deprehenditur,
427 3536 565 3588 attamen
577 3535 728 3590 interdicta
740 3536 774 3590 de
787 3537 870 3590 rebus
882 3537 971 3592 divini
983 3542 1013 3593 et
1024 3539 1133 3607 publici
