2542 3909
568 204 655 241 wilt·
1030 191 1093 253 153

127 328 213 383 civili
230 326 324 380 simile
341 325 389 380 vel
406 324 541 380 dissimile
559 326 678 381 aliorum
701 328 870 397 populorum
890 328 934 383 ius
951 329 1094 385 afferendo

127 398 179 451 vel
198 393 390 462 comparando
408 398 444 459 (1,
462 400 503 447 55.
522 400 563 449 92.
585 400 641 453 193.
661 400 717 451 197,
736 402 818 461 1196.
838 403 894 451 134.
915 398 944 452 61
961 398 994 453 cf.
1007 397 1037 451 L.
1053 404 1091 453 13.

128 463 164 523 D,
184 462 234 519 fin,
254 477 313 530 reg.
335 468 374 525 10,
394 466 416 517 1.
434 460 464 514 L.
481 467 506 515 4.
524 460 557 515 D.
575 462 611 514 de
629 462 728 532 colleg.
746 469 787 529 42,
800 468 864 532 22),
881 464 924 518 ius
943 466 1029 519 etiam
1041 464 1094 519 La·

128 531 260 585 tinorum
272 528 487 582 coloniariorum
506 544 520 581 e
560 528 671 583 licando
692 533 727 595 (1,
741 537 781 585 19.
801 537 842 585 86.
860 536 902 587 86.
920 538 961 586 95.
974 540 998 597 3,
1013 538 1093 599 110),

129 596 293 667 peregrinis
310 596 379 663 quid
400 611 435 649 ex
452 597 513 648 1666
574 612 658 649 mano
675 597 761 651 liceat
783 598 830 653 vel
846 614 903 653 non
926 600 1022 665 liceat,
1048 600 1095 655 ad·

129 663 274 718 monendo
299 666 334 726 (l,
351 668 393 716 47.
412 668 512 719 61174.
531 670 571 719 93.
590 670 630 717 94.
649 671 673 729 2,
693 671 750 720 285.
769 672 795 730 4,
814 672 856 719 31.
878 672 961 732 ma),
980 667 1093 736 provin·

131 733 245 786 ciarum
263 733 293 784 et
309 730 409 783 Italiae
427 730 457 783 in
475 729 536 783 iure
554 730 632 784 civili
650 731 827 787 diversitates
846 733 1001 790 enarrando
1020 739 1055 800 (1,
1069 741 1093 789 6.

131 805 174 858 20.
194 802 339 853 100-102.
360 804 417 853 105.
438 802 496 851 183.
517 802 574 851 185.
594 804 651 851 197.
670 805 727 851 200.
746 805 770 864 2,
789 805 811 857 1,
829 806 870 855 21.
889 806 930 853 24.
945 808 985 858 27.
998 808 1040 858 31.
1052 807 1092 855 46.

130 872 175 921 63.
195 871 254 923 278,
272 870 298 928 3,
318 870 375 921 121.
389 870 445 918 122.
463 872 488 929 4,
503 866 584 931 1011).
613 864 775 933 Eodemque
793 866 926 934 pertinet,
945 868 1020 935 quod
1037 884 1094 922 666

130 932 220 987 modo
245 932 369 985 edictum
394 932 536 997 urbicum,
563 932 612 984 sed
639 933 726 986 etiam
748 933 919 1000 provinciale
942 950 971 987 se
993 936 1094 988 aratim

78 1020 121 1068 pr]
130 1000 244 1070 primus
260 1000 291 1052 et
307 998 383 1062 solus
398 1000 600 1067 interpretatus
613 1000 665 1063 cst,
678 1000 809 1067 quodque
821 999 947 1069 linguam
983 1016 1094 1055 raecam

130 1081 341 1197 6666666666)
358 1082 403 1185 6266
423 1067 609 1197 1663669161.
620 1073 653 1184 16,
671 1072 712 1185 {lb
728 1066 819 1187 &aba
839 1066 872 1119 D.
890 1066 1043 1199 1666161ἐ)1.
1061 1068 1092 1121 L.

203 1200 357 1254 Praeterea
367 1200 514 1269 ingenium
526 1198 665 1253 Graecum
697 1200 779 1266 rodit,
799 1151 983 1269 quogdnGair'rs,
997 1218 1094 1269 quam-

131 1272 179 1324 vis
196 1270 228 1322 et
246 1268 308 1335 1666
325 1268 369 1320 166
387 1272 420 1321 de
438 1267 498 1321 iure
516 1217 704 1334 respondenffi
722 1284 756 1321 ex
774 1270 943 1323 auctoritate
980 1269 1094 1338 rincipis

132 1338 172 1391 ab
190 1335 361 1403 imperatore
378 1335 478 1388 nactus
500 1350 560 1387 esse
580 1333 704 1387 dubitari
726 1350 782 1389 non
801 1335 928 1400 debeat·‚¹
971 1337 1094 1391 octrinae

132 1420 169 1458 66
180 1403 269 1456 libros
280 1400 427 1455 scribendo
439 1416 526 1469 quam
537 1400 597 1453 foro
611 1401 641 1455 et
652 1402 847 1471 respondendo
860 1418 889 1456 66
902 1404 970 1457 dare
983 1404 1093 1459 maluit.

132 1472 169 1526 In
190 1470 272 1522 libris
293 1470 389 1547 autem
410 1468 565 1547 scribendis
587 1483 691 1545 novam
715 1471 828 1523 omnino
856 1470 933 1524 viam
953 1471 1094 1539 ingressus

134 1536 1094 1681 111161611111611111111111111111111

134 1672 290 1742 plurimum
308 1670 443 1734 tribuens,
462 1669 555 1723 66116
573 1671 635 1723 toto
654 1671 793 1724 scribendi
811 1688 895 1740 opere
913 1670 1094 1741 bipertitione
1117 1693 1121 1701 ·

135 1738 261 1807 quadam
278 1752 374 1791 omnes
391 1738 460 1790 iuris
477 1736 577 1803 fontes,
596 1753 667 1805 quos
684 1740 752 1791 tunc
769 1738 824 1791 iuri
836 1754 952 1807 operam
964 1740 1094 1793 daturum

135 1806 259 1859 maxime
284 1820 365 1857 66666
392 1804 554 1873 oportebat,
582 1804 744 1874 complexus
770 1821 831 1860 esse
860 1807 1092 1875 deprehenditur:

136 1887 309 1941 quanquam,
329 1888 392 1924 cum
410 1872 547 1924 eiusmodi
563 1872 679 1939 partitio
696 1874 788 1926 totum
806 1873 877 1925 illud
896 1889 997 1927 aevum
1008 1874 1094 1927 tacite

136 1940 258 2008 regeret,
276 1940 362 1991 etiam
378 1940 468 2015 magis
484 1939 546 2006 ipsa
562 1954 593 1991 re
612 1956 696 2006 quam
715 1940 831 1993 consilio
848 1940 877 1992 in
896 1956 958 1993 eam
970 1940 1094 1994 incidere

136 2007 240 2076 potuit.
270 2005 369 2073 Itaque
381 2006 493 2074 sempsit
509 2005 546 2058 ad
556 2005 635 2073 leges
647 2006 701 2059 XII
712 2007 884 2069 tabularum,
898 2008 1001 2061 veteris
1019 2006 1095 2073 iuris,

138 2076 168 2128 et
184 2075 220 2127 ad
238 2073 331 2142 legem
343 2073 442 2125 Iuliam
460 2075 490 2126 et
500 2071 627 2140 Papiam,
646 2072 713 2126 novi
729 2073 797 2126 iuris
809 2074 899 2127 civilis
916 2074 1095 2142 potissimum

136 2140 254 2196 fontem.
290 2140 494 2208 interpretatus
518 2140 588 2192 item
611 2141 656 2192 est
678 2139 801 2192 edictum
818 2141 982 2207 utrumque,
1004 2140 1034 2193 id
1053 2146 1095 2193 est

137 2209 266 2263 urbicum
279 2209 308 2261 et
319 2207 503 2276 provinciale:
520 2206 574 2259 hac
585 2206 665 2274 parte
679 2205 765 2259 etiam
776 2206 923 2275 propalam
935 2207 1095 2261 Labeonem

138 2292 190 2343 pro
207 2276 318 2327 mutata
334 2290 428 2327 rerum
445 2273 608 2328 condicione
626 2274 760 2337 imitatus,
781 2274 829 2342 qui
847 2272 883 2326 ad
902 2272 994 2327 edicta
1010 2274 1095 2327 Prae-

138 2342 207 2395 toris
223 2340 324 2395 urbani
345 2343 375 2393 et
394 2341 538 2418 peregrini
562 2342 699 2409 separatis
721 2340 799 2393 libris
822 2338 972 2409 scripserat
988 2340 1032 2409 (L.
1056 2348 1095 2395 19.

138 2408 173 2462 D.
191 2408 226 2462 de
244 2409 321 2462 verb.
338 2408 430 2485 signif.
448 2414 491 2472 50,
511 2413 550 2465 16.
569 2407 600 2461 L.
619 2415 644 2463 9.
664 2412 689 2474 ᾗ.
708 2414 733 2462 4.
752 2407 786 2461 D.
804 2408 839 2462 de
858 2407 912 2461 dol.
931 2409 997 2465 mal.
1014 2414 1040 2474 4,
1059 2412 1094 2475 3).

138 2476 267 2543 Denique
284 2476 327 2528 ius
344 2476 436 2539 civile,
455 2475 531 2552 quod
549 2490 583 2529 cx
601 2475 740 2545 responsis
757 2475 940 2544 prudentium
965 2475 1094 2543 fluxerat,

138 2544 244 2611 partim
260 2542 395 2595 traditum
412 2542 491 2595 libris
510 2559 544 2595 ex
562 2541 593 2607 Q.
611 2543 721 2597 Mucio²
738 2543 834 2607 factis,
859 2544 908 2612 qui
925 2544 1032 2612 primus
1050 2545 1094 2599 ius

140 2610 222 2663 civile
234 2609 419 2664 constituerat
431 2608 475 2676 (L.
488 2615 511 2662 2.
525 2614 549 2673 §-
558 2615 599 2663 41.
613 2608 647 2667 D.
660 2612 695 2663 de
708 2611 777 2679 orig.
788 2611 840 2664 iur.
855 2616 878 2676 1,
891 2616 918 2676 2)
933 2610 1094 2689 additoque,

140 2678 171 2730 61
187 2677 237 2730 1116
254 2677 309 2730 alio
327 2678 438 2730 tantum
455 2676 568 2730 nomine
582 2670 680 2745 (ὅρων)
693 2677 807 2742 fecerat,
822 2677 897 2731 libro
910 2678 1047 2748 singulam
1060 2680 1094 2733 dc

138 2744 255 2814 regulis,
271 2745 375 2812 partim
393 2744 453 2798 arte
471 2744 594 2812 quadam
612 2745 797 2814 compositum
815 2745 977 2814 regularum
995 2746 1096 2813 1111616,3

212 2900 233 2969 ¹)
247 2903 305 2953 Nam
320 2905 470 2966 Digestorum
489 2904 662 2967 compositores
678 2920 706 2954 66
721 2905 759 2953 661
773 2910 836 2965 6661,
851 2904 936 2967 quibus
951 2906 1095 2957 lastinianus

139 2977 305 3038 imperaverat,
313 2983 338 3025 61
347 2990 389 3023 666
399 2982 489 3024 tantum
498 2975 647 3037 adhiberent,
659 2973 756 3039 ‘quibus
766 2976 931 3025 auctoritatem
939 2978 1094 3025 conscriben-

140 3046 222 3095 darum
231 3046 509 3110 interpretandarumque
519 3046 596 3107 legum
606 3046 763 3095 sacratissimi
774 3046 894 3108 principes
906 3045 1093 3108 praebuissent'.

141 3113 161 3182 ²)
176 3116 237 3177 Non,
251 3124 277 3166 ut
291 3117 353 3166 illius
369 3123 393 3164 et
406 3117 528 3179 sequentis
544 3117 596 3165 aevi
610 3117 655 3165 viri
669 3114 826 3184 πρακτικοί,
841 3116 872 3166 ad
887 3116 1012 3177 Sabinum,
1028 3117 1096 3165 lasti·

140 3187 227 3250 dicate,
241 3194 267 3236 61
280 3194 347 3250 6616,
362 3186 415 3235 Gaii
428 3188 497 3248 genio
514 3184 686 3237 ‘delerameuta
700 3184 843 3237 Masuriana’
861 3184 951 3250 (Front.
968 3200 1005 3249 ep.
1020 3186 1050 3235 ad
1065 3187 1093 3233 ll.

140 3257 206 3307 Caes.
222 3270 244 3320 a,
258 3256 290 3323 1.)
304 3259 320 3307 i.
336 3272 357 3307 e.
373 3272 470 3307 casuum
488 3271 561 3320 super
579 3272 650 3308 casus
665 3257 882 3317 coacervationem,
904 3256 966 3305 nulla
981 3256 1095 3305 naturalis

139 3343 217 3378 rerum
232 3329 324 3379 ordinis
338 3329 430 3377 ratione
445 3328 538 3389 habita,
557 3329 620 3391 quod
640 3345 714 3392 genus
729 3328 849 3377 scribendi
865 3327 947 3377 Sabini
960 3327 1016 3377 libri
1037 3326 1096 3374 iuris

141 3400 215 3449 civilis
229 3400 383 3451 desiderasse
396 3399 513 3448 videntur.
537 3398 595 3447 Nam
607 3399 679 3451 Gaius
695 3398 774 3450 omnia
788 3398 817 3447 ad
832 3412 918 3459 genera
929 3414 971 3448 sua
982 3408 1096 3446 revocare

140 3471 248 3535 malebat,
262 3478 289 3521 61
302 3471 330 3529 Q.
345 3469 436 3519 llucius
450 3472 547 3519 lecerat.
591 3465 612 3533 8)
628 3471 672 3522 1116
687 3482 781 3535 666666
796 3468 910 3517 librorum
925 3470 1006 3519 titulus
1020 3476 1098 3531 paene

140 3555 211 3593 novus
226 3550 278 3592 erat
291 3555 336 3591 nec
351 3546 419 3589 antea
434 3557 446 3589 a
461 3552 581 3606 qucquam
595 3541 642 3592 nisi
657 3559 670 3593 a
684 3539 780 3593 Neratio
796 3538 877 3588 Prisco
893 3547 1029 3605 usurpatus.
