2542 3909
162 195 204 253 20
506 195 533 227 m.
553 191 664 227 uvmvs
682 190 783 227 (ιιΟΕιιΟ.

224 319 252 379 3.
276 321 313 377 Α.
339 320 399 375 Non
419 317 513 375 dubito
532 318 559 373 id
581 316 704 391 quidem3
725 317 774 372 sed
795 318 862 373 haec
880 318 930 372 iam
946 312 1022 392 (non)
1038 332 1071 373 ex
1086 326 1123 389 te,

162 408 269 476 Quinte,
286 419 398 478 quaero,
419 418 514 457 uerum
529 418 562 456 ει
576 402 636 473 ipso
652 405 741 472 poeta,
757 401 833 455 tuine
847 416 943 456 uersus
960 401 1028 457 hauc
1042 418 1124 474 quer·

162 507 222 547 cunr
238 488 369 558 seuerint‚
385 503 418 542 an
432 489 469 541 ita
483 485 584 541 lactum
599 484 632 539 de
647 483 739 555 Mario,
756 492 785 539 ut
801 483 906 554 scribis,
922 486 1067 558 acceperis.

224 571 357 627 Marcus.
386 567 565 643 Respondebo
588 567 638 624 tibi
660 568 793 641 equidem,
815 568 863 623 sed
885 585 941 623 nou
962 577 1024 624 ante
1046 585 1126 642 quam

162 657 226 712 milri
236 662 268 710 tu
283 656 340 727 ipse
351 652 535 727 responderis,
552 653 650 723 Attice,
667 660 760 708 certen
771 647 848 723 (non)
859 652 969 725 longua
986 652 1039 707 tuis
1055 653 1127 710 aedi·

161 737 211 795 bus
235 737 401 794 inambulans
423 745 487 812 post
508 752 646 793 excessum
668 752 746 793 suum
768 734 899 791 Romulus
919 734 1036 793 Proculo
1057 736 1126 793 lulio

98 882 103 893 ,
131 824 142 839 “
161 822 259 879 dixerit
280 839 309 877 se
330 821 410 879 deum
430 837 491 877 esse
506 829 534 877 et
548 819 689 889 Quirinum
703 822 796 877 uocari
812 820 997 893 templumque
1014 820 1065 877 sihi
1080 820 1127 887 de,-

162 906 245 963 dicari
260 908 287 961 in
303 922 335 962 eo
350 905 412 965 loco
428 906 548 976 iusserit,
564 913 593 961 et
607 920 738 962 nerumne
749 906 795 976 sit,
811 913 842 961 ut
853 904 965 961 Athenis
975 920 1032 961 non
1043 904 1127 977 longe

161 992 225 1047 item
247 998 323 1046 atua
336 990 382 1047 illa
403 992 512 1064 antiqua
531 989 612 1045 domo
629 988 777 1061 Orithyiam
792 987 890 1061 Aquilo
909 989 1067 1061 sustulerim
1087 990 1128 1045 sic

163 1077 234 1129 enim
249 1084 291 1130 est
307 1075 443 1131 traditum.

224 1156 255 1215 4.
279 1159 313 1213 Α.
336 1158 471 1225 Quorsum
486 1157 593 1213 tandem
608 1165 655 1212 aut
670 1151 719 1212 cur
733 1158 769 1211 ita
785 1156 909 1230 quaeriel

226 1241 267 1297 M.
290 1241 360 1299 Nihil
375 1258 451 1313 sane,
467 1242 519 1295 nisi
529 1257 563 1296 ne
575 1242 653 1296 nimis
665 1240 810 1315 diligenter
821 1240 942 1314 inquiras
959 1242 986 1296 iu
1000 1256 1040 1312 ee,
1058 1256 1127 1315 quae

165 1329 218 1383 isto
235 1325 316 1382 modo
332 1327 476 1383 memoriae
491 1326 545 1381 sint
560 1324 677 1399 prodita.

226 1410 260 1468 Α.
284 1411 366 1483 Atqui
382 1409 466 1465 multa
484 1418 651 1483 quaeruntur
666 1408 800 1477 iuliano,
825 1406 922 1463 liciano
935 1424 969 1464 au
984 1410 1127 1478 neronior,

164 1503 191 1549 et
206 1511 221 1549 a
235 1510 290 1549 non
305 1493 397 1564 nullis,
413 1492 493 1565 -quod
513 1501 542 1547 et
555 1495 584 1547 iu
598 1496 701 1547 receuti
715 1493 842 1546 memoria
858 1500 885 1547 et
899 1493 927 1547 iu
941 1493 1063 1565 Arpinati
1077 1492 1127 1549 ho·

164 1580 236 1634 miue
252 1593 370 1648 uerrere,
387 1577 488 1632 ueritas
504 1594 518 1631 a
536 1584 563 1631 te
577 1575 741 1648 postulatur.

226 1661 267 1721 M.
291 1659 325 1716 Et
346 1676 388 1716 mc
411 1660 521 1716 hercule
544 1676 596 1733 ego
620 1676 662 1715 me
685 1661 763 1732 cupio
786 1675 841 1715 non
858 1660 1011 1717 mendacem
1026 1660 1126 1734 putari,

164 1744 211 1800 sed
228 1752 317 1800 tamen
333 1741 410 1817 (non)
427 1744 494 1800 nulli
508 1745 568 1813 isti,
592 1743 652 1798 Tite
667 1752 777 1815 noster,
797 1743 899 1799 faciunt
919 1745 1057 1817 imperite,
1080 1747 1127 1818 qui

163 1831 191 1885 iu
206 1831 260 1885 isto
275 1828 396 1902 periculo
411 1844 468 1883 non
483 1836 514 1883 ut
527 1824 567 1900 (a)
583 1832 679 1900 poeta,
700 1827 748 1883 sed
764 1835 793 1882 ut
807 1844 823 1882 a
838 1836 908 1885 teste
923 1828 1065 1885 ueritatem
1081 1845 1127 1884 ex-

163 1915 254 1986 igant3
270 1928 320 1967 nec
335 1911 440 1983 dubito,
456 1913 522 1985 quin
533 1911 602 1969 idem
614 1920 642 1967 et
653 1928 714 1968 cum
725 1904 820 1985 Egeria
830 1912 1004 1969 conlocutum
1015 1912 1126 1969 Numam

164 2005 192 2051 et
207 1996 239 2053 ah
254 1996 341 2069 aquila
356 1996 502 2069 Tarquinio
518 1997 619 2069 apicem
632 1996 781 2068 inpositum
796 2004 902 2068 puteut.

226 2076 253 2139 5.
276 2079 308 2147 0.
331 2079 463 2154 intellego
479 2089 517 2151 te,
533 2079 625 2147 irater,
641 2079 704 2137 alias
718 2082 746 2135 in
760 2079 875 2137 historia
889 2079 966 2154 leges
981 2079 1126 2137 obseruan-

164 2165 210 2221 das
226 2174 331 2239 putare,
347 2164 412 2221 alias
426 2166 455 2222 in
469 2170 609 2239 poemate„

227 2250 269 2307 M.
293 2248 396 2323 Quippe
412 2266 473 2306 cum
488 2250 516 2306 in
530 2249 575 2303 illa
592 2243 706 2324 (omnio)
722 2247 755 2303 ad
767 2250 920 2319 ueritatem,
935 2246 1042 2317 Quinte,
1058 2248 1128 2305 relc-

164 2342 269 2409 rautur,
284 2335 312 2389 iu
327 2334 380 2389 hoc
395 2332 427 2387 ad
443 2332 649 2389 delectationem
664 2333 805 2405 pleraque:
828 2348 989 2406 quemquam
1008 2340 1036 2386 et
1055 2332 1126 2403 apud

165 2416 344 2485 Herodotum,
360 2426 464 2490 patrem
479 2415 618 2483 historiae,
635 2424 664 2471 et
677 2415 748 2489 apud
758 2416 962 2490 Theopompum
972 2422 1037 2471 sunt
1047 2416 1127 2471 innu-

164 2499 305 2557 merabiles
320 2498 434 2557 lahulae.

227 2584 260 2640 ll.
283 2584 316 2641 A.
340 2584 431 2639 Teneo
447 2600 524 2658 quam
540 2584 664 2658 optabam
680 2586 847 2641 occasionem
863 2601 953 2657 neque
966 2585 1099 2645 omittam.

227 2668 268 2728 M.
292 2666 377 2735 Quam
392 2668 509 2740 tandem,
524 2668 601 2725 'litei

229 2752 264 2809 Α.
287 2751 446 2808 Postulatur
460 2770 475 2808 a
491 2761 517 2809 te
530 2754 583 2809 iam
598 2753 645 2809 diu
666 2753 712 2809 nel
733 2752 870 2827 llagltetur
891 2755 983 2827 potius
998 2753 1126 2817 historia;

166 2838 205 2892 sie
219 2837 290 2893 enirn
304 2844 409 2909 putant,
425 2843 452 2892 te
467 2835 539 2893 illam
555 2845 687 2893 tractante
701 2836 773 2894 ellici
786 2853 876 2911 posse,
892 2845 924 2892 ut
937 2839 966 2894 in
981 2839 1034 2894 hoc
1047 2838 1128 2893 etiam

166 2935 267 2993 genere
282 2919 407 2977 Graeciae
421 2921 488 2977 nihil
504 2920 641 2979 cedamus.
670 2929 752 2995 atque
768 2932 798 2977 ut
812 2920 915 2993 audias,
930 2921 993 2995 quid
1006 2937 1059 2993 ego
1069 2923 1127 2995 ipse

166 3004 290 3074 sentiam,
306 3020 363 3061 non
378 3004 465 3061 solurn
481 3006 546 3062 mihi
560 3005 662 3063 uideris
678 3021 773 3062 eorum
787 3005 895 3077 studiis,
910 3006 957 3079 qui
971 3005 1071 3062 litteris
1082 3005 1128 3061 de·

166 3088 309 3164 lectautur,
332 3089 379 3145 sed
401 3091 481 3147 etlam
501 3092 601 3164 patriae
622 3089 721 3147 dehere
740 3090 793 3147 hoc
812 3106 925 3161 munus,
946 3098 977 3145 ut
997 3106 1036 3159 ce,
1060 3106 1128 3164 quae

166 3172 242 3229 salua
256 3189 306 3246 per
321 3181 349 3229 te
364 3182 414 3245 est,
430 3192 480 3248 per
496 3183 522 3231 te
537 3174 653 3231 cundem
668 3176 706 3231 sit
717 3183 830 3244 ornata;
845 3173 921 3231 abest
932 3175 1004 3231 enim
1014 3175 1129 3231 historia

165 3256 264 3313 litteris
286 3258 398 3331 nostris,
422 3268 452 3315 ut
473 3265 501 3315 et
523 3260 582 3333 ipse
603 3257 735 3332 intellego
753 3267 782 3315 et
803 3276 836 3315 ει
850 3268 879 3313 ιε
892 3274 1024 3332 persaepe
1037 3259 1126 3315 audio.

165 3348 245 3413 potes
257 3350 346 3398 autem
357 3348 388 3398 tu
397 3343 522 3417 prolecto
533 3344 599 3399 satis
611 3343 700 3399 lacere
710 3345 737 3398 in
749 3359 790 3412 ca,
805 3345 906 3417 quippe
923 3358 984 3399 cum
1000 3344 1037 3399 sit
1049 3359 1127 3415 opus,

167 3434 196 3480 ut
220 3426 267 3481 tihi
290 3426 398 3501 quidem
420 3428 507 3483 uideri
529 3426 615 3498 solet,
644 3443 727 3482 uuum
755 3428 809 3482 hoc
836 3428 985 3482 oratorium
1007 3429 1126 3483 maxime.

165 3503 192 3567 6.
215 3526 294 3584 quam
310 3511 417 3568 obrem
433 3509 591 3583 adgredere,
612 3524 785 3583 quaesumus,
806 3518 834 3565 et
848 3525 925 3565 sume
940 3510 972 3565 ad
988 3511 1058 3567 hanc
1071 3527 1128 3567 rem
