2542 3909
177 161 237 224 738
404 177 503 214 aneu.
523 177 577 214 ava.
596 177 660 214 nou.
679 177 765 214 vanc.
786 165 899 213 'lo-72.

68 306 159 385 a'ii’ir
235 303 284 365 70.
301 299 365 379 1(1.)
383 306 415 363 Si
424 306 514 378 fundi
525 306 711 379 ususfructus
722 306 816 379 fuerit
825 309 949 380 tapetas,
961 312 990 364 et
1001 310 1038 363 sii
1049 323 1130 381 aper,

67 391 100 426 aa
110 391 162 428 ⁸⁴⁴⁸·
174 393 249 449 unde
260 395 331 463 palo
341 394 370 446 in
379 390 512 462 fundum,
529 395 613 448 euius
624 389 814 462 ususfructus
828 392 942 464 lepatus
954 398 1006 463 esi,
1022 393 1130 448 solebat

69 468 465 548 [1³]s⁸·a·paterfamitiasati,
488 476 535 532 uei
549 477 651 549 salice,
667 477 713 530 uel
729 476 887 531 arundine.-
900 481 972 546 puto
989 470 993 550 i
1009 473 1128 531 fructua-

81 546 153 612 ΗΓ·
174 561 244 615 rium
258 560 389 615 tractemus
405 551 447 614 uti
458 573 558 630 posse,
573 574 610 614 ne
625 575 666 615 ea
681 573 713 614 eo
728 560 850 622 uendal,·
871 562 929 614 nisi
939 557 1020 629 forte
1034 561 1132 615 salicti

175 646 211 714 ei,
227 645 272 698 uel
287 644 379 700 uiuae
391 643 514 714 potaris,
536 641 581 699 uei
595 641 748 698 arundineti
764 641 936 698 ususfructus
952 645 989 698 ait
1002 644 1131 715 leuatus.-

174 734 242 783 tunc
258 729 331 783 enim
346 733 374 782 et
388 726 515 781 uendere
527 731 631 797 polesi.
665 743 732 781 nam
747 732 776 781 et
793 725 946 783 Trebatius
958 727 1067 793 scribit,
1082 726 1129 782 sil-

174 826 234 866 uam
244 809 372 866 caeduam
384 823 467 882 posse
475 807 674 880 fructuarium
685 809 818 878 caedere,
831 812 905 865 siaiu
912 809 1131 882 paterfamilias

174 894 322 950 caedebat.
335 892 412 964 Item,
424 901 455 948 ut
467 893 656 949 arundinetum
668 891 793 962 ’caetui
805 894 903 965 quode
912 907 1020 964 penore
1026 901 1129 965 pater-

170 977 302 1050 familias
317 992 385 1034 sucs
399 969 510 1045 alebat,²
525 993 592 1048 aaa,
608 985 684 1049 puto,
705 975 884 1049 'prohibitum
929 975 1004 1044 Quin
1020 983 1049 1034 et
1062 992 1127 1034 cae-

173 1077 235 1117 sum
247 1062 373 1118 uendere
386 1064 502 1131 poterit,
518 1053 698 1134 quanquam³
709 1059 927 1132 paterfamilias
937 1062 1064 1117 uendere
1075 1076 1131 1116 aon

174 1141 285 1206 solebat,
301 1143 349 1200 sed
364 1145 423 1218 ipse
438 1137 504 1200 uti.⁴
533 1145 699 1202 admodum
714 1147 788 1200 enim
803 1143 989 1216 referendum
1003 1151 1056 1212 eei,
1071 1161 1129 1202 non

174 1230 214 1285 ad
227 1230 392 1300 qualitatem
406 1229 511 1284 utendi.
554 1222 613 1302 (2.)
634 1228 744 1284 Cassius
758 1221 862 1283 autem⁵
876 1227 1068 1300 ususfructus
1080 1231 1129 1285 sil·

173 1327 231 1371 uae
245 1314 376 1369 caeduae
392 1314 523 1383 exempto
538 1313 636 1384 definit
652 1315 737 1369 etiam
755 1312 896 1367 seminarii
912 1327 1022 1386 quoquc
1036 1328 1129 1369 asum·

173 1397 302 1453 iructum.
344 1396 438 1468 itaque
459 1399 485 1452 si
505 1399 662 1452 seminaria
684 1413 703 1452 a
720 1395 939 1466 patrefamilias
959 1399 1131 1454 conserendi

175 1487 278 1535 lantum
293 1480 352 1552 agri
367 1494 449 1535 causa
464 1478 540 1536 iacta
555 1481 620 1548 sini,
642 1481 794 1536 dicendum
808 1493 873 1537 esse
887 1483 936 1546 ait,
960 1495 1025 1536 cum
1039 1495 1079 1538 ex
1093 1483 1129 1536 iis

174 1569 357 1630 conseratur,
380 1565 465 1617 etiam
487 1563 608 1619 arbores
629 1562 784 1618 demortuus
806 1561 839 1618 ad
861 1560 1048 1620 fructuarium
1058 1579 1129 1636 per-

173 1650 275 1716 tinere,
296 1660 370 1718 quae
385 1646 494 1718 alioqui
507 1649 583 1702 sicut
596 1647 709 1717 lapides
723 1651 883 1718 ceteraeque
897 1648 1037 1718 materiae,
1060 1652 1128 1720 qaia

171 1733 202 1786 in
214 1728 318 1800 fructu
333 1745 389 1784 non
410 1736 492 1799 sunt,
514 1732 656 1787 dominum
673 1732 863 1801 proprietatis
877 1738 1046 1803 sequuntum
1069 1725 1128 1809 (Β.)

171 1811 305 1886 Numquid
320 1815 416 1886 ipitur‚
436 1816 462 1868 si
474 1818 658 1870 seminarium
672 1830 730 1869 non
745 1817 792 1882 sit,
807 1815 959 1870 dominium
973 1829 1075 1872 earum
1090 1817 1130 1871 ad

169 1898 389 1970 proprietarium
404 1905 524 1970 spectet,
547 1905 577 1953 ut
593 1899 722 1969 lapidum
737 1902 978 1971 caeterarumque
991 1903 1126 1956 materia·
1138 1907 1198 1954 [64³]

165 1999 245 2052 rum,
261 1984 365 2053 quaeri
377 1987 479 2051 polest.
515 1980 657 2037 Trebatius
672 1989 761 2037 autem
775 1981 951 2053 simpliciter,
967 1985 994 2039 si
1007 1983 1128 2040 arbores

172 2069 202 2122 in
217 2083 288 2140 apra
310 2066 476 2121 demortuae
497 2069 564 2134 sint,
587 2080 647 2121 esse
669 2080 713 2120 eas
735 2063 892 2136 fructuarii,
913 2068 1126 2140 cauendumque

172 2167 235 2207 eum
251 2149 326 2205 alias
337 2149 477 2206 adserere
491 2149 602 2205 scribit.
640 2141 729 2224 [tuf
744 2141 802 2224 (1.)
817 2148 975 2220 Dabenoi,
998 2149 1124 2206 ’fructua-

171 2235 241 2288 rium
256 2231 287 2287 ad
304 2236 452 2288 materiam
473 2239 560 2304 aplos
574 2232 696 2289 arbores
709 2234 740 2289 in
754 2249 827 2305 apro
841 2233 1006 2290 demortuus
1023 2225 1125 2306 usque²

246 2388 266 2456 ¹)
278 2390 328 2440 Est
336 2390 368 2438 Ia
379 2403 398 2441 9.
414 2392 437 2452 ς.
448 2402 467 2441 τ.
488 2391 519 2442 D.
535 2392 567 2440 de
581 2393 665 2454 usufr.
681 2388 713 2456 (t,
723 2389 746 2455 1)
756 2393 865 2455 paulum
877 2399 982 2443 mutata.
1038 2387 1059 2458 ¹)
1075 2391 1124 2442 Re·

172 2463 246 2510 sta'lua'
258 2461 408 2509 sententiam
421 2476 456 2509 esc
467 2461 560 2511 Cotum.
571 2473 592 2518 t,
602 2473 622 2512 a.
637 2464 660 2523 §-
672 2473 692 2512 t.
717 2459 810 2511 Oriens
823 2462 892 2512 bunc
901 2463 1041 2513 arundinis
1054 2477 1126 2512 usum

171 2532 275 2581 uidetur
289 2531 433 2594 ipnorasse.
461 2531 547 2581 Aliter
562 2531 738 2581 Mommsenus.
812 2527 968 2596 ⁸)Restitui.
998 2548 1045 2582 noa
1058 2538 1124 2596 puio.

171 2601 312 2650 Prohibetur
326 2601 383 2649 edd.
434 2597 456 2666 ⁴)
471 2601 503 2650 Iu
513 2602 573 2666 Dip.
584 2609 636 2650 est:
653 2599 723 2651 ‘narn
737 2609 763 2651 et
775 2601 910 2652 Trebatius
918 2602 1018 2662 scribit,
1031 2604 1125 2652 siluam

170 2671 293 2721 caeduam
307 2677 332 2720 et
345 2672 526 2722 arundinetum
540 2686 617 2734 posse
629 2673 807 2735 fructuarium
821 2674 942 2730 caedere,
956 2676 1025 2723 sicia
1033 2680 1124 2736 pater·

170 2742 285 2792 familias
299 2741 428 2801 caedebat,
444 2749 468 2791 et
482 2743 602 2803 uendere,
618 2744 679 2792 licet
688 2743 883 2806 paterfamilias
896 2743 1124 2793 mansolebutuen·

170 2812 232 2861 dere
246 2811 293 2860 sed
306 2813 360 2874 ipse
371 2809 428 2860 uti.'
477 2808 498 2878 ⁶)
510 2811 649 2875 Sequentia
658 2813 695 2861 ad
702 2827 803 2862 sensum
811 2814 922 2862 restitui.
943 2813 981 2876 Of.
992 2814 1024 2862 L.
1035 2824 1055 2865 t.
1070 2815 1093 2875 5.
1102 2824 1123 2864 s.

169 2882 201 2931 L.
217 2893 249 2933 ia.
266 2881 296 2930 L.
312 2892 338 2933 aa
349 2898 392 2945 pr.
407 2883 440 2931 D.
455 2883 487 2931 de
501 2882 585 2944 asafr.
600 2882 632 2947 (a,
648 2882 678 2947 1).
697 2882 730 2932 L.
746 2883 779 2935 ai.
804 2883 837 2932 Ι).
851 2884 884 2932 de
898 2885 949 2933 iar.
964 2884 1016 2933 doe.
1031 2881 1076 2949 (aa,
1089 2883 1123 2947 s).

174 2953 253 3003 Vocis
266 2967 323 3002 usus
338 2954 446 3017 aesiipiu
460 2955 487 3002 ia
507 2953 533 3001 V
534 2951 553 3000 ὅ.
568 2961 674 3016 reperta
687 2962 754 3003 sunt.
806 2950 827 3019 ⁶)
842 2952 891 3003 Est
904 2953 936 3002 L.
951 2965 977 3004 12
986 2969 1031 3016 pr.
1048 2953 1081 3002 D.
1091 2954 1125 3003 de

169 3024 253 3086 atsufr.
265 3021 296 3086 (t,
307 3021 329 3086 1)
339 3015 385 3072 sed
399 3023 435 3071 ibi
444 3029 555 3079 mutata,-
569 3039 628 3073 nam
638 3025 731 3087 incipit
740 3023 790 3074 abe:
806 3020 963 3074 ‘Arboribus
975 3025 1073 3074 euulsis
1082 3025 1124 3072 uel

169 3096 197 3142 ui
208 3100 340 3143 uentorum
350 3093 456 3143 deiectis
465 3107 544 3157 usque
553 3095 590 3144 ad
599 3109 671 3143 usam
737 3101 827 3144 utatur
836 3093 1008 3160 iipno,Labeo
1016 3091 1065 3143 uit'
1074 3101 1123 3144 etc.

171 3161 190 3228 7)
205 3164 359 3212 fructuarium
374 3163 442 3212 adm.
452 3198 458 3212 .
468 3199 504 3213 ...
520 3165 542 3224 ς.
554 3176 587 3216 71.
606 3165 673 3214 item.
688 3163 752 3229 (Sed
763 3165 822 3214 itam
835 3179 887 3214 non
900 3172 939 3214 eet
953 3167 980 3214 in
999 3163 1027 3212 V
1028 3163 1051 3230 δ)
1078 3163 1126 3213 aa

168 3235 237 3282 silua
252 3234 351 3282 caedua
365 3247 439 3296 usqua
454 3234 493 3282 ed.
503 3233 596 3284 Hollw.
622 3235 691 3284 Mili
700 3241 797 3284 certum
811 3242 856 3294 est,
870 3250 961 3285 nouum
974 3241 1125 3298 excerptum

168 3304 211 3352 llic
225 3318 276 3352 aon
291 3304 416 3365 caepisse,
436 3318 526 3352 novam
544 3307 694 3354 sententiam
712 3320 773 3355 aero
792 3307 844 3355 iam
858 3312 918 3356 anie
930 3321 953 3354 a.
968 3305 1124 3355 lrucluarium

168 3387 288 3422 exorsum
307 3387 368 3421 esse.
398 3372 484 3422 Verba
504 3370 602 3424 ‘Labeo
621 3372 680 3432 ail',
702 3377 812 3439 quaein
826 3375 887 3442 Dip.
907 3379 933 3424 in
949 3375 1126 3438 puaperibus

168 3444 296 3506 lepuntur,
312 3441 355 3490 ubi
369 3457 399 3491 ea
414 3444 441 3491 in
461 3443 520 3491 Vat.
534 3459 624 3493 uersus
638 3460 688 3494 non
703 3447 786 3508 capit,
800 3453 860 3495 ante
875 3447 997 3509 ponenda
1015 3451 1041 3495 ei
1055 3459 1125 3495 com·

167 3510 310 3560 modiasinzc
324 3512 374 3560 lauc
389 3513 572 3575 transferenda
586 3521 673 3572 erant,
693 3514 737 3564 ubi
755 3517 854 3582 alioqui
870 3518 981 3580 matium
999 3514 1122 3565 abundat.
