2542 3909
182 125 246 187 164
387 75 393 89 ·
616 141 703 176 oarvs.

180 262 252 328 Quid
270 263 346 330 quod
360 269 382 322 1,
397 267 466 320 166².
484 261 624 315 rubricam
636 261 687 330 qui
697 262 791 330 posuit
803 262 849 316 ‘de
861 261 1008 318 fiduciaria
1020 265 1133 330 tutem,

179 330 228 383 ubi
244 330 304 396 ipsa
323 328 409 382 Gaius
427 327 462 382 de
481 328 633 381 fiduciariis
645 329 742 382 tutelis
753 329 886 396 loquitur,
905 331 973 384 iuris
985 331 1135 386 Iustiniani

179 398 209 449 et
225 395 311 462 ipsius
328 395 455 450 rubricae
478 397 522 448 tit⁴
541 395 562 454 Ι.
582 403 605 458 1,
626 401 665 449 19.
688 396 802 450 videtur
825 412 857 450 co
898 397 1015 452 itionem
1038 400 1069 453 et
1090 416 1133 454 ra·

178 461 285 515 tionem
302 461 439 518 habuisse.
470 463 551 516 Certe
571 462 706 516 abolitam
718 464 779 517 eius
796 465 861 518 aeta
875 481 890 517 e
902 465 1023 519 tutelam
1035 466 1134 521 mulie·

178 530 257 582 brem
275 529 370 596 prodit
387 529 499 583 rubrica
516 531 581 584 ante
594 535 616 592 2,
630 536 673 584 80.
703 531 853 585 Praeterea
869 530 1021 586 barbarum
1033 549 1133 593 aevum

178 596 672 719 urissrissffisumrntmmr
685 598 1028 721 pamphi
1044 601 1134 723 u

177 679 305 795 fresarum,
317 681 492 810 qui'oisibui,
504 731 603 798 modis,
616 682 791 800 terirporillus
800 736 899 786 contra
907 683 1046 790 rationlgrl
1056 687 1133 790 Galli-

198 814 233 852 ue
252 799 353 852 aetatu
371 815 478 853 morem
494 815 513 853 a
529 799 644 853 librario
667 799 765 866 positis
786 800 994 870 similibusque,
1018 804 1051 856 ut
1067 819 1134 858 vere
1225 823 1229 830 ·

178 817 283 931 dicam,
309 867 385 920 vitiis
412 866 608 924 conservandis
629 882 734 935 magna
755 883 823 920 cura
848 868 976 934 student,
1022 871 1084 924 ussi
1110 871 1135 924 is

178 935 356 1000 antiquitatis
372 935 453 988 testis
471 939 544 988 esset
560 935 590 986 in
601 933 678 988 hisce
694 934 779 987 rebus
795 933 852 989 fide
871 936 980 1004 dignus
1031 937 1134 991 andem

178 1003 302 1054 aetatem
324 1001 420 1070 prodit
441 1001 617 1055 rubricarum
640 1002 726 1065 ratio,
752 1017 822 1066 quas
848 1002 993 1056 librarius¹
1016 1004 1134 1073 siugulis

177 1069 303 1122 materiis
325 1071 446 1123 maxime
468 1069 550 1122 initio
573 1068 666 1136 operis
692 1069 872 1138 praescripsit
893 1069 1030 1136 quibusve
1052 1087 1133 1138 prae·

177 1135 332 1189 scribendis
349 1137 461 1206 saepius
478 1136 600 1255 spatium
612 1151 732 1189 vacnum
744 1136 870 1212 reliquit3
887 1136 956 1190 licet
972 1137 1046 1190 enim
1059 1136 1132 1190 eius·

177 1203 255 1256 modi
271 1203 398 1257 rubricas
417 1209 424 1268 (
447 1218 483 1257 no
520 1219 612 1270 ipsum
629 1218 733 1257 nomen
750 1203 898 1271 aliquoties
915 1205 1044 1258 notatum
1060 1205 1090 1256 in
1103 1203 1133 1258 (l.

176 1270 329 1339 invenitur)
348 1272 420 1324 sicut
462 1285 668 1338 esponsorum„
681 1269 883 1334 Quaestionum
903 1270 1022 1339 aliisque
1040 1271 1133 1326 minus

178 1353 212 1391 ex
236 1338 296 1392 arte
320 1340 534 1408 συστηματικῶς
557 1336 667 1404 scriptis
690 1337 736 1403 (cl.
755 1337 799 1390 Fr.
819 1337 882 1392 Vat
901 1342 964 1406 227)
987 1339 1029 1393 ita
1046 1339 1133 1392 etiam

177 1404 388 1458 Institutionum
400 1404 479 1459 libris
491 1407 613 1457 inserere
625 1404 734 1457 librarii
750 1406 860 1458 mature
873 1407 1033 1473 coeperint²
1045 1410 1055 1468 <
1077 1407 1134 1460 uod

176 1471 212 1526 de
230 1471 346 1541 Ulpiani
366 1475 396 1526 et
412 1471 504 1525 Paulli
521 1470 747 1526 Institutionibus
771 1487 806 1525 ex
829 1471 929 1527 Collat.
946 1475 990 1526 tit
1007 1423 1082 1528 Xllq.
1104 1476 1135 1527 et

251 1628 272 1698 ²)
286 1632 345 1682 Nam
363 1634 393 1682 ab
411 1633 463 1695 ipso
483 1631 542 1680 Gaio
562 1645 602 1680 eas
620 1631 741 1694 proiectas
759 1647 807 1680 non
826 1646 893 1694 esse,
914 1634 961 1682 iam
979 1632 1133 1682 Gocschsnus

178 1702 253 1752 Praei.
269 1718 293 1765 p.
308 1703 406 1752 lllllllll.
423 1702 510 1752 xxxv.
527 1701 563 1750 ed.
579 1701 675 1750 Lachm.
690 1709 756 1751 recte
770 1703 890 1751 iudicavit.
914 1702 980 1752 Unde
994 1703 1133 1764 Bneclringii

177 1774 304 1823 consilium
317 1788 364 1823 uon
377 1775 463 1836 probo,
478 1773 518 1836 qui
533 1772 569 1821 ed.
586 1783 605 1823 5.
622 1773 694 1820 etiam
708 1787 762 1835 eas,
781 1787 840 1837 quas
855 1772 939 1822 deesse
954 1774 976 1821 ei
990 1774 1055 1822 visae
1069 1781 1133 1835 sunt,
1183 1769 1188 1776 ’

177 1845 286 1894 rubricas
301 1844 426 1906 supplevit
450 1844 546 1892 Rectius
561 1843 614 1907 quis
625 1843 717 1906 iecerit,
732 1845 772 1908 qui
782 1843 818 1891 vel
828 1857 869 1892 eas
884 1844 1058 1906 exterminaret,
1073 1859 1133 1909 quae

177 1931 239 1964 nunc
248 1915 386 1964 invitoGaio
395 1915 482 1964 librum
493 1914 544 1962 eius
554 1921 666 1973 onerant;
677 1915 697 1962 is
709 1915 772 1963 enim
784 1915 836 1978 ipsa
847 1915 953 1963 oratione
964 1915 1134 1965 divisionibus·

177 2001 223 2050 que
238 1993 291 2050 apte
311 1987 379 2034 iactis
397 1985 470 2035 multo
485 1985 578 2034 doctius
592 1985 709 2046 providit,
729 1992 755 2034 ut
772 1986 848 2034 lector
866 2000 913 2034 non
932 1987 1001 2049 plane
1024 1986 1134 2036 indoctus

177 2056 269 2118 singula
289 2071 396 2121 quaeque
414 2056 483 2105 facile
503 2056 627 2113 inveniret.
661 2055 711 2118 lpsi
728 2055 820 2105 librarii
838 2057 947 2106 rubricas
966 2057 1077 2106 continuo
1096 2058 1134 2106 in·

177 2128 284 2177 scribere
299 2128 363 2177 circa
378 2127 522 2188 straminei,
538 2127 578 2190 qui
593 2130 630 2174 est
644 2125 674 2174 de
688 2127 865 2189 contractibus,
885 2128 995 2176 videntur
1009 2128 1134 2190 desivisse,

177 2199 258 2262 credo,
273 2199 328 2262 quia
342 2199 453 2248 continua
467 2197 539 2246 lectio
553 2197 578 2245 in
592 2195 682 2245 scholis
696 2211 751 2245 raro
765 2197 827 2246 ultra
842 2212 896 2247 eum
907 2199 985 2248 locum
1000 2199 1135 2262 perveniret

177 2276 201 2318 et
215 2284 243 2318 er
258 2276 341 2332 quarto
356 2268 527 2318 commentario
541 2281 617 2330 pauca
631 2274 722 2316 tanturn
741 2267 770 2316 de
785 2269 931 2331 actionibus,
950 2284 1025 2332 pauca
1045 2269 1074 2318 de
1093 2282 1135 2319 ex·

178 2340 328 2402 ceptionibus
343 2339 493 2388 traderentur
508 2338 549 2400 (ci.
564 2345 641 2386 const.
652 2336 751 2387 Omnem
766 2339 825 2402 reip.
837 2340 860 2400 ᾗ.
870 2337 903 2403 1).
927 2338 996 2388 Certe
1012 2338 1036 2388 C.
1047 2339 1133 2389 Veron.

141 2406 143 2408 ’
177 2424 264 2460 vacuas
278 2410 353 2458 lineas
367 2408 527 2458 inscribendis
542 2409 645 2457 rubricis
664 2409 795 2458 destinatas
813 2423 860 2458 non
879 2411 986 2458 continet
999 2411 1046 2459 nisi
1060 2425 1134 2474 usque

179 2480 209 2528 ad
224 2479 290 2528 illum
305 2478 382 2528 locum
397 2477 438 2543 (ci.
453 2486 501 2528 not.
517 2478 546 2527 ad
560 2490 581 2539 a,
596 2489 643 2530 141.
658 2477 718 2545 lca)
732 2479 773 2527 ubi
787 2480 859 2528 etiarn
873 2481 897 2529 in
911 2481 1009 2542 Visigot.
1024 2481 1134 2544 Epitoma

177 2549 240 2599 tituli
253 2550 303 2598 iere
318 2549 439 2610 deficiunt,
454 2555 479 2598 et
490 2557 615 2612 praeterea
628 2557 719 2598 tantum
729 2550 797 2599 initio
808 2565 892 2600 comm.
904 2551 940 2600 lV.
953 2554 1132 2612 etante§.115.

179 2616 202 2685 ²)
222 2620 249 2669 ln
268 2633 337 2668 usum
356 2619 490 2669 scholarum
509 2621 658 2683 primumque
677 2620 702 2669 in
721 2620 803 2670 Sabini
821 2621 889 2671 libris
910 2622 940 2671 ad
954 2622 1135 2670 similitudinem

178 2690 264 2752 edicti,
283 2690 324 2739 ubi
343 2690 372 2738 ab
391 2691 443 2752 ipso
462 2696 572 2752 praetore
590 2691 664 2753 positi
682 2691 745 2740 tituli
761 2693 859 2754 proprie
878 2692 1069 2755 appellabantur,
1088 2693 1134 2740 boc

177 2762 265 2810 iactum
285 2773 351 2822 esse,
371 2761 482 2822 colligere
501 2761 558 2810 licet
577 2775 605 2810 er
619 2762 685 2810 Pers.
698 2772 725 2823 c,
738 2773 773 2813 90.
793 2761 887 2811 Petron.
901 2773 941 2821 et,
960 2761 1022 2809 unde
1036 2760 1133 2817 Quintil.

177 2831 410 2893 1.0.1s,s5.11.
445 2828 502 2880 ‘Alii
521 2847 547 2880 se
567 2832 597 2880 ad
618 2832 698 2881 album
716 2847 744 2880 ac
763 2832 871 2880 rubricas
890 2829 1005 2894 (intellige
1026 2829 1134 2880 lCtornm

176 2900 263 2967 libros)
277 2898 473 2963 transtulerunt’3
489 2916 621 2967 quanquam
636 2903 699 2951 tituli
713 2902 747 2950 illi
761 2903 785 2951 in
799 2901 889 2950 libris
904 2901 934 2950 sd
948 2901 1051 2950 edictum
1062 2902 1134 2951 etiam

177 2973 287 3023 rubricae
303 2987 357 3021 esse
372 2981 503 3036 coeperunt
518 2972 553 3039 (L.
566 2985 585 3024 a.
597 2975 620 3034 §-
631 2985 651 3024 a.
667 2973 693 3020 ll.
705 2972 734 3021 de
748 2970 834 3020 interd.
849 2982 884 3032 43,
898 2970 930 3036 1.)
945 2978 970 3020 et
984 2973 1031 3021 iam
1044 2972 1135 3036 Vespa-

177 3045 239 3093 siani
253 3050 329 3094 aetate
344 3045 368 3094 in
382 3045 434 3092 iure
448 3044 525 3106 cirili,
541 3050 565 3092 ut
580 3049 673 3092 constat
691 3056 719 3090 ex
738 3042 834 3091 aeribus
853 3042 999 3106 Salpensano
1019 3050 1044 3092 et
1061 3045 1135 3094 Mala-

177 3116 269 3178 citano‚
290 3116 342 3178 ipsa
363 3129 457 3178 quoquc
477 3115 554 3176 legum
576 3111 628 3178 (sed
650 3121 728 3162 tamen
746 3113 913 3176 principalium
931 3115 1037 3180 tantum)
1057 3116 1135 3178 capita

176 3201 310 3250 quanquam
325 3199 372 3235 uon
387 3186 459 3234 rubro
470 3186 549 3234 colore
560 3185 610 3234 aeri
620 3184 735 3247 inscripta
745 3184 855 3234 rubricae
865 3186 984 3249 appellata
992 3192 1056 3248 sunt,
1067 3186 1135 3236 inde·

177 3271 222 3320 que
237 3257 340 3306 lurensi.
355 3267 388 3316 14,
400 3267 446 3306 mr.
463 3253 559 3305 ‘rubras
574 3255 691 3304 maiorum
705 3252 780 3317 leges’
796 3257 940 3318 generaliter
954 3257 1035 3308 dicere
1049 3258 1134 3321 potuit.

176 3327 263 3376 Verum
281 3333 307 3375 ut
324 3327 349 3375 in
368 3326 487 3390 plerisque
507 3327 543 3375 ius
563 3326 632 3376 civile
651 3327 704 3376 inre
717 3327 838 3390 praetorio
857 3328 979 3391 paullatim
997 3335 1135 3391 superatum

177 3405 226 3459 est,
246 3398 278 3446 its
294 3397 364 3445 etiarn
379 3398 403 3445 in
418 3397 463 3446 bac
481 3397 547 3445 tenui
566 3411 592 3445 re
611 3398 712 3446 maxime
731 3406 788 3461 puto
807 3408 934 3463 postquam
947 3401 972 3448 in
987 3398 1134 3461 Gregoriano

177 3475 201 3515 et
214 3467 402 3529 Hermogeniana
417 3465 545 3516 Codicibus
560 3467 623 3515 tituli
636 3469 666 3516 ab
681 3470 740 3530 ipsis
755 3471 892 3519 auctoribus
907 3471 936 3519 ad
951 3471 1047 3520 modum
1061 3469 1135 3519 edicti
