2542 3909
317 205 434 241 carmon
449 203 599 241 scaevonau
613 190 646 258 (i)
661 206 702 241 aas.
717 205 822 242 nosram.
839 194 880 242 nt.
893 193 947 242 1¹1⁸.
1043 189 1108 254 433

154 335 290 393 soluendo
306 351 361 391 non
376 328 436 390 sit.1
467 333 557 390 obstat
572 335 643 390 euim
658 333 777 391 libertati
792 335 835 390 lex
847 336 920 392 delia
930 336 1027 409 Sentis,
1041 353 1109 410 quae

154 419 282 495 prohibet
297 435 406 476 seruum
421 417 587 474 creditorum
601 410 862 496 (fraudandorum)
876 435 955 476 causa
966 421 1109 477 manumis-

154 521 215 560 sum
230 505 316 560 ciuem
331 501 478 558 Romanum
494 500 562 558 fieri.
592 501 641 557 sod
657 500 779 558 Latinum
793 497 935 580 ’(Ῐαοτντ)
951 498 1067 578 potest.²

196 582 239 643 lt.
263 585 314 654 Qut
328 602 411 642 censu
426 587 641 657 manumittitur,
657 587 680 642 si
696 587 808 660 triginta
823 604 908 643 annos
924 586 1029 662 lrabeat,
1044 590 1109 645 ciui·

154 678 238 727 tatem
261 671 406 727 Romanam
427 663 590 744 'apiscitur.⁸
637 670 685 725 sed
707 669 788 728 debet
811 671 854 728 hio
878 687 974 727 seruus
997 689 1029 728 ex
1049 675 1109 729 iure

155 753 298 822 Quiritium
313 755 515 809 manumissoris
531 770 601 824 esse,
617 762 649 810 ut
663 755 728 810 ciuis
743 755 879 811 Romanus
895 753 951 812 flat.
1006 761 1010 767 ’

218 833 274 895 1⁷².
298 837 417 906 ’Quando
432 838 531 894 Romae
546 853 644 894 census
661 839 760 912 agitur,
778 838 849 894 solet
864 845 928 911 post
942 854 1052 895 censum
1067 839 1108 896 lu·

73 930 143 981 [8⁵0]
155 931 242 979 strum
258 914 367 978 condi:⁴
386 929 429 978 est
442 929 531 980 autem
552 920 668 978 lustmm
690 921 890 995 quinquennale
912 929 1030 996 tempus,
1054 940 1107 996 qno

155 1007 238 1063 Roma
252 1006 393 1062 lustratur.
428 1005 525 1078 Magna
541 999 639 1061 'uero⁵
653 1003 786 1061 dissensio
801 1014 843 1061 est
864 1006 935 1062 iuter
949 1005 1107 1079 prudentes,

153 1088 251 1164 ’iquos
264 1091 294 1146 in
308 1103 397 1145 censu
412 1082 583 1165 nonoretur),6
597 1095 688 1144 utrum
705 1104 737 1144 eo
753 1096 876 1162 tempore
891 1090 963 1145 uires
979 1091 1108 1165 accipiant

154 1176 259 1245 omnia,
285 1189 340 1248 quo
361 1189 458 1229 census
480 1170 598 1245 '(eorum
619 1164 755 1246 unitur)‚⁷
780 1188 813 1227 an
833 1188 867 1228 eo
888 1181 1026 1246 tempore,
1052 1189 1106 1246 quo

154 1258 271 1315 lustrum
293 1256 426 1314 conditur.
463 1256 621 1324 maiouim,
639 1257 685 1329 qni
700 1257 869 1327 existimant,
885 1272 939 1312 uon
955 1256 1019 1312 alias
1034 1259 1106 1314 uires

155 1342 277 1414 accipere
292 1356 360 1414 qnae
374 1341 403 1396 in
418 1347 652 1412 emunguntur,
667 1341 718 1395 uisi
734 1339 800 1396 haee
815 1339 871 1397 dies
886 1349 1032 1414 sequatur,
1054 1357 1107 1416 qua

154 1425 271 1482 lustrum
285 1425 422 1488 eonditum
442 1423 495 1479 ’aiii
511 1439 577 1480 uero
593 1418 738 1496 probarrt‚⁸
758 1438 867 1480 oeusum
888 1423 1051 1480 descendero
1074 1425 1106 1481 ad

228 1572 248 1640 ¹)
268 1589 347 1633 εκτος
367 1589 394 1625 ει
413 1590 450 1640 μη
471 1590 540 1657 noue
557 1572 695 1625 αποδοσιν
714 1591 731 1658 ῃ
754 1596 787 1616 =
809 1575 856 1624 nisi
875 1575 934 1624 rone
956 1575 986 1624 nd
1007 1576 1106 1625 creden·

153 1645 210 1695 dum
224 1645 257 1693 sit
274 1643 305 1694 V.
329 1637 410 1703 ἐκτὸς
428 1640 456 1696 εἰ
472 1661 509 1711 μη
529 1635 562 1695 οὗ
581 1638 653 1710 πρὸς
670 1636 808 1695 decorose
822 1667 856 1687 --
871 1646 917 1694 nisi
931 1646 952 1694 si
967 1645 1106 1705 soluendum

153 1731 200 1765 uon
219 1715 251 1763 sit
268 1713 295 1764 S.
319 1715 366 1763 uisi
384 1716 444 1763 [orte
463 1715 577 1764 soluendo
596 1717 628 1764 sit
646 1714 751 1768 Lnohm.
826 1711 847 1780 ¹)
865 1731 915 1765 και
933 1737 967 1757 =
986 1723 1010 1764 et
1032 1717 1063 1765 V.
1078 1716 1105 1770 S.

152 1784 246 1835 habent
259 1785 296 1834 ad
307 1787 464 1848 insequentis
477 1788 504 1847 §i
517 1787 619 1834 initium
632 1792 751 1844 tractum,
766 1784 810 1834 nbi
823 1787 952 1835 molestum
966 1793 1011 1836 est.
1040 1787 1108 1836 Mitt

152 1870 287 1919 superesse
304 1855 407 1904 videtur
426 1871 461 1904 eoe
483 1859 576 1906 ποιεῖν
600 1848 741 1906 ddunt-rota.
778 1855 901 1904 Latinum
923 1871 983 1905 nero
1006 1855 1107 1906 debitor

150 1927 220 1990 facit
232 1927 333 1981 statim,⁸
351 1941 431 1988 neque
444 1927 510 1975 enim
521 1927 653 1989 fraudare
667 1926 770 1975 uidetur
784 1927 935 1983 creditores,
950 1927 995 1989 qui
1007 1933 1106 1976 retento

153 1998 212 2045 inre
241 1995 379 2056 Quiritium
404 1998 594 2054 mountittens,
615 1996 694 2058 facit,
721 2001 749 2044 ut
770 2009 860 2044 seruus
882 1995 1034 2060 diligentins
1056 1996 1107 2046 sibi

152 2073 270 2131 quaerat,
288 2066 356 2115 unde
374 2065 548 2116 oreditoribus
566 2067 691 2128 satisfieri
704 2067 796 2129 possit.
831 2065 869 2128 Os.
891 2064 948 2114 Gai.
964 2076 985 2123 s,
1000 2077 1046 2118 153.

154 2134 290 2202 ἣττᾶται
308 2136 338 2184 V.
353 2135 380 2185 S.
395 2158 429 2179 =
443 2137 551 2200 possidet
569 2137 600 2186 V.
616 2156 650 2177 =
663 2136 770 2199 pasoitur
783 2133 810 2183 S.
825 2155 859 2177 =
874 2135 963 2196 potitur
977 2135 1082 2186 Laodm.

153 2204 177 2273 4)
195 2207 226 2256 V.
247 2193 292 2271 q'nt'
311 2207 375 2256 haee
394 2207 433 2256 dis
451 2209 578 2257 eontinet:
596 2219 762 2271 ατοτιμησις
779 2203 810 2254 de
831 2219 972 2270 επιρωμης
990 2218 1106 2270 arenant

150 2276 241 2329 sodes
258 2294 277 2342 η
295 2292 461 2343 ατοτιμησις
478 2275 740 2343 καθαρμωκτιζεται
759 2297 793 2317 =
812 2289 897 2323 census
912 2281 990 2323 autem
1005 2276 1103 2324 'inroma

151 2347 315 2413 (secundnm
329 2348 390 2410 apud
405 2346 506 2429 romam)
516 2348 554 2409 agi
564 2347 625 2395 solet
639 2347 678 2395 nel
692 2359 778 2395 census
793 2345 869 2394 lustro
879 2345 996 2398 conditur.
1019 2345 1055 2394 Ar
1063 2345 1106 2396 ἃς

150 2417 260 2484 τίμησις
278 2413 377 2498 μέντοι
396 2410 443 2468 ἐπὶ
465 2411 560 2484 donne
581 2417 704 2481 ατηθαις
727 2413 839 2466 εἴωθεν.
881 2413 990 2481 τίμησις
1008 2409 1105 2482 μέντοι

150 2488 292 2557 rodanum
310 2486 433 2550 κτίζεται
450 2509 484 2530 =
504 2503 589 2536 census
609 2494 689 2536 tamen
708 2486 796 2536 Romae
816 2486 853 2548 agi
873 2485 940 2534 solet.
974 2487 1000 2535 In
1018 2501 1104 2536 census

151 2566 231 2607 nutem
245 2559 318 2608 lustro
333 2559 450 2607 eonditor.
481 2557 582 2608 &neca
601 2560 683 2622 iyitur
696 2558 736 2607 sio
749 2556 909 2606 restituenda
927 2563 1001 2606 sunt:
1019 2548 1103 2610 ὁπότε

150 2628 232 2694 (quod
241 2630 324 2693 periit
338 2636 448 2692 propter
466 2620 657 2694 ἆτοτι-μησις)
676 2619 841 2693 &moriundos
860 2619 907 2678 tut
917 2618 1021 2694 Ῥώμης
1039 2621 1105 2694 ἄγε·

151 2715 207 2761 ται,
225 2698 330 2749 εἴωθεν
346 2691 427 2765 ’μετὰ
446 2697 526 2764 (quod
538 2698 603 2748 obiit
617 2700 645 2746 in
660 2699 830 2762 postpositum
849 2697 915 2747 titud
928 2692 1035 2764 μέντοι)
1053 2692 1105 2764 τὴν

150 2760 320 2835 ἀποτίμησιν
333 2762 482 2835 reddendos
495 2767 649 2831 κτίζεσθαι.
673 2768 709 2818 Et
721 2769 760 2818 sie
774 2769 893 2818 conuenit
901 2767 951 2828 dis,
962 2769 992 2818 id
999 2770 1069 2833 qnod
1077 2771 1104 2819 in

147 2841 201 2902 fine
214 2840 328 2888 dieitur:
341 2839 389 2889 Sed
402 2840 427 2889 iu
441 2840 499 2888 urbe
514 2839 645 2889 Romaene.
697 2835 719 2904 ⁶)
733 2832 829 2904 μέντοι
847 2839 879 2888 V.
888 2837 915 2887 S.
931 2861 964 2882 ε
979 2847 1058 2889 autem
1073 2838 1104 2891 V.

154 2909 399 2959 [aenoandron
417 2907 445 2958 S.
509 2906 530 2976 ⁰)
548 2909 623 2958 Haeo
642 2908 732 2967 aerbo,
752 2910 845 2958 omissa
864 2910 926 2972 quia
939 2911 1030 2972 paullo
1044 2917 1105 2972 post

150 2987 304 3040 recurrunt,
323 2981 472 3030 necessario
485 2980 628 3042 supplendo
646 2985 729 3028 munt.
799 2976 901 3045 ³)Edd.
916 2985 1014 3028 tantum
1028 2981 1105 3041 agitur

150 3052 277 3113 supplent.
328 3047 349 3116 ⁸)
363 3042 610 3119 instaurationem
624 3042 679 3115 γὰρ
691 3071 724 3092 ..
734 3050 869 3098 existimant
883 3049 945 3096 enim
961 3048 991 3098 V.
1001 3047 1029 3097 S.
1052 3048 1105 3099 Sed

150 3120 215 3170 haee
235 3136 252 3168 α
274 3120 384 3170 librario
401 3121 613 3184 profectusum,
635 3121 680 3184 qni
697 3121 762 3169 male
783 3121 958 3182 interpretans
976 3133 1019 3177 eu,
1038 3135 1104 3183 qnae

150 3205 219 3240 nuno
231 3199 381 3255 sequuntur,
396 3193 430 3240 iis
443 3192 549 3240 eandm
562 3192 634 3240 illam
647 3191 806 3248 sententiam,
816 3204 851 3238 ero
860 3203 911 3252 qun
921 3203 1012 3238 censes
1022 3191 1104 3240 lustro

150 3262 326 3326 confirmatur,
340 3260 424 3312 uerbis
437 3269 535 3311 tontum
548 3263 664 3319 mutatis,
678 3262 771 3310 iterum
784 3260 883 3323 referri
892 3259 1003 3322 putavit.
1017 3274 1104 3323 qnam·

149 3330 236 3382 obrem
248 3330 276 3380 S.
291 3333 409 3394 priorem
427 3334 498 3381 illum
517 3333 669 3381 sententiam
683 3328 750 3395 (sunt
764 3331 825 3379 euim
840 3329 880 3394 qui
894 3329 1029 3379 existiment
1044 3366 1103 3380 ....

149 3402 251 3451 instrum
269 3398 389 3466 conditur)
412 3410 532 3466 tanquam
551 3404 677 3467 glossema
701 3401 803 3451 omnino
828 3400 920 3451 omisit.
956 3397 1016 3449 Hoo
1038 3401 1104 3450 enim

148 3487 241 3523 errore
255 3487 285 3523 eo
295 3472 439 3535 perductus
452 3479 502 3531 eet,
521 3478 549 3521 ut
563 3472 710 3535 praemissa
728 3471 847 3520 diuersae
865 3470 1007 3520 sententiae
1026 3469 1106 3519 verba

148 3544 197 3602 sie,
211 3544 287 3607 quasi
299 3558 330 3592 eo
339 3543 418 3605 prior
431 3549 505 3601 esset,
519 3548 635 3592 mutaret.

209 3644 308 3676 nuru.
322 3644 400 3677 anm.
413 3644 466 3674 un.
488 3643 526 3674 zo.
541 3645 562 3674 v.
887 3627 919 3676 28
