2542 3909
474 244 509 279 ns
527 244 640 279 usumve
658 244 737 279 nasce
754 245 785 282 11.
1071 236 1112 295 65

145 372 213 427 ciuis
229 367 414 442 erepublica
430 371 541 433 maxime
556 369 727 444 tuendaeque
735 371 854 427 ciuitatis
865 371 1061 444 paratissimus.
1090 373 1113 427 is

144 455 232 528 igitur
250 461 391 526 sumptum
407 453 504 509 minuit
519 470 574 509 non
589 454 678 509 solum
693 470 796 527 poene,
817 455 959 511 sedetiam
975 462 1113 529 tempore3

143 546 208 594 ante
223 537 314 593 lucem
335 538 407 593 enim
427 538 507 593 iussit
527 536 625 593 efferri.
654 537 807 610 sepulchris
822 547 913 594 autem
928 540 1009 594 nouis
1024 537 1113 595 finiuit
1156 558 1159 564 ¹

146 621 274 690 modum3
289 636 353 677 nam
368 635 452 694 super
466 630 554 676 terrae
570 621 703 677 tumulum
718 621 806 678 noluit
822 622 887 694 quid
902 624 984 678 statui
1000 624 1051 678 nisi
1067 639 1113 680 co·

146 704 284 761 lumellam
300 703 389 761 tribus
404 703 502 759 cubitis
521 720 555 760 ne
576 704 699 761 altiorem
719 713 766 762 ant
780 722 899 762 mensam
914 715 961 762 aut
976 704 1112 778 labellum,

145 798 175 846 et
189 789 254 845 huic
267 789 455 861 procurationi
467 796 571 844 certum
586 791 775 863 magistratum
789 790 964 863 praefecerat.

211 871 311 928 xxvii.
338 866 386 927 67.
420 870 490 928 llaec
509 874 595 945 igitur
614 874 795 929 Athenienses
816 876 866 929 tui.
904 874 952 930 sed
973 874 1112 932 uideamus

145 955 305 1026 Platonem,
327 955 462 1029 qnilnsta
475 955 600 1013 funerum
615 959 693 1013 reicit
707 958 742 1013 ad
755 959 918 1031 interpretes
933 959 1112 1032 religionum:

146 1055 227 1113 quem
249 1054 301 1095 nos
321 1055 426 1095 morem
446 1048 580 1096 tenemus.
609 1040 644 1096 de
664 1040 816 1115 sepulchris
837 1050 926 1096 autem
948 1041 1012 1115 dicit
1032 1043 1111 1100 haec:

146 1132 223 1179 uetat
243 1139 275 1178 ex
297 1138 363 1195 agro
379 1122 454 1177 culto
470 1138 550 1193 eone,
566 1124 613 1195 qui
629 1124 683 1177 coli
699 1126 803 1196 possit,
827 1123 908 1178 ullam
923 1133 1028 1195 partem
1043 1129 1112 1181 sumi

145 1204 309 1280 sepulchro;
329 1205 379 1261 scd
399 1220 468 1279 quae
488 1215 585 1263 natura
600 1208 660 1280 agri
674 1215 780 1263 tantum
794 1206 876 1263 modo
891 1206 999 1265 efficere
1013 1212 1111 1282 possit,

146 1299 179 1346 ut
201 1297 371 1345 mortuorum
395 1306 510 1363 corpora
532 1292 591 1346 sine
613 1291 776 1347 detrimento
795 1293 923 1349 uiuorum
937 1294 1060 1367 recipiat,
1081 1310 1112 1349 ea

146 1374 319 1446 potissimum
333 1381 365 1429 ut
380 1373 556 1446 conplentur:
571 1390 640 1448 quae
654 1383 744 1431 autem
761 1383 833 1431 terra
848 1375 943 1450 irriges
956 1377 1027 1433 terre
1038 1386 1066 1433 et
1081 1386 1112 1434 ut

147 1464 237 1511 mater
251 1456 324 1513 cibos
337 1456 515 1531 suppeditare
529 1460 626 1531 possit,
641 1475 750 1515 eamne
765 1462 825 1533 quis
841 1458 919 1517 uobis
930 1462 1032 1517 minuat
1042 1479 1112 1518 neue

145 1540 229 1596 uiuos
244 1554 314 1596 ncnc
327 1548 463 1599 mortuos.
492 1537 542 1600 68.
564 1543 653 1599 extrui
668 1551 758 1599 autem
771 1550 847 1600 uetat
861 1544 1016 1617 seplehrum
1032 1545 1111 1601 altius

144 1641 225 1699 quam
239 1624 313 1699 quod
328 1626 465 1698 (quinque
474 1624 610 1698 homines)
623 1628 743 1701 quinque
757 1627 852 1683 diebus
866 1627 1045 1699 aboluerint,
1062 1646 1112 1686 nec

144 1725 159 1764 c
174 1708 263 1783 lepide
275 1710 387 1765 excitari
399 1709 461 1783 plus
472 1726 523 1767 nec
534 1710 628 1784 inponi
640 1727 721 1784 qnam
734 1711 808 1784 qnod
819 1714 907 1786 capiat
922 1712 1027 1769 laudem
1040 1731 1111 1770 mor·

143 1794 195 1865 tui,
210 1794 324 1850 indsam
340 1808 375 1849 ne
392 1793 455 1867 plus
474 1802 604 1867 quattuor
621 1794 714 1849 herois
726 1794 859 1868 uersibus,
872 1812 941 1871 quos
954 1797 1054 1870 longos
1065 1815 1112 1872 ap·

142 1876 227 1951 pcllet
247 1875 361 1933 Ennius.
392 1876 521 1933 habemus
542 1879 627 1951 igitur
648 1878 728 1935 huius
749 1896 859 1953 qnoque
873 1881 1061 1938 auctoritatem
1078 1882 1111 1939 de

144 1960 297 2033 sepulchris
312 1962 411 2016 summi
426 1962 486 2032 uiri,
503 1979 518 2018 a
534 1977 589 2035 quo
600 1964 666 2019 item
677 1962 803 2019 funerum
814 1972 939 2037 sumptus
950 1964 1112 2037 praefinitur

145 2058 178 2099 ex
198 2044 326 2102 censibus
348 2046 457 2101 aminis
473 2046 593 2119 quinque
608 2047 744 2119 usquead
760 2049 869 2105 minam.
898 2048 1026 2123 deinceps
1046 2050 1111 2106 dicit

143 2127 236 2184 eadem
252 2128 299 2185 illa
314 2127 349 2185 de
364 2129 566 2186 immortalitate
585 2132 736 2187 animorum
756 2138 784 2186 et
798 2131 904 2204 reliqua
917 2144 981 2205 post
995 2142 1111 2190 mortem

143 2211 345 2285 tranquillitate
359 2210 504 2285 bonorum,
521 2216 616 2287 poenis
631 2215 787 2287 impiorum.

205 2291 257 2354 09.
278 2294 392 2351 Habetis
413 2298 499 2370 igitur
519 2298 681 2371 explicatam
705 2312 822 2369 omnem,
844 2305 876 2353 ut
899 2296 1025 2369 arbitror,
1048 2300 1110 2357 reli·
1210 2367 1212 2370 ¹

143 2380 256 2453 giorum
273 2380 377 2438 locum.

208 2464 241 2531 Q.
263 2464 321 2518 Nos
336 2480 414 2535 nero,
429 2464 526 2536 irater,
541 2474 569 2520 et
583 2466 696 2537 copiose
710 2466 834 2538 quidemc
849 2466 896 2521 sed
908 2483 995 2540 perge
1009 2475 1108 2525 cetera.

208 2546 250 2603 M.
272 2545 387 2619 Pergam
403 2546 543 2620 equidem,
562 2556 592 2603 et
606 2549 732 2621 quoniam
747 2547 853 2605 lihitum
869 2560 912 2606 est
926 2551 1005 2607 uobis
1020 2568 1064 2608 mc
1078 2554 1111 2609 ad

145 2629 214 2685 haec
226 2628 370 2703 inpellere,
391 2630 524 2687 hodierno
540 2648 667 2687 sermone
681 2631 833 2704 conficiam,
853 2650 943 2708 spero,
967 2635 1019 2692 hoc
1032 2653 1111 2709 prae·

141 2713 240 2770 sertim
255 2713 314 2769 dic:
337 2713 418 2769 uideo
433 2716 504 2771 enim
518 2714 659 2772 Platonem
672 2716 744 2773 idem
759 2716 857 2774 iecisse
872 2734 1034 2792 omnemque
1050 2737 1111 2776 ora·

141 2800 248 2855 tionem
270 2799 330 2853 cius
351 2797 386 2853 de
407 2797 515 2872 legibus
537 2808 692 2873 peroratam
713 2818 773 2857 esse
793 2817 847 2858 unc
868 2805 973 2859 aestiuo
989 2803 1042 2859 die.
1072 2807 1112 2862 sio

139 2883 228 2953 igitur
242 2881 339 2938 laetam
353 2889 381 2937 et
395 2881 481 2939 dicam
496 2882 530 2939 de
543 2884 762 2961 magistratibns3
782 2886 809 2941 id
830 2889 902 2942 enim
917 2896 959 2943 est
972 2886 1110 2962 prolecto,

141 2966 219 3039 quod
235 2967 386 3022 constituta
400 2966 535 3040 religione
549 2984 608 3025 rem
623 2968 756 3041 publicem
771 2973 907 3027 contineat
922 2973 1044 3027 marinae.

206 3050 241 3107 A„
264 3049 307 3105 'l'u
323 3066 389 3106 uero
404 3048 448 3107 dic
462 3060 490 3107 et
504 3052 582 3108 istam
597 3054 730 3109 rationem
745 3071 823 3127 quam
843 3057 959 3129 coepisti
973 3062 1047 3112 tene.

436 3267 439 3272 .
481 3212 591 3268 LIBER
609 3211 777 3271 TERTIVS.

205 3306 228 3363 l.
249 3303 274 3364 1.
292 3306 333 3363 M.
359 3305 463 3381 Sequar
478 3308 572 3381 igitur,
594 3314 626 3363 nt
649 3309 764 3382 institui,
780 3310 902 3371 diuinum
917 3308 994 3364 illum
1009 3309 1110 3385 uirum,

139 3406 223 3465 quem
246 3391 363 3465 quadam
385 3390 561 3448 admiratione
584 3401 737 3449 commotus
759 3400 867 3471 saepius
890 3394 1007 3449 insusse
1029 3391 1111 3454 laudo

138 3490 221 3549 quem
237 3490 349 3533 necesse
365 3485 417 3533 est.

205 3560 241 3615 Α.
265 3558 405 3617 Platonem
420 3560 549 3619 uidelicet
565 3559 643 3617 dicis.

193 3674 300 3705 nmen.
314 3674 395 3705 ssrsr.
411 3675 464 3706 nnn.
478 3676 517 3706 arn.
543 3675 567 3705 r.
863 3661 880 3710 5
