2542 3909
137 237 195 302 748
347 253 444 290 runnu
464 253 516 289 nvn.
536 253 596 290 nou.
617 252 702 289 vnrrc.
723 239 836 288 91—97.

198 381 246 442 et.
279 378 377 440 ¹Iclem
391 380 437 439 lib.
453 381 484 441 ll.
501 380 534 438 de
549 381 717 450 interdictis,
740 379 790 436 snb
812 381 891 437 titulo
915 377 960 436 ‘st
981 382 1021 436 uti
1042 380 1096 437 frui

135 461 209 540 ’(ui)²
231 467 384 540 prohibitus
400 482 460 521 esse
475 463 602 522 dicetur'.
640 465 699 522 Nou
714 466 747 533 is,
764 464 795 521 ed
811 480 892 538 quern
911 464 1095 521 ’ususfructus

136 557 211 609 iuter
233 553 313 607 uiuos
333 553 503 622 peruenerit
525 553 572 606 uel
593 566 649 621 per
669 551 807 621 tepentem,
839 540 903 604 uel³
932 551 977 622 qni
1001 548 1095 604 utendi

137 633 242 692 lruendi
264 651 356 704 ceusu,
381 649 440 690 curn
464 632 636 689 ususfructus
659 631 691 688 ad
712 647 773 688 cunr
796 630 865 689 ’nore
886 635 1042 704 pertineat,
1066 633 1095 687 iu

137 713 204 793 qun⁴
225 733 255 774 re
277 720 323 787 sit,
346 716 486 791 possidere
507 711 593 772 'eum⁵
615 715 735 785 uidetur,
757 724 785 771 et
806 715 840 771 ob
855 716 892 779 id,
916 717 961 788 qui
977 717 1017 770 uti
1040 714 1094 770 frui

139 795 203 876 (ui)²
225 801 377 875 prohibitus
394 808 446 870 est,
468 801 577 873 proprie
593 799 714 856 deiectus
734 798 785 854 dici
807 816 863 855 uon
886 806 988 872 potest.
1032 798 1093 854 ideo

138 885 290 960 specialiter
306 886 358 941 lroc
373 883 546 940 interdictum
563 899 594 939 eo
611 900 675 940 cusu
691 882 837 939 desiderari
858 882 968 939 'uisum
983 875 1051 938 est.⁶

31 964 138 1042 ,ffifflfi
204 965 254 1025 92.
278 961 370 1025 ⁷Idem
385 966 431 1023 lib.
443 966 496 1026 llll.
513 967 546 1023 de
562 967 722 1036 interdictis,
738 966 788 1022 sub
804 965 885 1022 titulo
902 966 936 1020 ‘A
948 983 1002 1038 quo
1014 982 1092 1021 nsus·
1105 966 1176 1014 [⁶⁵³1

31 1049 129 1084 mm·
140 1053 244 1110 fructus
260 1060 379 1126 petetur,
402 1053 425 1108 si
441 1067 497 1108 rern
513 1050 580 1106 nolit
602 1049 772 1106 defendere'.
809 1049 884 1106 Sicut
906 1066 1021 1123 corpora
1037 1050 1094 1104 uin·

139 1136 250 1207 dlceuti,
273 1137 309 1190 itu
325 1143 353 1192 et
368 1136 424 1205 ins,
450 1133 571 1190 sutisderf
590 1143 714 1206 oportet,
738 1141 767 1190 et
782 1132 842 1188 ideo
858 1135 1009 1189 necessario
1025 1131 1094 1207 ’(αά)

138 1212 308 1292 exemplum⁸
330 1219 466 1274 interdicti
488 1233 572 1281 cvsru
590 1233 718 1276 rvuuru
738 1210 939 1290 ’proponunt
960 1218 1039 1272 etiem
1060 1215 1095 1271 ’ei

137 1295 338 1362 interdictum¹⁰
359 1317 443 1365 ovnu
457 1315 686 1359 vsvurnvcnvu
700 1314 870 1358 vrnnrcnuu
887 1315 982 1357 vnnrr
1004 1299 1037 1356 de
1052 1315 1094 1356 rc-

138 1385 276 1446 stituendo
293 1385 445 1443 usufructu.

201 1466 250 1528 93.
265 1469 331 1524 Post
345 1484 428 1540 peuce
444 1467 494 1522 sub
509 1467 589 1524 titulo
604 1469 801 1540 suprascripto.
828 1467 979 1524 Restitutus
996 1483 1028 1524 er
1044 1467 1096 1522 hoc

138 1553 281 1610 interdicto
297 1551 471 1608 ususfructus
487 1551 667 1623 intellegitur,
685 1566 745 1606 cum
760 1552 905 1624 petitorio
921 1548 1034 1606 fundum
1049 1550 1094 1606 ed·

140 1638 237 1692 nrissus
252 1635 309 1690 sine
323 1633 444 1707 periculo
466 1634 602 1689 interdicti
618 1649 702 1691 vnur.
717 1652 749 1693 vr
765 1635 797 1689 ad
814 1650 871 1690 enm
886 1649 942 1689 rem
962 1634 1096 1708 propositi

141 1718 238 1793 depelli
253 1734 306 1773 non
322 1724 424 1791 potest.
461 1716 533 1773 ldcm
548 1716 646 1773 Pedius
661 1711 742 1792 'uit,¹¹
763 1719 898 1776 diuersam
913 1734 1021 1774 causam
1036 1732 1096 1773 esse

139 1803 330 1877 possessionis,
346 1817 406 1857 curu
422 1799 477 1871 ille,
495 1803 540 1873 qui
555 1792 712 1879 posseslsor
726 1807 778 1869 est,
794 1801 864 1857 ’nisi
878 1819 896 1856 u
911 1819 968 1859 non
980 1816 1093 1874 posses·

140 1903 205 1945 sore
220 1889 304 1942 defici
318 1902 374 1942 uon
389 1889 494 1956 possit,
518 1889 568 1957 qui
582 1900 653 1941 uero
676 1885 864 1956 ususfructus
885 1889 997 1942 nomime
1012 1887 1098 1957 quasi

136 1973 292 2043 possideat,
309 1973 394 2025 etium
410 1987 427 2024 u
442 1984 619 2040 possessore,
636 1972 787 2040 quominus
798 1968 933 2041 fructur,
944 1969 1098 2040 prohiberi

138 2047 266 2126 ροεςῖι.12

448 2130 558 2199 [Desunt
572 2134 688 2198 popinae
707 2128 786 2199 octo]

140 2276 209 2341 quod
221 2274 320 2323 addunt
337 2273 395 2322 edd.
415 2288 448 2322 ex
464 2271 538 2330 Van,
554 2287 604 2322 non
619 2279 658 2322 cot
671 2274 699 2321 im
718 2271 744 2320 V
747 2270 767 2320 θ.
843 2269 863 2337 1)
879 2271 917 2334 Cf.
936 2273 958 2334 ᾖ.
974 2284 1007 2323 oe.
1027 2270 1059 2319 L.
1073 2283 1094 2322 o.

141 2347 180 2406 ἕξ.
196 2356 290 2396 ue-1s.
310 2344 342 2392 Ι),
358 2344 389 2392 de
404 2345 430 2392 ci
444 2342 488 2404 (re,
504 2342 548 2405 rc).
563 2342 594 2390 L.
610 2353 644 2392 nr.
664 2343 696 2391 Ι).
712 2343 743 2392 de
757 2342 845 2391 donat.
860 2340 905 2407 (oo,
920 2341 950 2406 5).
966 2342 998 2391 L.
1013 2354 1040 2393 eo
1050 2357 1093 2404 pr.

140 2416 172 2463 D.
188 2416 220 2465 de
234 2415 316 2476 ususr.
333 2414 363 2477 (t,
374 2415 403 2475 1).
456 2410 477 2478 2)
495 2412 652 2470 deminuendo
666 2413 776 2462 restitui.
829 2407 908 2475 ⁸)Au
921 2413 1030 2477 uestipiu
1045 2411 1069 2460 V
1073 2412 1095 2460 ⁶.
1134 2423 1138 2433 ·

140 2487 251 2534 restitui.
280 2485 336 2532 Atii
349 2485 404 2532 ulia
418 2483 453 2532 ad
466 2483 490 2531 d.
506 2486 522 2532 t.
543 2485 674 2532 commenti
692 2489 776 2531 erunt.
808 2481 868 2531 Vid.
887 2484 964 2531 etiam
983 2482 1096 2544 Rudorf.

142 2554 265 2604 Zeitsclzr.
277 2553 299 2617 f.
313 2553 398 2618 perci.
416 2552 487 2600 RW.
507 2553 554 2601 ΧΙ.
567 2568 594 2615 p.
610 2563 657 2604 nno.
689 2551 763 2613 Quod
783 2551 896 2601 Momms.
917 2552 972 2601 ed:
991 2549 1020 2601 ‘a
1040 2553 1096 2602 uiuo

142 2626 242 2675 domino
258 2625 410 2685 peruenerit
425 2625 465 2671 uel
479 2638 529 2685 per
544 2619 737 2680 testamentum'‚
755 2624 865 2684 spatium
880 2637 974 2686 cupere
993 2638 1044 2672 uon
1059 2624 1097 2672 ni·

142 2696 231 2749 deferr
246 2708 292 2742 uec
306 2693 360 2742 dici
373 2695 437 2742 solet
449 2690 506 2754 ‘per
521 2700 695 2742 testamentum
704 2689 868 2755 peruenire'.
921 2691 942 2756 ⁴)
957 2693 1096 2755 pertineret,

142 2765 229 2813 rnlssus
244 2763 268 2811 in
284 2777 328 2825 qun
343 2763 382 2811 ed.
398 2763 490 2812 Holfw.
503 2765 643 2825 pertinent,
658 2765 685 2811 in
700 2764 782 2825 ulique
797 2763 836 2811 ed.
848 2762 972 2821 Momms,
987 2763 1031 2812 ubi
1045 2763 1096 2812 oid.

147 2833 174 2883 V
176 2833 195 2881 ὅ.
248 2830 267 2896 5)
288 2831 315 2881 V
315 2832 334 2881 ⁴¹.
350 2833 389 2882 ed.
406 2832 518 2882 Momms.
538 2847 589 2882 euru
609 2833 667 2882 Vnt.
689 2840 789 2882 ceterae
808 2833 865 2882 edd.
931 2829 1098 2898 ⁶)Suppleoi.

142 2902 321 2954 desiderabitur
339 2903 379 2952 ed.
399 2903 511 2952 Momms.
533 2929 566 2939 -
586 2903 727 2965 Proprium
746 2903 828 2966 ipitur
846 2910 871 2951 et
888 2917 935 2953 ruo
956 2902 1002 2952 sud
1024 2905 1099 2952 titulo

138 2975 300 3038 propositum
315 2971 348 3038 (ἓ.
359 2984 392 3023 oo.
408 2981 432 3022 et
442 2973 473 3021 L.
485 2983 518 3024 tt.
531 2972 584 3039 cit.)
600 2973 648 3023 froc
663 2973 827 3022 interdictum
838 2973 899 3035 fuit.
927 2972 1013 3032 Quare
1027 2989 1099 3030 cane,

143 3059 199 3094 cum
219 3044 267 3092 Ad.
283 3042 398 3092 Schmidt
416 3042 515 3107 (Jahrb.
532 3043 555 3105 f.
573 3057 636 3108 pem.
659 3042 688 3091 R.
710 3041 762 3090 III.
777 3059 805 3106 p.
820 3041 878 3107 256.)
894 3045 921 3091 in
936 3043 968 3091 L.
983 3055 1003 3094 3.
1026 3045 1049 3105 ἕ.
1064 3055 1098 3094 18.

143 3116 195 3172 cit,
211 3113 254 3162 ubi
268 3113 410 3162 Iustiniani
419 3112 562 3176 prudentes
576 3114 701 3176 quaedam
715 3113 879 3175 reciderunt,
889 3129 941 3177 pro
957 3111 1044 3163 ‘Unde
1059 3110 1097 3162 ui’

143 3185 263 3248 cornipes
278 3181 364 3232 ‘Unde
380 3185 407 3232 ui
422 3180 504 3232 utile’.
557 3179 577 3247 ⁷)
595 3183 633 3246 Cf.
654 3182 708 3245 Ulp.
724 3181 787 3232 Inst.
800 3184 838 3246 fr.
859 3183 935 3232 Vind.
947 3182 997 3231 IV.
1013 3184 1044 3232 L.
1056 3199 1098 3231 uu.

145 3254 170 3304 0.
186 3255 225 3302 uti
233 3267 304 3316 poss.
321 3251 351 3316 (s,
366 3251 396 3318 e).
413 3253 444 3301 L.
455 3263 488 3304 80.
508 3253 540 3300 D.
552 3253 583 3302 de
598 3255 639 3301 rei
652 3253 721 3301 vind.
737 3251 768 3316 (o,
780 3253 810 3318 1).
825 3253 857 3301 L.
868 3264 902 3304 45.
918 3253 950 3301 D.
962 3254 993 3302 de
1008 3255 1099 3302 domno

143 3323 191 3385 ins.
208 3321 251 3387 (to,
266 3320 298 3386 2)
349 3319 369 3386 ⁸)
384 3322 422 3371 De
436 3321 580 3371 Schraderi
595 3325 627 3386 ej.
643 3323 682 3371 ed.
699 3320 811 3371 Momms.
828 3324 959 3386 exemplum
981 3323 1038 3372 Vei.
1059 3337 1099 3370 er·

144 3392 220 3454 emplo
235 3391 273 3439 ed.
289 3390 382 3440 Holtw.
457 3389 477 3456 Β)
493 3393 593 3455 proponi
612 3390 675 3455 (pro
694 3391 824 3458 proponit‘)
849 3391 907 3442 Vnt.
928 3393 985 3442 edd.
1005 3391 1099 3444 Hotfw.

144 3461 258 3509 Momms.
334 3457 366 3525 ¹⁰)
381 3459 425 3508 En
445 3461 471 3509 V
472 3459 491 3509 ⁶¹.
507 3462 545 3510 ed.
561 3461 676 3510 Momms.
690 3462 845 3511 interdictum
859 3470 960 3512 ceterae
974 3464 1031 3512 edd.

147 3525 179 3588 ¹¹)
194 3530 224 3576 eli
244 3529 302 3578 Vnt.
326 3530 390 3578 ldem
405 3531 514 3580 Paedius.
538 3531 573 3579 nli
588 3531 627 3580 ed.
644 3530 757 3580 Momms.
812 3529 844 3596 ¹¹)
860 3531 978 3582 Restitui.
