2542 3909
449 232 510 269 osu
528 232 625 272 meran.
643 213 690 269 IV.
709 220 819 271 ‘ts-81.
1055 217 1119 283 375

151 390 234 451 agere
254 389 310 431 non
328 376 450 447 poesim,
472 390 532 430 cum
554 390 622 431 uero
638 376 732 432 exierit
753 375 786 431 de
801 391 860 432 mea
879 384 1033 451 potestate,
1055 383 1120 433 tunc

151 476 210 517 eam
238 460 403 515 resuscitari.
453 454 501 515 79.
535 459 600 515 Cum
629 469 718 516 autern
748 458 935 517 filiusfamilias
963 476 996 517 en
1029 460 1119 516 norati

151 561 233 601 causa
248 544 381 618 mancipio
406 542 500 613 datur,
523 543 648 599 diuersae
663 544 772 601 mholae
794 552 920 602 auctores
942 552 1054 619 putant,
1077 552 1121 601 ter

152 646 215 685 eum
237 628 370 702 mancipio
394 626 450 683 dari
473 627 587 698 dehere,
610 630 674 701 quia
695 629 758 703 iege
772 646 820 687 111
835 628 987 686 maniacum
1010 637 1119 686 cantum

152 715 197 783 sit,
212 704 273 791 ’(ne
287 715 366 785 filius
380 714 415 769 de
428 718 572 785 potestate
584 717 684 785 patris
698 708 812 786 atiter)¹
829 723 915 783 creat,
935 730 1015 787 quarn
1035 715 1057 769 st
1077 723 1121 770 ter

152 798 426 871 fucrit‘mancipatus:
445 796 560 855 Sabinus
572 806 600 853 et
610 796 720 854 Cassius
732 800 871 871 ceterique
882 807 998 856 nostrae
1010 798 1120 855 scholae

151 890 279 939 auctores
295 879 421 939 sufficere
436 898 517 939 unam
538 884 760 955 mancipationem
776 882 965 946 credidernut;
985 874 1119 940 'etenim²

151 975 209 1022 tres
224 966 286 1039 iege
299 982 346 1023 111
359 964 508 1023 tabularum
526 966 558 1023 ad
572 966 738 1024 uoluntarias
750 968 960 1041 mancipationes
971 969 1118 1040 pertinere.

215 1048 268 1109 80.
292 1048 365 1107 Haec
385 1051 422 1106 ita
445 1051 478 1107 dc
501 1052 542 1107 his
565 1052 708 1125 personis,
732 1067 802 1125 quae
818 1053 846 1107 in
861 1058 999 1125 potestate
1014 1044 1117 1128 (sunt),

150 1136 210 1191 siue
228 1152 260 1192 er
276 1143 419 1191 contractu
432 1137 491 1191 siue
512 1152 545 1192 ex
562 1134 699 1192 maleficio
716 1152 808 1192 earum
824 1135 1030 1193 'controuersia
1045 1129 1118 1192 sitz³

151 1220 226 1293 quod
246 1235 313 1275 uero
336 1218 434 1276 adeas
454 1236 602 1294 personas,
624 1236 694 1295 quae
713 1221 741 1276 in
757 1236 837 1275 mauu
856 1222 1028 1294 mancipioue
1042 1228 1118 1290 sunt,

151 1305 189 1359 ita
204 1305 247 1359 ius
263 1302 377 1375 dicitur,
400 1313 430 1361 ut
445 1322 507 1361 cum
523 1321 555 1361 ex
570 1311 717 1362 contractu
738 1321 830 1361 enum
845 1305 972 1379 agatur,
985 1297 998 1339 ⁴
1018 1305 1069 1361 nisi
1084 1303 1118 1359 ab

152 1404 202 1457 eo,
220 1388 295 1443 cuiue
315 1388 367 1443 iuri
386 1388 522 1447 subiectae
543 1390 613 1459 sint,
635 1391 663 1445 in
678 1388 796 1446 eolIdum
819 1389 1014 1461 defendantur,
1034 1388 1117 1461 bona,

153 1487 224 1545 quae
239 1487 330 1527 earum
345 1470 437 1529 iutura
452 1473 558 1547 forent,
582 1475 605 1531 si
626 1475 689 1531 eius
708 1475 764 1529 iuri
782 1472 918 1533 subiectae
938 1490 994 1531 uon
1014 1482 1118 1545 essent,

152 1558 286 1613 incusant:
309 1557 356 1613 sed
371 1574 432 1614 cum
447 1556 574 1615 ’rescissa
591 1562 697 1631 capitis
711 1561 901 1617 deminutione
916 1576 982 1617 cum
999 1552 1118 1615 995911-

150 1642 227 1715 perio
244 1642 393 1699 continenti
413 1642 515 1700 iudicio
537 1642 652 1717 agitur,
670 1636 675 1721 1
690 1646 717 1700 si
731 1645 876 1701 aduersus
895 1659 958 1700 cana
973 1647 1184 1700 actionemtts.

151 1743 209 1781 non
224 1725 435 1799 defendantur,
458 1731 544 1784 etiam
566 1743 631 1784 cum
654 1732 720 1799 ipsa
742 1731 877 1797 muliere,
898 1730 964 1786 dum
985 1729 1012 1784 in
1029 1744 1116 1784 manu
1130 1718 1147 1757 ‘·
1161 1726 1181 1756 ¹·

152 1816 209 1881 est,
238 1814 287 1885 api
311 1818 422 1884 potest,
452 1815 519 1883 quia
547 1819 606 1868 tum
636 1816 740 1869 tatoris
762 1803 925 1871 auctoritas
946 1816 1115 1870 necessaria

80 1917 137 1972 [293]
151 1912 208 1952 non
231 1888 300 1952 991.ὓ
940 1914 979 1955 vv.
1001 1895 1116 1953 3-24.

523 1973 589 2055 181.
612 1980 699 2049 ’Quid
717 1997 786 2054 ergo
806 1986 870 2038 est?
890 1982 995 2037 etiarnsi
1017 1981 1045 2039 et'
1066 1973 1182 2093 (deptp

223 2118 243 2185 ¹)
257 2123 336 2173 aliter
346 2120 410 2188 (alit)
418 2124 446 2172 in
451 2124 531 2185 finem
541 2123 632 2180 reieci,
643 2129 670 2170 ut
680 2131 830 2186 appareret,
841 2139 892 2186 qua
901 2124 933 2172 de
943 2137 1024 2172 causa
1034 2122 1116 2171 tibra-

150 2195 208 2243 rius
221 2194 286 2243 daec
298 2195 422 2243 omiserit.
479 2190 500 2259 ’)
516 2201 543 2253 et
554 2193 617 2255 iupus
637 2192 664 2240 V
665 2189 692 2241 ¹².
713 2201 737 2241 et
747 2194 799 2243 iliae
811 2193 915 2259 (deinde
925 2200 975 2241 tres
985 2192 1055 2257 legis)
1066 2192 1116 2241 Kr.

151 2265 191 2315 ed.
201 2275 220 2315 s.
276 2259 297 2330 ¹)
312 2263 357 2313 Ea:
370 2263 471 2315 Blunm.
485 2263 559 2325 Scin,
575 2280 642 2331 quae
653 2265 749 2327 finiunt
763 2266 790 2313 in
801 2304 807 2316 .
818 2305 823 2315 .
833 2304 839 2315 .
849 2303 855 2315 .
865 2264 901 2313 eia
915 2264 963 2313 c‘et.
978 2270 1043 2312 esset
1057 2264 1116 2313 edd.

151 2333 173 2398 ⁴)
184 2343 295 2398 ageretur
304 2335 329 2387 0.
339 2335 397 2385 edd.
436 2332 458 2399 ὅ)
469 2334 615 2387 Secundum
627 2331 807 2399 Vstaertpaam
813 2336 899 2398 fuisse
904 2335 998 2399 putaui
1006 2334 1117 2383 rciseakd

149 2407 203 2455 ciis.
242 2402 263 2470 θ)
277 2404 435 2457 Sententiam
450 2408 488 2456 ita
497 2407 556 2470 sere
567 2408 673 2472 perfeci
683 2403 789 2456 ‘Gaius’
797 2416 881 2471 pete.
901 2405 988 2455 Aliter
1003 2404 1122 2469 Rudorff

149 2476 200 2527 Ed.
211 2484 313 2541 perpet.
323 2492 351 2541 p.
361 2489 395 2529 99.
416 2484 525 2528 tutorem
535 2494 666 2543 personae
680 2479 761 2527 alieni
777 2479 845 2527 iuris
863 2478 951 2527 datum
966 2482 1059 2527 contra
1074 2478 1115 2525 ius

149 2550 225 2598 civite
239 2554 363 2599 statuens.
375 2575 407 2584 -
421 2546 494 2599 Haec
506 2550 622 2613 fortasse
637 2549 708 2615 (nam
718 2550 745 2598 in
751 2564 780 2613 p.
791 2561 830 2601 919
841 2548 999 2612 nileinaene
1005 2555 1116 2611 praeter

144 2621 263 2685 paucula
278 2619 403 2684 quaedam
417 2627 442 2668 et
451 2620 553 2670 incerta
563 2623 615 2686 ispi
621 2619 719 2685 potuit)
728 2636 760 2669 ea
769 2621 856 2669 statim
866 2625 1034 2683 exceperunt,
1048 2634 1115 2683 quae

148 2689 225 2740 dedet
233 2705 279 2753 pr.
294 2689 315 2741 1.
334 2691 358 2739 si
372 2690 464 2754 quadr.
471 2706 554 2755 paup.
563 2690 596 2756 (t,
606 2692 639 2757 9),
653 2692 700 2741 sed
709 2697 807 2739 tantum
816 2691 925 2741 haecce:
944 2686 1115 2741 ‘Animantium

149 2762 263 2821 nomine,
283 2776 348 2825 quae
367 2762 470 2811 radone
489 2770 587 2821 carent,
606 2764 631 2811 si
649 2778 700 2828 qua
719 2763 830 2813 lasciuia
848 2768 894 2811 aut
909 2762 1019 2826 feruore
1041 2759 1116 2826 (attia

151 2828 287 2898 ‘pauore’)
307 2838 353 2881 aut
367 2832 476 2895 feritate
490 2835 644 2897 pauperiem
660 2834 788 2896 fecerint,
808 2833 914 2882 nonalis
928 2834 998 2882 actio
1012 2834 1068 2898 Iepe
1082 2842 1119 2875 ΧΠ

147 2903 295 2953 tabularum
314 2904 423 2966 prodita
446 2910 498 2953 est:
516 2920 581 2969 quae
600 2905 724 2953 animalia
743 2905 768 2953 si
786 2918 872 2953 noxae
891 2902 1033 2960 dedantur,
1049 2917 1115 2966 pro·

144 2976 239 3037 ficiunt
248 2989 294 3024 reo
304 2974 341 3023 ad
349 2972 535 3033 liberationem,
550 2977 611 3039 quta
626 2973 725 3025 itatem
739 2985 774 3017 111
785 2972 835 3023 tab.
850 2976 952 3038 seruata
967 2969 1025 3023 est.'
1057 2972 1114 3023 Non

147 3047 225 3095 etiam
240 3052 336 3103 cetera,
350 3060 416 3109 quae
430 3044 468 3096 ibi
476 3054 627 3110 sequuntur,
643 3060 708 3109 quae
723 3046 829 3094 aliunde
839 3051 927 3094 assuta
939 3058 994 3092 esse
1005 3049 1114 3092 constat.

150 3116 232 3165 Gaius
247 3122 340 3167 contra
354 3123 415 3178 post
433 3116 497 3167 daec
512 3118 613 3166 ddaisae
632 3118 747 3176 uidetur,
767 3116 835 3164 iilud
852 3116 962 3165 omnium
980 3115 1115 3164 namatium

147 3190 279 3237 actionum
293 3202 422 3237 commune
436 3202 505 3247 esse,
520 3188 627 3253 quodsi
640 3189 785 3238 servusdei
799 3188 896 3235 animat
909 3192 970 3234 ante
985 3186 1039 3234 litis
1054 3200 1115 3234 coa-

147 3260 309 3309 testata'onem
323 3265 449 3308 mortuum
462 3260 509 3316 sit,
530 3260 635 3308 nonalis
654 3261 723 3309 actio
742 3258 928 3322 exstinpuatur
946 3254 990 3320 (L.
1006 3267 1025 3305 1.
1041 3257 1063 3318 §-
1079 3268 1114 3307 ts.

147 3328 180 3379 D.
195 3331 221 3380 si
234 3329 327 3394 quadr.
338 3340 388 3392 9,1.
401 3329 433 3380 L.
444 3340 478 3382 te.
493 3332 516 3393 §-
527 3342 548 3381 t.
568 3330 600 3379 L.
615 3343 649 3381 99.
665 3332 688 3391 5.
703 3342 724 3380 t.
745 3328 777 3377 D.
792 3329 824 3378 de
838 3329 929 3378 nonai.
943 3339 965 3389 9,
979 3326 1012 3393 t).
1031 3326 1116 3375 Aliud

147 3402 216 3450 iuria
235 3415 302 3459 esse,
321 3402 345 3449 si
359 3408 421 3464 post
435 3401 489 3451 litis
509 3404 718 3451 contestationem
732 3401 774 3449 rei
788 3401 865 3463 calpa
880 3400 1008 3448 moriatur
1024 3394 1066 3462 (L.
1081 3408 1115 3449 19.

218 3520 244 3592 ξ.
261 3525 303 3574 79.
326 3524 521 3589 Cf.1‚1toseq.
540 3536 587 3577 199.
603 3536 650 3577 199.
671 3526 702 3574 L.
718 3537 738 3577 9.
754 3527 778 3587 ξ.
792 3536 815 3575 t.
834 3524 867 3574 D.
879 3523 911 3572 de
923 3523 987 3572 dom.
999 3520 1114 3570 119999.

148 3593 194 3660 (as,
208 3595 253 3660 ss).
314 3590 340 3661 ᾗ.
355 3596 397 3646 80.
420 3594 457 3658 Of.
470 3608 492 3658 s,
506 3608 540 3647 es.
559 3608 581 3658 a,
595 3607 628 3647 ss.
649 3609 670 3659 1,
685 3608 732 3648 ma.
748 3606 795 3646 1ss.
819 3594 875 3657 Uip.
890 3606 924 3655 ιι,
938 3604 973 3645 aa.
