2542 3909
167 186 233 254 556
455 205 521 243 rrm
538 205 634 243 rernm
652 206 725 243 suun.
744 187 778 243 V.
796 194 839 245 26.

167 338 266 396 stiores
287 337 315 393 in
337 330 470 393 insulam¹
486 334 676 411 deportatione
695 330 891 395 ’coercentem²
932 333 962 396 8.
984 337 1041 397 llac
1063 339 1141 416 lege

167 422 339 495 excipiuntur
347 414 371 494 ,³
395 422 442 495 qul
462 429 547 478 artem
567 420 698 479 ludicram
718 420 837 493 iaciunt,
861 421 974 480 indicati
994 424 1080 481 etiarn
1103 434 1138 481 et

167 504 302 575 confessi,
324 512 353 562 et
374 506 421 580 qul
441 504 502 563 ideo
524 506 552 561 ln
574 520 708 563 carcerem
729 505 792 564 duci
812 505 955 577 iubentur,
981 508 1058 581 quod
1082 511 1138 565 ins

168 590 267 646 dicenti
283 604 338 647 non
354 588 616 665 obtempernuerlnt,
636 591 718 663 quiue
738 599 832 648 contre
851 590 1020 665 disciplinam
1034 591 1138 666 puhli-

167 690 224 731 cem
244 673 374 744 iecerint3
398 668 518 731 ⁴tribunt
541 675 621 731 etinm
636 673 752 731 militum
774 682 802 731 et
823 675 953 750 preelecti
975 672 1136 735 ctusstnmi

167 757 320 829 elerumue,
343 766 374 815 ut
396 758 455 815 sine
477 757 567 832 sliqun
589 758 781 833 impedimento
803 757 872 833 legis
894 759 976 816 iuliae
1002 774 1055 834 per
1078 777 1133 819 ens

168 843 284 901 militare
307 843 435 901 delictum
457 844 576 900 coerceri
590 843 687 918 possit.
729 838 760 900 8.
784 834 876 917 ⁸hege
890 842 957 900 lulle
971 843 1005 901 de
1019 845 1050 900 ni
1063 844 1133 921 'pn-

167 926 235 985 bllca
257 937 284 985 et
306 919 432 1004 priuata⁷
455 934 572 994 tenetur,
595 928 643 1001 qni
666 941 746 1000 quem
761 928 869 983 armatis
890 926 1045 985 hominihus
1059 946 1204 1003 pos-[asu

168 1014 299 1085 sessione,
313 1013 405 1083 donno,
417 1011 481 1068 uilla
493 1026 595 1086 agroue
606 1011 744 1081 deiecerit,
756 1011 961 1085 erpuqnnuerit,
975 1010 1130 1086 obsederit,

167 1090 349 1169 'incluserit,⁸
363 1096 425 1153 idue
440 1103 470 1151 ut
485 1093 578 1167 lieret,
594 1095 716 1153 homines
731 1095 959 1165 commodanon,
980 1095 1130 1171 torruerit,

169 1181 346 1249 condurerlt;
362 1182 445 1252 quiue
461 1180 566 1249 'coetu,
587 1194 740 1251 concursu,
760 1177 854 1250 turha,
877 1179 1010 1237 seditione
1031 1182 1130 1239 incen-

168 1265 240 1323 dium
257 1258 382 1333 lecerlt3l
397 1264 517 1319 iunereri
530 1263 674 1336 sepeliriue
684 1262 802 1336 aliquem
812 1262 993 1337 prohibuerit,
1003 1264 1128 1323 funusne

165 1342 352 1425 ’eripuerlt.¹⁰
372 1346 537 1415 turlrauerit3
560 1355 588 1403 et
610 1349 656 1420 qui
677 1362 753 1419 eum,
773 1348 816 1404 cui
831 1362 899 1420 nque
914 1355 942 1403 et
957 1350 1016 1422 tqni
1038 1350 1126 1407 inter·

167 1434 268 1490 dictum
284 1441 336 1504 est,
355 1425 524 1505 ¹¹receperit,
540 1430 685 1501 celeuerit,
701 1423 875 1500 'tenuerit;¹²
889 1432 972 1505 quiue
986 1447 1050 1489 cum
1066 1434 1124 1491 telo

165 1520 192 1573 in
208 1516 318 1590 publico
334 1516 425 1585 iuerit,
443 1511 551 1586 templa,
565 1524 659 1587 portes
670 1514 778 1571 aliudue
790 1514 855 1589 quid
863 1514 1001 1589 publicum
1013 1519 1125 1575 armatis

167 1599 319 1676 obsederit,
335 1599 463 1669 cinxerit,
484 1597 625 1665 clauserit,
649 1601 830 1674 occupauerit.
872 1597 974 1667 Quibus
997 1599 1123 1658 omnihus

166 1684 315 1754 conuiciis,
331 1684 354 1739 si
370 1682 541 1739 honestiores
557 1683 627 1754 sint,
643 1684 723 1740 tertia
738 1700 800 1757 pars
816 1682 951 1740 bonorum
965 1686 1080 1758 eripitur
1096 1694 1124 1741 et

166 1770 194 1823 in
217 1766 332 1825 lnsulnnr
354 1767 524 1841 relegentem
552 1767 711 1824 humiliores
737 1768 765 1823 in
792 1767 929 1823 metallum
952 1766 1122 1825 damnantur.

164 1850 194 1909 4.
219 1846 375 1909 ¹³Cretlitnr
396 1851 632 1925 chirographnrius
655 1852 678 1907 sl
693 1852 751 1907 stne
765 1852 842 1907 lussu
856 1850 988 1926 praesidis
1004 1868 1053 1925 per
1067 1854 1123 1910 uim

240 2000 260 2069 1)
276 2004 300 2053 in
314 2004 466 2053 honestiores
480 2003 570 2053 insulse
585 2001 619 2068 (in
634 2002 726 2051 insulae
740 2005 866 2061 nonnulli,
880 2004 1032 2052 honestiores
1045 2004 1072 2054 in
1084 2006 1123 2055 in·

166 2075 241 2125 sulum
257 2074 332 2139 unus)
350 2074 411 2125 odd.
427 2075 484 2125 edd.
550 2070 569 2137 ²)
584 2081 710 2123 coercetur
725 2072 787 2123 Cdd.
801 2074 841 2123 ed.
856 2073 889 2122 A.
910 2074 949 2137 Cf.
963 2084 984 2134 t,
999 2076 1047 2126 ω’.
1061 2077 1086 2139 ἦ.
1100 2090 1122 2128 1.

167 2142 188 2211 ⁸)
205 2145 243 2210 Cf.
258 2144 362 2196 Sueten.
378 2145 445 2210 Aup.
461 2156 494 2197 tt.
525 2143 605 2193 Tacit.
620 2143 654 2193 A.
669 2157 690 2202 1,
704 2154 737 2194 tt.
802 2140 824 2210 ⁴)
841 2143 880 2207 ΟΥ.
896 2144 985 2209 Polyb.
1000 2157 1022 2203 c,
1036 2156 1071 2197 st.
1086 2158 1121 2198 ts.

167 2215 219 2266 Cic.
234 2217 266 2266 de
282 2216 356 2281 lepib.
371 2227 392 2273 s,
407 2226 427 2267 u.
449 2215 563 2278 Appian.
578 2214 647 2265 deb.
662 2216 710 2264 eiu.
724 2226 747 2279 8,
760 2224 794 2267 stt.
860 2212 881 2279 ι)
895 2214 1037 2265 Excidiese
1050 2217 1120 2267 vide·

166 2294 224 2335 tur:
237 2288 379 2335 cohortium.
445 2281 466 2351 ⁶)
483 2285 521 2347 Of.
536 2284 568 2333 L.
582 2296 603 2335 s.
618 2286 642 2347 ξ.
657 2297 677 2335 c.
696 2284 729 2334 L.
742 2297 764 2335 t.
779 2295 791 2336 c
801 2300 845 2349 pr.
864 2284 897 2333 ll.
912 2286 948 2334 ad
960 2287 1008 2351 leq.
1024 2286 1073 2336 Iul.
1088 2288 1121 2337 de

166 2359 191 2405 oi
200 2356 273 2419 publ.
288 2354 333 2421 (tc,
343 2354 375 2422 c).
427 2351 448 2421 ²)
462 2354 507 2404 Sic
517 2356 638 2419 plerique
653 2355 716 2403 Cdd.
730 2355 824 2418 prinetn
837 2356 893 2417 ulii,
907 2356 964 2405 edd.
988 2355 1042 2406 Sed
1054 2358 1122 2409 iilud

166 2432 265 2475 mutare
279 2428 359 2482 nolui,
374 2427 494 2487 quoniam
507 2426 583 2474 etiarn
597 2440 631 2474 em
642 2425 732 2475 Goliut.
742 2435 763 2483 s,
773 2436 794 2475 2.
809 2428 948 2475 uerisimile
956 2433 1003 2486 est,
1011 2436 1120 2491 praeter

165 2499 245 2559 leqem
259 2493 353 2543 Iuliam
367 2494 399 2543 de
411 2496 438 2542 ui
448 2492 563 2556 publica,
578 2510 643 2557 quae
657 2496 895 2557 udmaqistrotuum
904 2498 954 2545 uim
963 2498 1118 2559 pertinebat,

162 2567 247 2629 fuisse
262 2567 340 2629 leqem
355 2562 449 2613 Iuliam
467 2563 499 2612 de
513 2564 539 2611 ui
553 2563 661 2625 publica
679 2570 704 2613 et
717 2566 836 2627 privata,
856 2580 921 2629 quae
935 2567 1008 2628 infra
1022 2570 1045 2628 ξ.
1059 2580 1080 2617 t.
1094 2577 1119 2620 et

165 2636 225 2699 Diq.
239 2645 274 2693 tu,
290 2644 310 2684 7.
331 2632 391 2683 Cori.
405 2645 426 2691 9,
442 2644 475 2682 te.
494 2634 570 2682 etiam
588 2633 620 2682 de
634 2636 661 2683 ui
670 2635 778 2698 priuata
791 2635 902 2697 dieitur,
924 2637 952 2683 in
970 2651 1050 2700 eaque
1064 2639 1117 2703 leqe

165 2707 241 2755 tutem
254 2706 303 2753 nim
317 2703 412 2753 dietam
426 2718 494 2763 erse,
509 2718 573 2767 quae
588 2706 649 2753 ticet
662 2706 770 2769 priosta
783 2713 850 2755 esset
863 2720 898 2755 eac
906 2720 1023 2769 persana
1038 2708 1116 2757 delin-

165 2777 273 2841 quentis,
288 2782 371 2823 tamen
385 2787 420 2824 eac
433 2776 571 2824 atrocitate
585 2776 661 2825 etium
671 2776 707 2824 ud
715 2775 898 2840 rempublicam
910 2778 1061 2839 pertineret.
1083 2778 1117 2829 tte

164 2848 212 2897 hoc
226 2848 251 2895 si
264 2848 365 2903 statuis,
377 2846 487 2909 facilius
501 2847 665 2912 intelliqitur,
675 2848 720 2911 qui
730 2847 881 2909 factumsit,
891 2853 919 2895 ut
928 2854 1030 2909 postea,
1044 2864 1115 2913 quum

164 2919 247 2983 maqie
260 2932 295 2967 eu·
306 2918 375 2980 facti
385 2931 534 2982 poenaeque
547 2920 677 2982 pravitate
691 2918 824 2982 utriusque
834 2919 872 2967 oin
880 2932 978 2982 qenera
988 2919 1113 2970 discerne·

164 2996 264 3047 rentur,
278 2989 314 3037 ud
322 2990 439 3051 priorem
453 2988 577 3052 quaedam
592 2990 671 3053 tepent
685 2989 861 3051 reserrentur,
875 3002 940 3052 quae
949 2991 1061 3053 proprie
1069 3005 1113 3055 po·

163 3062 260 3110 eterior
270 3073 357 3122 poena
370 3066 504 3109 sanxerat.
528 3058 568 3107 De
582 3062 693 3109 aliorum
701 3060 837 3108 sententiis
845 3059 880 3122 es.
892 3057 958 3108 Rein
970 3059 1112 3110 Criminuh.
1196 3094 1217 3105 ..

164 3132 188 3180 ai.
205 3129 299 3179 Rimer
309 3145 337 3193 p.
354 3140 392 3181 tte
406 3144 457 3194 seq.
523 3126 546 3193 8)
562 3128 605 3179 Cat.
620 3140 655 3181 21.
671 3129 703 3178 L.
718 3138 732 3180 5
741 3144 785 3192 pr.
804 3129 836 3179 D.
852 3131 896 3179 cit.
911 3130 1010 3179 cluserit
1023 3133 1113 3195 reliqui
1241 3120 1243 3136 '

166 3200 227 3250 aad.
240 3202 298 3250 edd.
345 3196 368 3265 ο)
383 3199 423 3249 ile
433 3200 493 3264 Diq.
504 3201 520 3247 t.
532 3214 554 3248 c.
565 3207 667 3261 coetum,
678 3213 829 3259 concursum,
838 3200 940 3262 tnrhsrn,
950 3200 1089 3251 seditionem
1097 3204 1112 3252 l.

165 3271 227 3320 odd.
242 3270 300 3320 edd.
367 3267 400 3334 ιθ)
416 3270 551 3319 Fortasse:
565 3270 698 3331 diripuerit.
719 3270 757 3333 Cf.
773 3270 833 3334 Diq.
900 3265 932 3334 ιι)
949 3269 987 3333 Of.
1003 3270 1055 3320 Gic.
1065 3286 1111 3335 pro

163 3342 236 3391 domo
251 3351 285 3391 to.
305 3340 343 3387 ad
356 3339 410 3388 Att.
425 3350 446 3396 c,
460 3350 481 3389 e.
553 3334 586 3403 ¹²)
601 3338 693 3387 Malim
706 3340 802 3389 iuuerit.
821 3340 940 3389 adhaesit
954 3345 983 3388 t·.
1009 3340 1048 3403 Oi.
1064 3341 1110 3392 Cic.

169 3410 245 3459 Verr.
260 3421 280 3470 1,
290 3418 324 3458 sr.
378 3404 411 3471 ¹³)
427 3408 465 3467 Or.
480 3411 709 3470 eupros,1a.§.s.
729 3408 761 3457 l..
771 3420 792 3460 r.
802 3420 824 3460 s.
838 3408 871 3455 D.
881 3409 905 3457 i.
921 3415 938 3458 t.
953 3406 998 3473 (ss,
1008 3410 1040 3473 r).
1054 3410 1110 3463 hs.

165 3478 230 3526 (1.7.
245 3485 263 3527 t.
284 3476 315 3542 (e,
331 3475 374 3541 ts).
393 3476 426 3526 L.
440 3488 461 3527 s.
483 3475 508 3525 0.
524 3476 556 3525 rie
569 3475 754 3542 ptqn.(e,14).
774 3478 855 3528 L.11.
881 3477 908 3527 0.
927 3478 960 3527 de
974 3479 1048 3543 pipo.
1066 3490 1111 3533 aet.

164 3545 195 3611 (4,
209 3546 254 3610 24).
276 3546 337 3594 Nou.
353 3558 387 3595 tto.
403 3561 424 3595 c.
440 3558 451 3595 1
463 3560 506 3609 pr.
