2542 3909
174 251 239 316 634
336 267 441 304 nouiru
459 267 566 303 vsrrsru
584 252 616 317 (l)
635 267 733 303 susan.
752 268 787 302 nn
806 268 868 303 rvss
886 267 961 303 srsc1.

173 389 1128 535 alatfltiaattt2,alsttaatstffflluta

174 527 305 578 materias
324 526 409 576 etiam
427 523 553 600 rubricis,
572 525 673 600 quibus
690 523 839 594 prngendis
856 540 967 577 versum
985 526 1128 602 integrum

174 608 192 645 a
209 592 347 659 scriptura
363 606 483 643 vacuum
501 589 627 658 rchqu1t,
653 591 825 659 distinguere
847 590 977 643 librarius
994 591 1127 657 instituit,

172 660 203 711 in
221 661 341 727 utroque
366 659 461 711 tamen
482 673 517 710 ne
539 674 573 710 ue
596 659 736 712 rationem
757 673 850 724 neque
873 659 1057 712 constantiam
1081 674 1128 711 ex·

173 726 274 782 hibuit.
307 725 460 778 ‘Rubrioas
477 741 494 777 a
511 724 531 776 li
552 725 624 778 rario
643 725 728 778 fuisse
745 726 915 792 numeratas,
934 725 1061 778 indicant
1077 742 1128 778 nu-

173 810 266 847 merus
289 800 376 846 ‘xxvr’
403 793 433 845 et
454 791 595 868 sequentis
617 792 745 846 rubricae
770 808 835 860 pars
860 793 972 845 numeri
995 794 1127 857 (xxv)‘11’,

173 862 223 929 qui
241 877 314 914 nunc
333 859 445 912 demum
464 857 543 911 initio
556 863 597 922 §i-
610 863 625 912 8
641 861 670 912 et
681 866 697 912 9
709 860 737 912 in
749 859 877 936 margine
896 861 1127 927 comparuerunt:

172 925 732 1061 fatuitateartatus
750 925 1129 1048 {satisfuit-rati

173 1063 291 1116 stinctae
309 1060 401 1113 fuisse.
437 1033 514 1112 Cum,
523 1060 611 1128 igitur
626 1076 683 1114 non
701 1061 823 1124 constet,
845 1061 915 1127 quot
932 1060 1044 1113 articuli
1061 1076 1128 1128 qua-

173 1145 228 1197 que
257 1128 370 1181 rubrica
399 1126 593 1194 comprehensi
622 1127 739 1192 fuerint,
770 1143 822 1180 neo
852 1129 929 1179 certa
958 1126 1127 1191 coniectura,

173 1196 311 1317 qugnttqm
328 1194 468 1248 interierit
490 1195 555 1248 ante
579 1210 625 1260 ca,
648 1211 719 1263 quae
742 1194 854 1248 servata
875 1195 954 1257 sunt,
977 1194 1042 1247 hino
1064 1193 1129 1262 capi

194 1278 274 1317 oea.

172 1280 191 1332 p
241 1329 305 1397 lpse
323 1331 422 1382 auctor
439 1343 486 1393 ea,
505 1345 577 1397 quae
596 1332 758 1396 supersunt,
782 1329 919 1396 quantum
942 1343 977 1381 ex
999 1327 1043 1380 his
1060 1326 1128 1394 ipsis

173 1397 312 1450 coniicere
330 1396 405 1460 licet,
425 1411 458 1449 eo
476 1395 559 1448 modo
578 1396 691 1449 videtur
708 1395 866 1464 digessisse,
884 1397 917 1448 ut
933 1395 976 1447 ius
994 1393 1053 1447 fisci
1070 1396 1127 1447 tra·

173 1465 264 1517 ctaret
282 1464 302 1519 Ι,
321 1463 430 1516 ratione
447 1463 633 1531 negotiorum,
652 1478 724 1530 quae
737 1464 772 1515 ab
786 1462 847 1515 aliis
858 1464 974 1531 propter
985 1460 1130 1528 publicam

173 1529 316 1608 quandam
338 1528 491 1582 utilitatem
513 1529 653 1582 inutiliter
675 1531 810 1598 geruntur
836 1529 895 1583 sive
922 1528 1019 1582 mortis
1045 1544 1130 1582 causa

173 1612 231 1650 sive
253 1596 327 1648 inter
349 1595 441 1660 vivos,
464 1595 504 1655 ft.
524 1601 608 1650 1—4r.
643 1595 677 1649 II.
700 1597 809 1649 ratione
835 1596 1026 1673 negotiorum,
1055 1610 1128 1661 quae
1232 1606 1235 1613 ’

173 1663 260 1730 ipsius
277 1662 337 1715 fisci
353 1663 466 1716 nomine
489 1662 609 1716 maxime
628 1679 646 1715 a
662 1664 749 1717 servis
768 1663 894 1717 Caesaris
917 1662 1130 1729 contrahuntur,

173 1735 213 1794 §a
231 1735 305 1783 5-7.
328 1731 390 1782 tum
412 1731 510 1798 ageret
531 1729 578 1782 Ill.
597 1729 631 1782 de
654 1730 751 1797 poenis
772 1728 954 1807 pecuniariis,
978 1745 1050 1797 quae
1073 1729 1130 1781 illi-

173 1797 229 1850 cite
252 1797 396 1865 gestorum
418 1796 530 1850 nomine
553 1797 582 1849 in
604 1797 700 1849 fiscum
722 1797 903 1866 rediguntur,
921 1801 960 1860 ἐς.
979 1803 1003 1850 8.
1022 1802 1060 1857 9.,
1079 1796 1130 1850 ubi

173 1865 296 1934 primum
313 1862 412 1916 folium
430 1865 496 1918 exit.
526 1863 659 1930 Sequitur
676 1865 705 1916 in
724 1864 813 1917 altero
830 1864 897 1917 folio
914 1862 962 1916 IV.
980 1862 1015 1916 de
1033 1863 1128 1931 lucris,

173 1947 246 2001 quae
265 1930 348 1984 fiscus
366 1947 400 1983 ex
418 1931 502 1984 licitis
520 1932 694 1998 privatorum
716 1931 837 2000 negotiis
859 1931 907 1984 vel
929 1931 1026 1984 mortis
1044 1945 1130 1983 eausa

173 1998 314 2119 tiata}
331 1999 509 2119 litigii-’s
528 2001 705 2132 iiiiii?
723 1998 1130 2132 falafiia't‘alta

173 2132 261 2187 etiam
279 2132 409 2200 oporteat
425 2133 472 2185 vel
488 2105 557 2195 riou,
575 2132 635 2184 tam
653 2131 710 2197 his,
728 2133 777 2199 qui
794 2147 908 2185 munere
927 2130 1022 2198 aliquo
1041 2130 1130 2183 fiscali

173 2200 221 2253 fun
244 2200 336 2264 untur,
355 2214 440 2266 quam
457 2199 584 2266 privatis,
604 2203 643 2262 ἕξ.
659 2204 764 2251 14-21.
794 2197 847 2261 Qui
859 2197 928 2251 ordo
945 2198 1129 2251 materiarum

174 2217 255 2321 valia
278 2266 437 2333 discrepare
460 2265 680 2342 deprehenditur
701 2265 737 2318 ab
765 2281 810 2326 eo,
837 2280 892 2332 quo
913 2264 1038 2342 Paullus·
1051 2263 1129 2318 Seut.

173 2334 223 2386 lib.
243 2333 276 2390 V.
288 2333 332 2386 tit.
348 2338 387 2384 1a
406 2331 441 2386 de
460 2347 519 2385 rure
538 2330 625 2384 fiscre
647 2333 678 2385 it.
709 2330 778 2385 Cum
797 2348 863 2384 vero
882 2346 924 2396 ea,
944 2347 1018 2398 quae
1029 2347 1060 2384 1n
1071 2330 1128 2385 fine

174 2399 236 2454 folii
254 2399 339 2467 primi
355 2399 521 2464 tractantur,
540 2349 691 2452 admoium
704 2399 796 2452 vicina
807 2399 864 2451 sint
874 2398 926 2463 his,
945 2398 1019 2451 unde
1032 2412 1129 2452 secun-

174 2467 241 2520 dum
258 2466 357 2520 folium
373 2465 487 2518 initium
504 2465 591 2531 capit,
615 2464 692 2518 haud
713 2465 778 2535 plus
795 2481 880 2533 quam
897 2464 953 2518 duo
970 2463 1038 2518 folia
1053 2465 1130 2518 inter

173 2535 324 2600 utrumque
363 2531 457 2585 eriisse
476 2532 633 2586 existimare
652 2532 725 2586 licet.

241 2599 283 2652 De
302 2614 335 2652 ae
367 2600 396 2652 te
414 2600 444 2652 et
465 2601 578 2653 auctore
599 2599 701 2652 horum
722 2599 766 2652 fra
816 2600 944 2652 entornm
965 2614 1069 2666 magna
1085 2602 1201 2660 estam]

172 2667 340 2720 interritos
359 2665 455 2719 doctos
473 2665 617 2729 dissensio,
636 2665 671 2718 de
690 2682 747 2734 qua
785 2665 958 2719 eimbachius
974 2667 1005 2718 in
1022 2668 1127 2734 repert.

173 2733 247 2802 Lips.
267 2738 340 2787 1843.
359 2749 387 2801 p.
407 2739 455 2786 146
468 2750 525 2802 seq.
545 2735 574 2786 et
591 2732 777 2801 Boeckingius
794 2733 824 2785 in
842 2732 1017 2801 praefatione
1037 2733 1129 2786 novis-

175 2802 261 2854 simae
279 2801 379 2854 horum
397 2800 618 2868 fragmentorum
641 2799 771 2853 editionis
794 2799 844 2852 sub
868 2799 953 2853 linem
977 2800 1043 2853 edit.
1062 2798 1128 2868 Uip.

173 2868 273 2945 fragm.
292 2869 410 2936 quartae
428 2869 632 2944 (1855)p.145.
651 2867 763 2935 copiose
780 2868 978 2933 exposuerunt.
1007 2865 1044 2918 Et
1060 2881 1128 2919 sane

173 2935 284 2988 facilius
302 2935 380 2989 dictu
398 2935 448 2998 est,
467 2949 545 2986 cuius
563 2949 597 2986 ea
614 2948 670 2987 non
687 2933 751 2999 sint,
769 2933 836 2986 licet
853 2949 871 2986 a
887 2933 1055 3001 quibusdam
1067 2949 1128 2986 esse

174 3001 249 3055 diota
258 3002 370 3066 fuerint,
382 3017 467 3071 quam
476 2999 554 3054 otius
564 3001 627 3054 sint.
654 3000 780 3054 Primum
791 3001 878 3069 igitur
887 3016 942 3053 non
951 3001 1017 3053 sunt
1026 2998 1126 3067 Paulli,

173 3085 333 3190 latet,
347 3067 905 3189 {flltliltfflftua⁰aalili:
923 3065 1129 3187 datalia

173 3202 243 3269 illis;
261 3219 327 3256 nam
346 3203 376 3255 et
393 3201 460 3254 ordo
478 3217 571 3254 rerum
590 3152 662 3254 {lius
681 3203 730 3266 est,
750 3152 793 3254 cleg
803 3217 858 3269 quo
876 3201 933 3254 iam
951 3200 1022 3264 dixi,
1062 3199 1128 3254 uod·

194 3285 230 3322 ue
247 3271 369 3322 maxime
388 3269 508 3336 apparet
525 3285 558 3322 ex
576 3268 600 3327 §-
614 3274 654 3322 19.
672 3268 854 3320 collatarum
872 3267 956 3320 simili
973 3268 1034 3321 loco
1071 3272 1129 3323 ,⁴t.

173 3287 199 3395 ἓ.
213 3343 239 3389 3.
258 3335 292 3389 D.
312 3335 347 3388 de
364 3335 415 3388 iur.
434 3334 491 3388 fise.
513 3339 565 3401 (49,
585 3340 636 3399 14,
655 3335 684 3388 et
701 3335 842 3388 sententia
858 3334 885 3398 §i
902 3342 935 3400 9.,
954 3349 1026 3404 quae
1045 3334 1128 3402 longe

174 3402 259 3455 aliter
277 3403 305 3454 et
323 3401 379 3454 alio
393 3401 600 3454 Sententiarum
631 3417 680 3454 oco
699 3401 721 3456 1.
741 3407 775 3455 6⁶.
794 3406 818 3465 ς.
830 3407 854 3454 2.
873 3402 1006 3455 refertur:
1023 3417 1080 3454 non
1093 3415 1128 3453 ex

173 3468 229 3533 his,
248 3469 380 3544 quoniam
392 3467 507 3522 Paullus
518 3468 552 3521 iis
563 3469 607 3522 ius
619 3467 681 3521 fisci
692 3468 764 3521 iusto
780 3468 902 3521 tractatu
919 3468 1082 3536 exsequitur
1099 3468 1129 3519 et

174 3551 302 3649 proprias
320 3535 493 3602 aliorumque
512 3535 657 3604 opiniones
673 3534 720 3588 vel
736 3535 938 3603 imperatorum
950 3534 1088 3602 rescripta
1099 3534 1130 3586 et

195 3603 288 3654 cereta
305 3603 399 3666 refert,
418 3601 579 3660 verutus.
598 3601 638 3666 §a
656 3605 681 3654 t.
701 3607 741 3654 11.
761 3607 798 3654 la
819 3607 858 3655 lt.
876 3604 909 3655 D.
928 3601 963 3654 de
981 3600 1033 3670 his,
1052 3614 1126 3668 quae
