2542 3909
166 240 234 305 464
425 257 491 296 avon
509 257 604 294 earm
623 257 693 294 arur.
712 238 732 291 Ι.
754 243 863 291 10-12.

223 406 287 446 rra.
301 407 332 446 x.
361 406 403 445 na
417 383 484 461 ’lau
499 403 552 453 ora
565 403 662 445 aaran
677 379 794 460 eaorrl¹
809 400 886 443 aava
901 399 1056 442 ardanna.
1134 393 1208 444 [⁸66]

230 495 255 556 1.
280 496 361 571 (Plus
371 491 527 571 petendol²
550 513 629 552 causa
652 495 769 551 cadimus
793 502 838 551 aut
853 495 924 565 loeo,
946 503 992 549 aut
1006 508 1121 562 summa,

167 590 215 638 aut
229 591 358 655 tempore,
383 590 430 637 aut
452 581 594 654 qualitate:
617 579 690 651 loeo,
713 579 788 651 alihi;
813 594 924 649 summa,
947 567 1122 644 'maioremss³

169 675 308 740 ternpore,
330 663 401 722 'ante
427 664 563 739 petendo,
586 679 665 736 quarn
692 655 840 731 debetur3⁴
861 662 1005 736 qualitate,
1027 658 1121 715 ’debiti

167 752 277 824 generis
292 750 407 823 speciem
425 743 503 823 (etsi)
520 747 642 803 uiliorem
658 739 848 820 postulando.⁵

431 875 494 918 TIT.
509 873 552 914 xt.
588 873 630 914 DE
647 870 854 918 saalsndramo.

229 959 250 1018 l.
272 953 402 1026 ⁶Quoties
418 958 553 1014 hereditas
569 958 686 1031 petitur,
705 956 847 1016 satisdatio
861 958 920 1014 lure
935 955 1119 1024 desideratum

166 1046 204 1101 'et
224 1046 320 1100 sinon
342 1043 434 1112 detur,
456 1043 483 1097 ln
508 1043 653 1114 petitorem
673 1041 846 1098 satisdantem
873 1038 1007 1098 hereditas
1032 1050 1120 1096 trans·

169 1120 279 1188 lertur.⁷
309 1129 332 1182 si
346 1128 448 1200 petitor
463 1125 592 1182 satisdare
607 1125 743 1195 noluerit,
759 1140 841 1198 penes
855 1139 1043 1198 possessorem
1058 1140 1120 1199 pos·

167 1214 253 1268 sessio
279 1219 414 1279 remanet;
447 1211 475 1266 in
501 1210 558 1283 pari
583 1210 654 1265 enim
679 1225 758 1266 eausa
783 1209 875 1282 potior
899 1217 941 1265 est
967 1224 1119 1282 possessor.

166 1292 194 1353 2.
218 1289 456 1350 ⁸Usuiruetuarius
471 1287 528 1350 ’et9
548 1293 581 1349 de
597 1292 698 1348 utendo
722 1291 864 1350 usufructu
885 1292 1016 1350 satisdare
1030 1291 1120 1364 dehet,

165 1373 240 1435 ’se¹⁰
255 1377 366 1452 perinde
382 1392 505 1447 usurum,
520 1392 551 1432 ae
565 1377 588 1431 si
602 1379 661 1449 ipse
676 1375 863 1451 paterfamilias
879 1385 1014 1432 uteretur.

383 1502 447 1544 atr.
462 1501 518 1542 xia.
548 1501 590 1542 DE
605 1499 737 1544 tvntans
754 1501 898 1544 OMNIBVS.

230 1587 257 1646 1.
282 1580 357 1658 ¹'lli,
374 1586 420 1659 qui
433 1585 497 1641 laisa
514 1587 691 1658 rescriptione
704 1588 745 1642 usi
756 1585 869 1656 luerint,
881 1586 942 1660 lege
952 1585 1073 1642 Cornelia
1087 1585 1120 1642 de

168 1672 242 1728 salsis
253 1672 402 1745 puniuntur
412 1663 541 1726 ’eallio.¹²
572 1663 645 1746 [¹³2.
661 1669 711 1738 Qui
726 1670 847 1726 ancillam
863 1672 983 1744 eorrupit
996 1669 1118 1740 alienam,
1133 1685 1197 1734 [aar]

166 1825 212 1889 qui
229 1823 295 1886 reip.
316 1835 396 1871 cauea
414 1819 552 1883 adfuturus
570 1828 641 1878 erat,
660 1835 691 1870 ea
710 1835 771 1870 caue
790 1820 893 1883 reseras
911 1820 947 1869 ad
959 1821 1025 1883 reip.
1041 1835 1121 1871 eausa

166 1894 301 1951 absentem,
316 1892 348 1940 de
363 1906 411 1955 quo
425 1892 540 1955 loquitur
558 1889 613 1955 Ulp.
628 1890 660 1939 L.
675 1902 709 1942 to.
723 1892 746 1952 ὅ.
762 1902 782 1942 a.
797 1891 830 1940 D.
840 1891 895 1941 eod.
924 1889 1049 1953 Of.L.1t.
1065 1891 1089 1952 ξ.
1099 1902 1120 1942 e.

166 1966 199 2014 de
211 1967 287 2016 solut.
312 1974 347 2021 aa,
362 1974 393 2013 a.

241 2033 289 2083 dit.
302 1961 341 2082 (X.
375 1962 401 2097 )²)
415 2030 461 2082 Bar
476 2031 586 2082 Corruit.
600 2041 622 2090 tt,
635 2043 657 2082 4.
677 2030 820 2082 Praeterea
834 2032 869 2094 es.
887 2029 943 2081 Gai.
957 2045 980 2090 a,
993 2042 1027 2083 aa.
1047 2033 1070 2092 ὅ.
1086 2043 1121 2084 aa.

167 2105 231 2155 Lde
241 2110 291 2154 aet.
303 2100 375 2169 (ho).
414 2097 435 2167 ¹)
452 2099 635 2152 HeeteSedult.
649 2102 804 2166 peminando
818 2103 952 2164 supplevit,
968 2117 1032 2165 quae
1045 2103 1121 2150 etiarn

166 2178 193 2226 iu
209 2175 320 2226 Corruit.
335 2175 352 2222 l.
367 2188 390 2223 e.
405 2171 436 2222 od
450 2173 555 2222 eandem
569 2186 674 2222 eausam
687 2173 851 2222 exciderunt.
911 2168 932 2237 8)
948 2171 992 2221 Eae
1007 2172 1121 2222 consult.

166 2246 314 2301 emendata·
327 2243 381 2309 plus
393 2243 454 2292 Cdd.
465 2243 523 2292 edd.
546 2240 600 2291 Sed
609 2241 718 2290 Paullus
732 2242 799 2291 hane
814 2258 835 2291 o.
844 2244 990 2306 generalem
1004 2249 1121 2305 repetere

166 2331 217 2366 uon
228 2322 341 2379 poterat.
392 2310 414 2378 ⁴)
428 2312 473 2361 Eae
484 2312 595 2363 Censuit.
611 2313 740 2375 repetendo
755 2318 809 2360 ante
823 2319 916 2374 tempus
929 2314 1046 2376 plerique
1057 2312 1120 2362 Gdd.

167 2387 224 2436 edd.
255 2386 315 2434 Cum
329 2397 390 2434 uero
403 2385 431 2432 a'u
448 2382 491 2432 Cd.
506 2394 527 2433 a.
550 2383 585 2433 eit
598 2395 703 2444 summa,
724 2384 745 2431 si
760 2383 813 2446 plus
827 2397 897 2447 quam
911 2383 994 2432 damus
1008 2384 1120 2447 petimus,

166 2458 313 2519 auspicatus
325 2467 382 2503 aum
394 2453 418 2502 h.
434 2454 450 2502 t.
471 2466 540 2516 qnam
559 2453 660 2502 debetur
673 2460 733 2502 aute
746 2454 829 2502 simile
847 2452 959 2518 qualitate
980 2453 1120 2512 excidisse,

166 2526 236 2590 quod
248 2529 370 2574 mutatum
384 2525 411 2572 a'n
421 2537 491 2586 quam
501 2522 583 2572 damas
593 2525 676 2574 locum
689 2525 833 2573 mutaverit.
881 2520 902 2588 Β)
912 2524 1018 2573 eiusdem
1030 2523 1121 2588 speciei

166 2610 218 2646 rem
236 2594 357 2643 meliorem
376 2593 523 2656 postulantes
543 2593 605 2644 Odd.
620 2596 761 2658 pleraeque
779 2593 837 2644 edd.
856 2608 903 2642 nou
922 2594 1029 2643 eiusdem
1049 2593 1121 2658 pretii

167 2666 210 2717 sed
224 2679 275 2714 rem
288 2664 411 2712 meliorem
425 2679 448 2728 p.
465 2664 509 2716 cd.
524 2675 558 2716 tt.
591 2663 681 2714 Minus
698 2670 848 2728 corruptum
870 2665 952 2714 loourn
966 2664 1041 2714 habet
1057 2664 1120 2715 Con·

165 2738 234 2797 salt,
249 2735 284 2784 ad
297 2749 372 2798 quam
385 2735 436 2785 aid.
451 2741 503 2786 not.
1088 2751 1091 2758 ·

241 2804 289 2854 dit.
307 2804 356 2854 XI.
390 2801 412 2870 ⁶)
428 2804 466 2868 Cf.
478 2805 529 2857 Cia.
546 2805 621 2857 Verr.
638 2818 659 2865 1,
672 2815 707 2858 tt.
729 2804 785 2856 Gai.
800 2818 821 2863 t,
835 2817 922 2869 seseq.
939 2779 982 2855 lh.
999 2806 1056 2855 Vat.
1072 2817 1119 2858 aaa.

170 2875 226 2940 Uip.
242 2874 306 2926 Iret.
318 2875 357 2938 fr.
372 2874 423 2924 IV.
437 2876 470 2926 1..
484 2888 505 2928 a.
519 2877 543 2939 ξ.
558 2878 604 2926 atr.
619 2875 652 2925 1..
667 2888 700 2928 ιι.
716 2876 749 2925 D.
763 2876 795 2926 de
810 2875 918 2926 carbon
933 2872 1042 2941 (aa,1o).
1061 2876 1093 2925 L.
1108 2887 1121 2928 a

163 2962 207 3011 pr.
222 2948 245 3010 ξ.
261 2960 281 2998 1.
300 2946 332 2994 D.
347 2946 379 2996 de
389 2954 442 3009 pet.
457 2946 543 2997 lamed.
558 2945 591 3011 (5,
604 2945 635 3012 a).
696 2943 717 3012 l)
732 2953 755 2994 et
769 2947 790 2995 si
805 2946 928 2996 satisdatio
943 2960 989 2995 non
1005 2947 1082 3009 detur,
1097 2947 1121 2996 in

166 3018 292 3081 petitorem
310 3016 431 3066 hereditas
449 3017 591 3067 transierant
610 3017 672 3066 cdd.
692 3017 749 3066 edd.
769 3015 898 3080 Apparet,
922 3032 945 3066 u.
965 3017 1121 3066 satisdantem

166 3088 308 3153 aliquando
321 3086 451 3138 eeee‘da'aee
464 3094 490 3137 et
502 3094 600 3136 mutatu
611 3088 673 3137 aede
686 3089 714 3137 in
728 3087 853 3136 satisdatio
867 3086 969 3138 abiisse.
1043 3084 1065 3151 ⁸)
1082 3087 1121 3150 Of.

165 3170 187 3217 a,
201 3170 222 3210 a.
241 3160 265 3220 ξ.
280 3169 313 3209 at.
360 3155 442 3223 Μὶν
451 3159 584 3222 plerisque
599 3157 661 3207 Odd.
677 3158 716 3209 ed.
731 3156 816 3208 Haen.
831 3171 878 3207 ort.
893 3157 977 3208 edri.
1026 3154 1059 3223 ¹⁴)
1071 3157 1121 3208 tte-

165 3231 248 3279 etrum
261 3229 379 3278 uidetur:
392 3228 449 3277 honi
462 3228 509 3277 uiri
522 3228 637 3277 arbitrata
653 3229 677 3278 id
691 3235 735 3278 eat.

241 3297 290 3348 Tit.
309 3297 375 3348 XII.
415 3294 449 3362 ¹¹)
465 3297 503 3360 Of.
518 3297 550 3347 1..
564 3310 586 3348 4.
602 3298 628 3348 0.
644 3299 680 3348 ad
693 3301 741 3363 lep.
759 3298 834 3349 Corn.
849 3299 881 3349 de
892 3299 955 3363 fala.
971 3298 1003 3364 (a,
1017 3298 1061 3366 aa)

168 3365 202 3433 ²¹)
217 3369 252 3417 131
264 3368 303 3417 his
319 3368 381 3417 Cdd.
395 3367 468 3425 edd,
487 3383 552 3430 puae
566 3368 645 3417 uerba
660 3369 697 3419 tot
709 3384 760 3432 seq.
775 3371 926 3419 sententiam
940 3371 1121 3434 auspicantur,

167 3438 206 3501 Of.
217 3439 240 3500 5.
250 3449 272 3488 a.
286 3436 309 3486 1.
319 3437 352 3487 de
361 3435 433 3500 publ.
444 3437 497 3486 iud.
508 3435 539 3501 (t,
549 3437 585 3504 1⁸)
596 3438 656 3503 iotq.
666 3438 808 3488 Schrader.
835 3439 892 3489 Non
902 3440 998 3491 aeeedo
1009 3440 1121 3503 Budorf.

168 3506 348 3571 lleelttapeseh.
364 3508 387 3568 5.
401 3518 435 3557 et.
451 3514 502 3557 not.
517 3519 537 3557 a.
590 3504 623 3574 ¹⁸)
638 3508 683 3558 Ee
698 3509 760 3559 Gdd.
775 3521 795 3561 t.
806 3521 840 3560 aa.
851 3520 885 3561 aa.
896 3521 929 3562 at.
953 3508 1006 3560 Sed
1019 3512 1123 3561 uidetur

162 3578 251 3639 potius
265 3575 380 3626 barbara
393 3574 439 3642 (ef.
454 3576 567 3642 interpr.
583 3579 619 3628 ad
631 3592 652 3640 1,
667 3582 715 3632 12⁸.
730 3581 753 3642 ξ.
769 3591 788 3631 a.
817 3579 876 3629 Lea
889 3580 970 3646 Burp.
986 3580 1031 3647 te.)
1046 3597 1122 3646 quarn
