2542 3909
458 224 494 257 Dm
512 224 625 259 Luttlnvs
644 225 724 259 LIBER
741 227 771 260 11.
1056 220 1096 277 51

129 348 225 405 dianda
246 358 299 405 est.
330 350 383 404 iarn
398 350 469 405 ritus
484 350 598 405 familiae
613 360 775 425 patrumque
789 368 900 409 seruare
914 353 942 408 id
957 362 1010 424 est,
1031 370 1098 427 quo-

127 436 199 490 niam
215 434 365 506 antiquitas
380 449 512 506 proxume
528 434 629 491 accedit
645 435 677 491 ad
693 435 777 505 deos,
792 436 861 493 adis
877 439 955 511 quasi
972 438 1096 494 traditam

129 518 293 592 religionem
311 518 391 573 tueri
1105 521 1108 525 '

191 601 271 669 Quod
293 609 385 657 autem
406 617 439 656 ex
454 602 593 657 hominum
614 619 717 675 genere
738 613 922 676 consecratos,
941 607 1013 662 sicut
1031 605 1098 663 Her·

109 686 215 743 ‘eulem
232 694 260 742 et
274 694 395 756 ceteros,
417 686 470 743 coli
486 686 529 740 lex
545 684 628 756 iubet,
651 685 760 757 indicat,
783 690 900 745 omnium
917 690 1024 761 quidem
1040 692 1096 747 ani·

127 787 186 827 mos
208 770 362 827 inmortalis
384 786 456 839 esse,
480 778 522 824 set
545 769 658 826 fortium
679 769 868 845 bonorumque
888 773 1004 829 diuinos.
1048 770 1097 831 28.

126 853 195 911 bene
211 870 291 925 uero,
306 854 380 927 quod
396 854 481 923 llens,
497 853 594 926 Pietas,
609 854 709 926 Virtus,
721 854 800 911 Fides
816 866 991 913 consecratur
1005 875 1096 928 manu,

127 955 243 1011 quarum
264 939 385 995 amorium
404 937 503 993 Romae
525 937 647 995 dedicata
661 938 769 1012 publice
786 940 885 1012 templa
907 950 982 1012 sunt,
1005 942 1096 998 utilia

128 1024 174 1095 qui
194 1022 324 1093 habeant,
346 1022 447 1078 habent
466 1030 556 1077 autem
579 1038 673 1079 omnes
688 1021 762 1092 boni,
785 1022 851 1079 deos
866 1025 941 1097 ipsos
955 1027 983 1079 in
998 1027 1095 1081 animis
1130 1047 1136 1057 ·

126 1108 181 1162 suis
210 1106 370 1163 conlocatos
393 1114 499 1179 putent.
543 1122 604 1162 nam
626 1106 693 1161 illud
715 1108 844 1163 uitiosum
864 1108 988 1179 Athenis,
1011 1110 1095 1182 quod,

125 1190 240 1264 Cylonio
264 1189 369 1246 scelere
392 1191 516 1263 expiato,
539 1189 695 1263 Epimenide
718 1189 795 1246 Crete
817 1193 948 1247 suadente
970 1192 1096 1251 iecerunt

125 1274 313 1331 Contumeliae
335 1273 429 1331 lanum
451 1281 480 1330 et
501 1274 693 1347 inpudentiam
716 1276 832 1333 uirtutes
854 1278 935 1346 enim,
958 1294 1014 1333 non
1028 1279 1095 1334 uitia

126 1374 289 1414 consecrare
308 1356 395 1415 decet
432 1374 530 1430 araque
552 1366 660 1413 uetusta
682 1360 709 1414 in
730 1358 833 1415 Palatio
848 1359 942 1415 Febris
963 1361 1095 1418 etaltera

127 1440 255 1514 Esquiliis
271 1440 352 1497 llalac
369 1442 503 1498 Fortunae
524 1442 715 1515 detestataque
737 1446 826 1500 omnia
847 1446 905 1500 eius
927 1445 1000 1501 modi
1014 1463 1095 1518 repu-

124 1526 224 1583 dianda
251 1534 325 1581 sunt.
362 1526 481 1599 quodsi
504 1524 629 1599 fingenda
651 1528 775 1599 nomina,
798 1528 876 1583 Vicae
898 1527 980 1584 Potae
1001 1532 1094 1602 potius

124 1610 252 1668 uincendi
267 1617 351 1683 atque
365 1610 500 1684 potiundi,
517 1610 608 1666 Statae
624 1610 724 1683 standi,
747 1614 964 1686 cognomiuaque
978 1613 1093 1670 Statoris

123 1703 151 1750 et
164 1695 264 1753 Inuicti
279 1693 362 1763 louis,
383 1710 530 1767 rerumque
546 1695 758 1767 expetendarum
773 1698 891 1767 nomina,
913 1697 1024 1768 Salutis,
1040 1698 1094 1755 llo·

122 1780 209 1854 noris,
233 1779 312 1851 Opis,
332 1778 483 1846 Victoriae;
506 1780 689 1853 quoniamque
704 1782 890 1852 expectatione
904 1798 996 1839 rerum
1010 1781 1094 1839 bona·

121 1881 183 1921 rum
203 1865 325 1937 erigitur
346 1864 466 1934 animus,
486 1872 562 1919 recte
584 1865 663 1919 etiam
685 1864 753 1937 Spes
770 1880 785 1919 a
800 1863 920 1921 Calatino
934 1875 1093 1923 consecrata

122 1956 181 2017 est3
195 1949 376 2020 Fortunaque
390 1949 426 2003 sit
442 1947 486 2004 uel
502 1946 619 2004 Huiusce
634 1947 699 2016 diei,
715 1965 776 2004 nam
791 1948 864 2004 ualet
875 1951 904 2005 in
915 1966 1009 2011 omnes
1024 1949 1092 2022 dies,

124 2032 171 2088 uel
184 2031 354 2105 Respiciens,
378 2032 409 2087 ad
432 2048 512 2105 opem
534 2031 683 2103 terendam,
705 2032 751 2087 uel
772 2031 850 2103 Fors,
873 2033 901 2088 in
923 2051 979 2106 quo
994 2035 1092 2091 incerti

122 2133 203 2173 casus
225 2113 417 2189 significantur
438 2117 532 2188 magis,
554 2116 600 2171 uel
613 2116 784 2189 Primigenia,
806 2117 973 2190 agignendo
989 2134 1090 2175 comes.

185 2200 241 2257 llll.
265 2196 316 2258 29.
338 2200 406 2255 Fum
420 2199 548 2255 feriarum
565 2200 753 2271 festorumque
767 2198 870 2254 dierum
881 2202 951 2256 ratio
961 2202 989 2255 in
1000 2200 1091 2258 liberis

120 2286 274 2359 requietem
291 2284 372 2339 habet
386 2284 473 2340 litium
489 2291 517 2339 et
530 2286 693 2355 iurgiorum,
708 2286 735 2339 in
750 2283 839 2338 seruis
852 2299 965 2355 operum
978 2292 1006 2339 et
1017 2284 1090 2341 labo·

121 2386 196 2438 rum3
225 2384 294 2442 quas
324 2361 478 2441 conpositio
507 2370 568 2423 anni
590 2367 716 2424 conferre
738 2366 818 2423 debet
839 2366 871 2421 ad
893 2367 1090 2440 perlectionem

123 2469 238 2526 opernm
251 2454 428 2509 rusticorum.
465 2452 539 2525 quod
555 2461 674 2525 tempus,
689 2461 720 2508 ut
734 2450 930 2514 sacrificiorum
945 2451 1090 2511 libamenta

121 2546 269 2593 seruentur
283 2536 412 2609 letusque
427 2552 567 2611 pecorum,
589 2553 658 2609 quae
679 2537 748 2592 dicta
763 2538 791 2592 in
805 2536 867 2609 lege
881 2545 954 2607 sunt,
976 2537 1092 2612 diligen·

122 2628 168 2676 ter
187 2619 309 2677 habenda
327 2622 396 2677 ratio
419 2620 593 2677 intercalandi
614 2628 671 2689 est3
697 2620 771 2693 quod
790 2622 947 2676 institutum
967 2624 1056 2695 perite
1076 2641 1091 2679 a

120 2704 207 2761 Numa
221 2705 408 2779 posteriorum
423 2703 582 2779 pontiiicunr
597 2705 771 2778 neglegentia
786 2703 949 2760 dissolutum
965 2714 1018 2764 est.
1038 2709 1091 2763 iam

121 2789 189 2847 illud
204 2806 239 2847 ex
253 2791 389 2846 institutis
403 2788 562 2863 pontificum
576 2797 605 2845 et
619 2790 774 2862 aruspicum
788 2805 843 2845 non
864 2789 1020 2846 mutandum
1037 2800 1089 2864 est,

122 2873 220 2947 quibus
244 2874 344 2930 hostiis
363 2874 556 2931 immolandum
579 2874 699 2947 quoique
719 2874 780 2943 deo,
803 2873 848 2929 oui
868 2873 1024 2944 maioribus,
1046 2878 1089 2933 cui

121 2957 296 3030 lactentibus,
318 2958 361 3015 cui
383 2958 510 3028 maribus,
534 2959 576 3015 cui
599 2958 714 3014 leminis.
751 2957 844 3031 plures
865 2965 955 3013 autem
976 2959 1089 3015 deorum

120 3046 253 3112 omnium,
277 3042 379 3115 singuli
400 3042 571 3117 singulorum
593 3043 748 3099 sacerdotes
774 3051 802 3099 et
821 3040 1003 3115 respondendi
1022 3045 1089 3099 iuris

121 3137 149 3183 et
163 3122 405 3185 conficiendarum¹
423 3127 587 3201 religionum
604 3126 758 3184 laenitatem
774 3127 912 3183 adierunt.
951 3144 1090 3201 quomque

120 3211 200 3269 Vesta
216 3213 294 3286 quasi
308 3210 400 3269 locum
418 3211 501 3282 urbis,
517 3220 548 3267 ut
560 3211 663 3267 Graeco
677 3212 786 3267 nomine
799 3220 841 3268 est
852 3209 998 3284 appellata,
1014 3213 1089 3283 quod

120 3313 171 3353 nos
186 3313 274 3372 prope
289 3296 360 3353 idem
372 3295 512 3367 Graecum,
529 3292 606 3370 (non)
618 3297 826 3370 interpretatum
839 3309 938 3352 nomen
954 3302 1089 3368 tenemus,

121 3381 251 3455 conplexa
265 3382 310 3451 sit,
332 3381 358 3437 ei
372 3381 501 3437 colendae
517 3381 638 3454 uirgines
652 3382 781 3454 praesint,
802 3392 833 3439 ut
849 3376 1014 3448 aduigiletur
1025 3378 1089 3437 iaci·

122 3495 327 3506 -1--.---—

194 3552 214 3621 ¹)
230 3554 420 3605 coniltendarnm
434 3555 484 3604 AB
496 3555 537 3605 ed.
554 3552 584 3601 V.
627 3618 629 3623 Ι
692 3611 696 3618 Ι

838 3639 878 3694 4*
