2542 3909
170 215 235 280 282
448 232 616 269 (2111122222.
635 215 670 267 Π.
689 219 837 268 ert-tta.

170 363 237 421 cillis
252 363 369 437 relinqui
383 370 484 438 potest.
520 358 584 420 271.
599 361 666 418 lteru
681 379 696 418 a
711 361 841 435 legatario
856 361 941 435 legari
953 377 1007 418 non
1020 369 1123 435 potest,

169 447 217 504 sed
234 446 468 504 fideicommissum
482 446 600 520 relinqui
614 453 717 520 potest.
747 447 901 520 quinetiam
912 444 944 501 ab
956 461 988 502 eo
1002 461 1123 519 quoque,

170 533 214 587 cui
227 548 277 605 per
291 530 526 589 fideicommissum
540 530 732 604 relinquimus,
754 546 848 586 rursus
864 529 910 586 alit¹
924 545 972 603 per
987 527 1123 585 fideicom-

171 617 281 671 missum
295 615 449 689 relinquere
464 630 619 688 possumus.
652 609 718 672 272.
740 614 807 671 ltem
822 629 903 670 seruo
917 613 1004 669 alieno
1018 611 1122 670 directo

171 699 280 755 libertas
306 698 363 755 dari
390 714 445 755 non
472 705 581 772 potest,
608 698 657 754 sed
685 713 734 773 per
762 697 998 754 fideicommissum
1019 704 1121 770 potest.

169 778 236 840 273.
258 783 325 839 ltern
340 781 469 839 codicillis
484 798 563 838 nemo
580 782 661 838 heres
676 783 782 838 institui
797 789 889 854 potest
907 797 996 855 neque
1012 781 1122 836 exhere-

171 866 240 937 dari,
264 868 387 940 quamuis
413 874 574 922 testamento
596 863 747 922 confirmati
769 867 840 934 sint;
863 873 889 920 at
910 865 948 930 is,
972 866 1018 938 qui
1040 872 1123 920 testa·

171 959 261 1007 mento
283 951 363 1007 heres
386 951 527 1008 institutus
549 957 602 1019 est,
623 957 716 1022 potest
738 948 869 1006 codicillis
884 950 987 1022 rogari,
1011 957 1042 1003 ut
1064 964 1122 1004 eam

171 1033 348 1091 hereditatem
370 1033 414 1091 alii
435 1041 520 1090 totam
537 1033 581 1089 uel
605 1049 636 1089 ex
652 1040 727 1106 parte
742 1034 878 1103 restituat,
902 1033 1024 1104 quamuis
1040 1040 1122 1088 testa·

102 1118 160 1167 124·
171 1128 261 1174 mento
289 1117 405 1175 codicilli
434 1115 584 1175 confirmati
612 1134 667 1172 uon
694 1119 758 1174 sint.
788 1111 794 1192 Ι
824 1112 891 1174 274.
919 1115 985 1172 ltern
1015 1115 1122 1188 mulier,

171 1218 244 1274 quae
266 1201 298 1257 ab
320 1217 368 1272 eo,
391 1203 438 1274 qui
459 1209 566 1258 centum
582 1200 653 1256 utilia
675 1201 746 1257 aeris
766 1216 864 1257 census
887 1208 944 1272 est,
965 1215 1013 1273 per
1035 1199 1123 1272 legem
1264 1267 1265 1276 ἦ

171 1285 317 1342 Voconiam
331 1284 422 1340 ’heres
437 1287 565 1343 instituto
587 1277 715 1356 eopere¹
737 1300 792 1340 non
812 1293 919 1357 potest,
944 1290 1032 1340 tamen
1049 1282 1196 1342 fidei-[205]
1264 1291 1265 1346 J

172 1371 315 1425 commisso
331 1367 451 1425 relictam
466 1367 516 1424 sihi
532 1368 709 1424 hereditatem
725 1383 819 1443 capere
840 1375 942 1445 potest.
986 1363 1050 1424 275.
1074 1366 1123 1422 ha·
1264 1355 1265 1370 ¹

173 1454 222 1509 tini
237 1469 362 1527 quoque,
383 1454 429 1525 qui
444 1451 608 1508 hereditates
623 1452 766 1526 legataque
781 1451 885 1508 directo
900 1453 958 1507 iure
974 1451 1034 1524 lege
1049 1451 1123 1506 lunia

173 1552 267 1609 mpero
282 1536 474 1610 prohihentur,
498 1552 530 1592 ex
553 1534 760 1592 fideicommisso
776 1551 871 1609 capere
886 1543 1011 1610 possunt.
1054 1529 1121 1591 270.

172 1619 237 1676 ltem
258 1636 319 1676 cum
337 1629 446 1677 senatus
466 1619 592 1676 consulto
613 1618 778 1693 prohibitum
793 1620 830 1675 sit
852 1621 990 1693 proprium
1012 1633 1122 1674 seruum

172 1705 303 1759 minorem
319 1705 394 1759 annis
408 1721 470 1761 xxx
485 1702 598 1760 liberum
614 1709 642 1758 et
657 1702 784 1760 heredem
805 1705 963 1774 instituere,
985 1701 1122 1776 plerisque

172 1786 275 1861 placet,
297 1803 378 1861 posse
398 1803 449 1843 nos
470 1787 564 1844 lubere
584 1785 698 1842 liberum
721 1803 797 1859 esse,
826 1803 886 1844 eum
908 1803 1039 1843 annorum
1060 1803 1123 1843 xxx

172 1871 235 1942 erit,
256 1879 284 1929 et
298 1887 412 1947 rogare,
433 1878 464 1927 ut
478 1878 544 1927 tunc
558 1870 598 1926 illi
611 1872 771 1927 restituatur
785 1870 929 1931 hereditas.
973 1865 1035 1929 277.
1056 1869 1123 1926 ltem

172 1957 295 2028 quamuis
310 1971 366 2011 non
382 1949 553 2031 (possimus)
569 1962 633 2030 post
655 1965 770 2012 mortem
786 1957 858 2024 eius,
882 1955 927 2028 qni
943 1953 1021 2011 nohis
1043 1954 1122 2010 heres

171 2071 383 2080 ——..—-—·

246 2136 266 2208 ¹)
279 2142 339 2191 hdes
352 2141 470 2192 institutio
479 2140 571 2192 Sebed.
586 2140 612 2208 (o
622 2143 650 2191 in
665 2137 713 2191 W
722 2138 863 2206 expuncta)
873 2140 944 2190 heres
954 2141 1046 2191 institui
1056 2141 1122 2200 edd,

172 2213 295 2278 quomodo
312 2229 375 2263 cane
393 2220 512 2264 oratores
531 2213 562 2261 de
581 2211 721 2276 capacibus
740 2213 830 2261 dieunt
852 2209 956 2270 Quintil.
976 2211 998 2260 Ι.
1019 2211 1051 2264 Ο.
1067 2224 1087 2274 2,
1102 2223 1122 2263 2.

171 2285 187 2346 ἕ
210 2296 243 2335 11.
267 2284 326 2333 Vid.
343 2280 448 2333 ‘Gaias'
460 2293 538 2345 2162.
556 2282 655 2331 heredis
669 2283 818 2332 institutione
837 2279 1123 2348 (capere)ed.mea1.:

172 2355 241 2418 qaod
253 2356 317 2404 satis
330 2354 425 2403 Latine
440 2353 495 2402 diei
507 2360 577 2403 reete
591 2354 694 2418 aepaoit
711 2352 758 2417 Bp.
774 2352 813 2402 ed.
827 2363 848 2404 2.
877 2351 932 2401 Iam
946 2359 1023 2416 pato,
1044 2352 1123 2402 libra·

172 2426 240 2473 riam
254 2440 310 2474 cam
322 2426 433 2474 noiomi
449 2420 495 2487 (=
509 2421 606 2487 capere)
620 2422 695 2482 libri,
715 2423 781 2472 ande
796 2422 968 2481 describebat,
983 2438 1034 2474 aaa
1050 2425 1123 2472 intel·

172 2497 268 2557 teperet
282 2492 443 2558 (plerumque
457 2494 523 2541 enim
536 2500 634 2542 tantum
648 2509 677 2542 uc
691 2495 758 2542 ualet
767 2491 910 2560 usucapere)
921 2493 1017 2557 feriare
1028 2509 1041 2543 o
1052 2495 1124 2544 iade-

173 2579 221 2628 que
235 2566 311 2613 etiam
325 2570 401 2613 antea
415 2579 429 2612 2
443 2570 552 2612 mutasse
566 2565 593 2612 in
608 2564 624 2624 i,
640 2565 693 2613 rin
707 2563 730 2612 d.

223 2700 267 2772 -ξ,
283 2706 343 2754 211.
368 2704 406 2768 Cf.
426 2706 465 2768 66.
485 2716 531 2755 roo.
551 2716 597 2757 161.
626 2704 680 2768 Uip.
700 2716 735 2764 21,
753 2715 787 2757 so.
811 2704 1029 2768 22111661.
1054 2704 1123 2754 lde

172 2776 240 2838 stup.
255 2774 308 2825 ret.
324 2772 355 2839 (2,
370 2773 414 2841 21).
494 2777 574 2826 ,222
595 2775 633 2838 Cf.
649 2773 718 2838 Epir.
734 2777 750 2825 t.
767 2791 788 2826 e.
804 2778 842 2838 ἕξ.
857 2787 904 2828 261.
919 2787 965 2828 aar.
980 2778 1002 2836 5.
1018 2785 1037 2824 2.
1053 2774 1075 2823 1.
1091 2775 1123 2824 de

173 2847 239 2908 einp.
254 2845 307 2895 reb.
323 2845 355 2910 (2,
369 2844 413 2912 21).
492 2882 498 2894 .
514 2848 573 2897 273.
595 2846 633 2909 Cf.
654 2844 708 2910 tltp.
725 2857 806 2904 26,11.
827 2845 896 2910 Epit.
912 2850 928 2896 l.
943 2862 965 2896 a.
980 2847 1003 2906 ξ.
1018 2857 1038 2896 2.
1053 2844 1075 2894 I.
1090 2845 1122 2894 de

103 2933 105 2940 ’
173 2916 255 2966 codic.
271 2914 302 2981 (2,
316 2914 360 2982 25).
375 2917 398 2977 ἓ.
413 2927 447 2968 12.
466 2915 489 2965 Ι.
504 2916 536 2966 de
547 2917 611 2981 fers.
625 2916 713 2966 bened.
729 2915 764 2982 (2,
784 2915 829 2982 22).
892 2913 993 2984 2274.
1015 2916 1053 2980 Of.
1070 2915 1122 2966 Cic.

178 2985 254 3037 Vere.
268 2997 289 3045 2,
304 3000 324 3037 1.
339 3002 362 3037 a.
375 2997 410 3037 12.
434 3003 490 3037 eum
507 2984 593 3037 Sabat.
612 2987 651 3036 ed.
666 2985 735 3036 Bait.
747 3003 775 3050 p.
790 2999 837 3038 162.
857 2987 889 3036 de
903 2995 995 3037 sancet.
1010 2997 1031 3038 6.
1051 2988 1073 3050 ξ.
1090 2998 1123 3038 11.

172 3058 204 3107 de
219 3059 267 3123 lep.
281 3069 302 3116 2,
316 3069 342 3108 22
355 3072 407 3122 aeq.
426 3057 458 3106 de
472 3072 527 3120 rep.
541 3069 563 3116 2,
578 3069 611 3109 12.
631 3058 663 3106 de
674 3059 719 3120 fia.
734 3068 798 3116 211.
813 3059 837 3118 ἓ.
848 3066 882 3108 te.
901 3057 952 3107 Dio
965 3057 1034 3106 Cass.
1044 3069 1078 3114 66,
1089 3069 1122 3108 12.

175 3127 281 3189 Quintil.
297 3130 362 3179 dect.
377 3139 424 3180 261.
444 3127 514 3177 Ptin.
530 3143 624 3193 panop.
639 3139 673 3178 12.
693 3127 751 3176 Lin.
770 3142 809 3191 ep.
824 3139 858 3178 11.
888 3126 950 3176 Gell.
966 3139 1034 3186 1,12.
1055 3140 1088 3187 lt,
1102 3139 1122 3179 6.

172 3211 206 3258 22,
221 3212 241 3250 1.
260 3199 397 3264 Aupastin.
413 3198 445 3248 dc
458 3199 507 3248 cio.
526 3198 559 3246 Ι).
574 3210 595 3257 2,
608 3208 643 3248 21.
664 3197 797 3246 Plutarch.
814 3197 866 3248 Oia.
881 3209 916 3248 11.
936 3196 1026 3262 Polyb.
1041 3209 1074 3256 22,
1089 3209 1123 3248 11.

172 3266 272 3337 §.mu
293 3270 331 3332 Cf.
351 3269 455 3332 (22.26,
471 3278 574 3324 2222.
594 3278 815 3332 salmuntiaco.
835 3268 867 3317 L.
883 3279 963 3331 repr.
983 3267 1015 3317 Ι).
1031 3268 1122 3317 detur.

171 3356 227 3389 aar.
243 3338 288 3404 (26,
302 3337 332 3404 6).
383 3334 401 3406 5
425 3341 484 3390 226.
506 3338 545 3401 Os.
564 3337 619 3402 tltp.
634 3349 668 3396 22,
683 3349 704 3389 6.
722 3338 754 3387 L.
765 3349 798 3388 22.
819 3338 850 3386 Ι).
862 3339 893 3387 de
903 3337 955 3387 reb.
967 3336 1025 3387 dab.
1036 3336 1081 3403 (61,
1092 3336 1122 3402 a).

171 3410 203 3459 L.
218 3421 301 3462 2616.
325 3407 357 3457 Ι).
377 3409 493 3458 deman.
513 3406 682 3474 1261.(1ο,1).
706 3408 738 3457 L.
758 3419 791 3460 12.
811 3410 833 3470 5.
849 3419 869 3460 5.
894 3408 926 3456 Ι).
946 3408 978 3457 de
996 3414 1064 3457 statu
1080 3408 1122 3456 lib.

170 3479 216 3544 (1ο,
231 3479 261 3544 t).
281 3479 313 3528 L.
327 3491 361 3530 22.
376 3480 399 3539 5.
414 3491 433 3529 2.
453 3475 562 3541 rusam.
577 3494 630 3528 erc.
646 3478 690 3544 (ro,
701 3477 724 3544 2)
739 3486 764 3528 21
778 3478 820 3528 lib.
836 3495 915 3528 meum
931 3475 1036 3528 ‘Gaias’
1049 3493 1077 3541 p.
1088 3488 1122 3528 62.

170 3546 196 3617 ξ.
211 3552 271 3599 att.
293 3549 331 3613 Cf.
346 3547 416 3611 Epir.
430 3558 452 3607 2,
467 3559 487 3599 2.
502 3550 525 3610 2.
540 3559 560 3599 6.
579 3563 661 3612 capra
675 3551 697 3610 6.
713 3560 758 3600 rea.
775 3556 800 3598 et
808 3565 836 3612 p.
852 3560 898 3600 222.
915 3555 965 3598 not.
980 3559 1001 3598 2.
