<?xml version="1.0" encoding="UTF-8"?>
<!DOCTYPE html PUBLIC "-//W3C//DTD XHTML 1.0 Transitional//EN"
    "http://www.w3.org/TR/xhtml1/DTD/xhtml1-transitional.dtd">
<html xmlns="http://www.w3.org/1999/xhtml" xml:lang="en" lang="en">
 <head>
  <title>
</title>
<meta http-equiv="Content-Type" content="text/html;charset=utf-8" />
  <meta name='ocr-system' content='tesseract 3.04.00' />
  <meta name='ocr-capabilities' content='ocr_page ocr_carea ocr_par ocr_line ocrx_word'/>
</head>
<body>
  <div class='ocr_page' id='page_1' title='image "./iurisprudentiae01huscgoog_0450.png"; bbox 0 0 2542 3909; ppageno 0'>
   <div class='ocr_carea' id='block_1_1' title="bbox 169 202 944 275">
    <p class='ocr_par' dir='ltr' id='par_1_1' title="bbox 169 202 944 275">
     <span class='ocr_line' id='line_1_1' title="bbox 169 202 944 275; baseline -0.003 -14"><span class='ocrx_word' id='word_1_1' title='bbox 169 202 233 267; x_wconf 78' lang='grc'><strong>426</strong></span> <span class='ocrx_word' id='word_1_2' title='bbox 367 222 487 259; x_wconf 73' lang='lat' dir='ltr'><strong>centron</strong></span> <span class='ocrx_word' id='word_1_3' title='bbox 506 222 658 260; x_wconf 75' lang='lat' dir='ltr'><strong>sesuvonsn</strong></span> <span class='ocrx_word' id='word_1_4' title='bbox 677 208 902 275; x_wconf 77' lang='lat' dir='ltr'><strong>(?)ra.uos1ru.</strong></span> <span class='ocrx_word' id='word_1_5' title='bbox 922 211 944 259; x_wconf 89' lang='lat'><strong>1.</strong></span> 
     </span>
    </p>
   </div>
   <div class='ocr_carea' id='block_1_2' title="bbox 170 353 1211 2528">
    <p class='ocr_par' dir='ltr' id='par_1_2' title="bbox 170 353 1211 2528">
     <span class='ocr_line' id='line_1_2' title="bbox 170 353 1140 424; baseline 0 -15"><span class='ocrx_word' id='word_1_6' title='bbox 170 353 293 424; x_wconf 89' lang='lat' dir='ltr'><strong>primum</strong></span> <span class='ocrx_word' id='word_1_7' title='bbox 308 354 415 411; x_wconf 82' lang='lat' dir='ltr'><strong>Graece</strong></span> <span class='ocrx_word' id='word_1_8' title='bbox 428 360 561 421; x_wconf 78' lang='lat' dir='ltr'><strong>verteret,</strong></span> <span class='ocrx_word' id='word_1_9' title='bbox 580 358 683 413; x_wconf 90' lang='lat' dir='ltr'><strong>deinde</strong></span> <span class='ocrx_word' id='word_1_10' title='bbox 715 359 850 413; x_wconf 80' lang='lat' dir='ltr'><strong>reamissa</strong></span> <span class='ocrx_word' id='word_1_11' title='bbox 865 356 919 411; x_wconf 89' lang='lat' dir='ltr'><strong>hac</strong></span> <span class='ocrx_word' id='word_1_12' title='bbox 931 356 1041 410; x_wconf 85' lang='lat' dir='ltr'><strong>Graeca</strong></span> <span class='ocrx_word' id='word_1_13' title='bbox 1052 357 1140 409; x_wconf 80' lang='lat' dir='ltr'><strong>inter·</strong></span> 
     </span>
     <span class='ocr_line' id='line_1_3' title="bbox 171 422 1140 545; baseline 0 -67"><span class='ocrx_word' id='word_1_14' title='bbox 171 424 333 545; x_wconf 51' lang='lat' dir='ltr'><strong>pretatione</strong></span> <span class='ocrx_word' id='word_1_15' title='bbox 346 441 361 478; x_wconf 88' lang='lat' dir='ltr'><strong>e</strong></span> <span class='ocrx_word' id='word_1_16' title='bbox 374 426 490 503; x_wconf 77' lang='lat' dir='ltr'>regione</span> <span class='ocrx_word' id='word_1_17' title='bbox 502 426 627 507; x_wconf 81' lang='lat' dir='ltr'><strong>positum</strong></span> <span class='ocrx_word' id='word_1_18' title='bbox 640 427 669 479; x_wconf 90' lang='lat' dir='ltr'><strong>in</strong></span> <span class='ocrx_word' id='word_1_19' title='bbox 682 428 702 480; x_wconf 87' lang='lat' dir='ltr'><strong>li</strong></span> <span class='ocrx_word' id='word_1_20' title='bbox 723 444 786 480; x_wconf 89' lang='lat' dir='ltr'><strong>rum</strong></span> <span class='ocrx_word' id='word_1_21' title='bbox 795 443 876 481; x_wconf 86' lang='lat' dir='ltr'><strong>suum</strong></span> <span class='ocrx_word' id='word_1_22' title='bbox 885 424 1062 502; x_wconf 78' lang='lat' dir='ltr'><strong>transferret,</strong></span> <span class='ocrx_word' id='word_1_23' title='bbox 1081 422 1140 478; x_wconf 85' lang='lat' dir='ltr'><strong>Sed</strong></span> 
     </span>
     <span class='ocr_line' id='line_1_4' title="bbox 173 492 1139 637; baseline 0 -25"><span class='ocrx_word' id='word_1_24' title='bbox 173 492 1139 637; x_wconf 58' lang='lat' dir='ltr'><strong>iita‘fft”aliliill2dreitlllliltltatldllltti:</strong></span> 
     </span>
     <span class='ocr_line' id='line_1_5' title="bbox 173 626 1211 697; baseline 0 -17"><span class='ocrx_word' id='word_1_25' title='bbox 173 628 284 690; x_wconf 84' lang='lat' dir='ltr'><strong>decrmr,</strong></span> <span class='ocrx_word' id='word_1_26' title='bbox 304 627 406 695; x_wconf 77' lang='lat' dir='ltr'>qulbus</span> <span class='ocrx_word' id='word_1_27' title='bbox 417 629 498 682; x_wconf 90' lang='lat' dir='ltr'><strong>nobis</strong></span> <span class='ocrx_word' id='word_1_28' title='bbox 509 631 638 684; x_wconf 84' lang='lat' dir='ltr'><strong>servatus</strong></span> <span class='ocrx_word' id='word_1_29' title='bbox 651 632 702 696; x_wconf 82' lang='lat' dir='ltr'><strong>est,</strong></span> <span class='ocrx_word' id='word_1_30' title='bbox 720 632 887 685; x_wconf 87' lang='lat' dir='ltr'><strong>Vossiauum</strong></span> <span class='ocrx_word' id='word_1_31' title='bbox 899 627 1066 682; x_wconf 75' lang='lat' dir='ltr'><strong>Leidensem</strong></span> <span class='ocrx_word' id='word_1_32' title='bbox 1078 626 1124 697; x_wconf 79' lang='lat' dir='ltr'><strong>(V.</strong></span> <span class='ocrx_word' id='word_1_33' title='bbox 1154 627 1211 682; x_wconf 68' lang='grc'><strong>[343]</strong></span> 
     </span>
     <span class='ocr_line' id='line_1_6' title="bbox 174 694 1081 773; baseline 0 -25"><span class='ocrx_word' id='word_1_34' title='bbox 174 701 204 748; x_wconf 87' lang='lat' dir='ltr'><strong>et</strong></span> <span class='ocrx_word' id='word_1_35' title='bbox 222 694 298 761; x_wconf 83' lang='lat' dir='ltr'><strong>(inde</strong></span> <span class='ocrx_word' id='word_1_36' title='bbox 318 710 335 748; x_wconf 91' lang='lat' dir='ltr'><strong>a</strong></span> <span class='ocrx_word' id='word_1_37' title='bbox 352 700 375 773; x_wconf 63' lang='grc' dir='ltr'><strong>ς.</strong></span> <span class='ocrx_word' id='word_1_38' title='bbox 395 702 419 751; x_wconf 75' lang='lat'><strong>2.</strong></span> <span class='ocrx_word' id='word_1_39' title='bbox 437 696 474 750; x_wconf 91' lang='lat' dir='ltr'><strong>ad</strong></span> <span class='ocrx_word' id='word_1_40' title='bbox 498 697 521 758; x_wconf 71' lang='lat'><strong>§-</strong></span> <span class='ocrx_word' id='word_1_41' title='bbox 540 702 555 752; x_wconf 87' lang='grc'>8</span> <span class='ocrx_word' id='word_1_42' title='bbox 574 697 646 751; x_wconf 88' lang='lat' dir='ltr'><strong>med.</strong></span> <span class='ocrx_word' id='word_1_43' title='bbox 666 701 697 753; x_wconf 88' lang='lat' dir='ltr'><strong>et</strong></span> <span class='ocrx_word' id='word_1_44' title='bbox 717 704 783 767; x_wconf 88' lang='lat' dir='ltr'><strong>post</strong></span> <span class='ocrx_word' id='word_1_45' title='bbox 803 700 936 753; x_wconf 75' lang='lat' dir='ltr'>lacunam</span> <span class='ocrx_word' id='word_1_46' title='bbox 959 712 977 749; x_wconf 93' lang='lat' dir='ltr'><strong>a</strong></span> <span class='ocrx_word' id='word_1_47' title='bbox 998 700 1022 760; x_wconf 63' lang='grc' dir='ltr'><strong>ὅ,</strong></span> <span class='ocrx_word' id='word_1_48' title='bbox 1041 702 1081 749; x_wconf 85' lang='lat'><strong>11.</strong></span> 
     </span>
     <span class='ocr_line' id='line_1_7' title="bbox 174 760 1140 832; baseline 0.001 -17"><span class='ocrx_word' id='word_1_49' title='bbox 174 762 270 828; x_wconf 85' lang='lat' dir='ltr'><strong>finem)</strong></span> <span class='ocrx_word' id='word_1_50' title='bbox 290 760 501 831; x_wconf 81' lang='lat' dir='ltr'><strong>Scaligeranum</strong></span> <span class='ocrx_word' id='word_1_51' title='bbox 514 764 566 830; x_wconf 82' lang='lat' dir='ltr'>(S.)</span> <span class='ocrx_word' id='word_1_52' title='bbox 579 766 835 824; x_wconf 84' lang='lat' dir='ltr'><strong>transscriberetur.</strong></span> <span class='ocrx_word' id='word_1_53' title='bbox 867 764 966 832; x_wconf 81' lang='lat' dir='ltr'>Neque</span> <span class='ocrx_word' id='word_1_54' title='bbox 985 764 1060 817; x_wconf 91' lang='lat' dir='ltr'><strong>euim</strong></span> <span class='ocrx_word' id='word_1_55' title='bbox 1078 762 1140 817; x_wconf 87' lang='lat' dir='ltr'><strong>vul·</strong></span> 
     </span>
     <span class='ocr_line' id='line_1_8' title="bbox 173 829 1139 900; baseline 0 -17"><span class='ocrx_word' id='word_1_56' title='bbox 173 829 288 899; x_wconf 86' lang='lat' dir='ltr'><strong>garibus</strong></span> <span class='ocrx_word' id='word_1_57' title='bbox 315 832 426 885; x_wconf 82' lang='lat' dir='ltr'><strong>tantum</strong></span> <span class='ocrx_word' id='word_1_58' title='bbox 453 833 633 886; x_wconf 79' lang='lat' dir='ltr'><strong>librariorum</strong></span> <span class='ocrx_word' id='word_1_59' title='bbox 653 834 762 888; x_wconf 87' lang='lat' dir='ltr'><strong>mendis</strong></span> <span class='ocrx_word' id='word_1_60' title='bbox 784 832 937 889; x_wconf 75' lang='lat' dir='ltr'><strong>admodum</strong></span> <span class='ocrx_word' id='word_1_61' title='bbox 960 831 1139 900; x_wconf 85' lang='lat' dir='ltr'><strong>deturpatus,</strong></span> 
     </span>
     <span class='ocr_line' id='line_1_9' title="bbox 174 898 1141 972; baseline -0.001 -21"><span class='ocrx_word' id='word_1_62' title='bbox 174 898 224 951; x_wconf 89' lang='lat' dir='ltr'><strong>sed</strong></span> <span class='ocrx_word' id='word_1_63' title='bbox 241 898 325 953; x_wconf 80' lang='lat' dir='ltr'><strong>stiam</strong></span> <span class='ocrx_word' id='word_1_64' title='bbox 344 899 381 953; x_wconf 90' lang='lat' dir='ltr'><strong>ab</strong></span> <span class='ocrx_word' id='word_1_65' title='bbox 398 900 507 955; x_wconf 83' lang='lat' dir='ltr'><strong>inscitie</strong></span> <span class='ocrx_word' id='word_1_66' title='bbox 525 900 670 969; x_wconf 77' lang='lat' dir='ltr'><strong>discipulis</strong></span> <span class='ocrx_word' id='word_1_67' title='bbox 687 902 732 956; x_wconf 86' lang='lat' dir='ltr'><strong>vel</strong></span> <span class='ocrx_word' id='word_1_68' title='bbox 750 900 902 972; x_wconf 78' lang='lat' dir='ltr'><strong>magistris,</strong></span> <span class='ocrx_word' id='word_1_69' title='bbox 921 899 971 968; x_wconf 91' lang='lat' dir='ltr'><strong>qui</strong></span> <span class='ocrx_word' id='word_1_70' title='bbox 986 898 1060 951; x_wconf 90' lang='lat' dir='ltr'><strong>libro</strong></span> <span class='ocrx_word' id='word_1_71' title='bbox 1077 900 1141 951; x_wconf 85' lang='lat' dir='ltr'><strong>ute·</strong></span> 
     </span>
     <span class='ocr_line' id='line_1_10' title="bbox 173 966 1141 1044; baseline 0 -26"><span class='ocrx_word' id='word_1_72' title='bbox 173 969 286 1044; x_wconf 76' lang='lat' dir='ltr'><strong>rentur,</strong></span> <span class='ocrx_word' id='word_1_73' title='bbox 308 967 429 1035; x_wconf 82' lang='lat' dir='ltr'><strong>uterque</strong></span> <span class='ocrx_word' id='word_1_74' title='bbox 452 984 543 1022; x_wconf 89' lang='lat' dir='ltr'><strong>sermo</strong></span> <span class='ocrx_word' id='word_1_75' title='bbox 566 984 600 1021; x_wconf 86' lang='lat' dir='ltr'><strong>ex</strong></span> <span class='ocrx_word' id='word_1_76' title='bbox 622 972 744 1039; x_wconf 90' lang='lat' dir='ltr'><strong>utroque</strong></span> <span class='ocrx_word' id='word_1_77' title='bbox 765 970 846 1023; x_wconf 84' lang='lat' dir='ltr'><strong>novis</strong></span> <span class='ocrx_word' id='word_1_78' title='bbox 872 966 1141 1034; x_wconf 70' lang='lat' dir='ltr'><strong>interpretationum</strong></span> 
     </span>
     <span class='ocr_line' id='line_1_11' title="bbox 174 1033 1141 1105; baseline -0.002 -17"><span class='ocrx_word' id='word_1_79' title='bbox 174 1034 369 1089; x_wconf 75' lang='lat' dir='ltr'><strong>conaminibus</strong></span> <span class='ocrx_word' id='word_1_80' title='bbox 392 1038 541 1105; x_wconf 85' lang='lat' dir='ltr'><strong>corruptus</strong></span> <span class='ocrx_word' id='word_1_81' title='bbox 564 1038 615 1091; x_wconf 83' lang='lat' dir='ltr'><strong>est.</strong></span> <span class='ocrx_word' id='word_1_82' title='bbox 651 1038 729 1103; x_wconf 81' lang='lat' dir='ltr'><strong>Quae</strong></span> <span class='ocrx_word' id='word_1_83' title='bbox 751 1039 846 1091; x_wconf 84' lang='lat' dir='ltr'><strong>textus</strong></span> <span class='ocrx_word' id='word_1_84' title='bbox 867 1033 995 1090; x_wconf 90' lang='lat' dir='ltr'><strong>condicio</strong></span> <span class='ocrx_word' id='word_1_85' title='bbox 1017 1050 1035 1086; x_wconf 88' lang='lat' dir='ltr'><strong>a</strong></span> <span class='ocrx_word' id='word_1_86' title='bbox 1053 1033 1141 1087; x_wconf 85' lang='lat' dir='ltr'><strong>Lach-</strong></span> 
     </span>
     <span class='ocr_line' id='line_1_12' title="bbox 173 1101 1142 1239; baseline -0.001 -15"><span class='ocrx_word' id='word_1_87' title='bbox 173 1101 1142 1239; x_wconf 48' lang='lat' dir='ltr'><strong>tllnlrpftlutte‘litdimittedimitte</strong></span> 
     </span>
     <span class='ocr_line' id='line_1_13' title="bbox 174 1190 1142 1306; baseline -0.003 -15"><span class='ocrx_word' id='word_1_88' title='bbox 174 1212 266 1306; x_wconf 64' lang='lat' dir='ltr'><strong>part’e,</strong></span> <span class='ocrx_word' id='word_1_89' title='bbox 283 1236 369 1305; x_wconf 89' lang='lat' dir='ltr'><strong>plane</strong></span> <span class='ocrx_word' id='word_1_90' title='bbox 381 1190 633 1306; x_wconf 75' lang='lat' dir='ltr'><strong>restituatur‚qtum</strong></span> <span class='ocrx_word' id='word_1_91' title='bbox 646 1242 721 1295; x_wconf 84' lang='lat' dir='ltr'><strong>viam</strong></span> <span class='ocrx_word' id='word_1_92' title='bbox 733 1258 767 1295; x_wconf 85' lang='lat' dir='ltr'><strong>ao</strong></span> <span class='ocrx_word' id='word_1_93' title='bbox 784 1241 923 1295; x_wconf 84' lang='lat' dir='ltr'><strong>rationem</strong></span> <span class='ocrx_word' id='word_1_94' title='bbox 935 1236 1072 1302; x_wconf 85' lang='lat' dir='ltr'><strong>ostendit,</strong></span> <span class='ocrx_word' id='word_1_95' title='bbox 1084 1251 1142 1305; x_wconf 91' lang='lat' dir='ltr'><strong>qua</strong></span> 
     </span>
     <span class='ocr_line' id='line_1_14' title="bbox 175 1304 1143 1377; baseline 0.002 -20"><span class='ocrx_word' id='word_1_96' title='bbox 175 1305 355 1373; x_wconf 83' lang='lat' dir='ltr'><strong>aliquatenus</strong></span> <span class='ocrx_word' id='word_1_97' title='bbox 372 1308 510 1361; x_wconf 84' lang='lat' dir='ltr'><strong>tamarid</strong></span> <span class='ocrx_word' id='word_1_98' title='bbox 523 1308 634 1377; x_wconf 80' lang='lat' dir='ltr'><strong>assequi</strong></span> <span class='ocrx_word' id='word_1_99' title='bbox 644 1309 738 1364; x_wconf 85' lang='lat' dir='ltr'><strong>liceat.</strong></span> <span class='ocrx_word' id='word_1_100' title='bbox 770 1308 913 1361; x_wconf 82' lang='lat' dir='ltr'><strong>Audacter</strong></span> <span class='ocrx_word' id='word_1_101' title='bbox 925 1304 1056 1373; x_wconf 88' lang='lat' dir='ltr'><strong>equidem</strong></span> <span class='ocrx_word' id='word_1_102' title='bbox 1067 1304 1143 1359; x_wconf 85' lang='lat' dir='ltr'><strong>hanc</strong></span> 
     </span>
     <span class='ocr_line' id='line_1_15' title="bbox 175 1372 1141 1456; baseline 0 -31"><span class='ocrx_word' id='word_1_103' title='bbox 175 1373 252 1425; x_wconf 88' lang='lat' dir='ltr'><strong>viam</strong></span> <span class='ocrx_word' id='word_1_104' title='bbox 275 1372 416 1452; x_wconf 75' lang='lat' dir='ltr'><strong>ingressus</strong></span> <span class='ocrx_word' id='word_1_105' title='bbox 440 1377 470 1453; x_wconf 82' lang='lat' dir='ltr'><strong>et</strong></span> <span class='ocrx_word' id='word_1_106' title='bbox 495 1375 614 1430; x_wconf 86' lang='lat' dir='ltr'><strong>ulterius</strong></span> <span class='ocrx_word' id='word_1_107' title='bbox 634 1375 949 1456; x_wconf 35' lang='lat' dir='ltr'><strong>&#39;quam-&#39;Lacbmannus</strong></span> <span class='ocrx_word' id='word_1_108' title='bbox 975 1373 1141 1441; x_wconf 84' lang='lat' dir='ltr'><strong>prosecutus</strong></span> 
     </span>
     <span class='ocr_line' id='line_1_16' title="bbox 175 1441 1142 1590; baseline -0.003 -27"><span class='ocrx_word' id='word_1_109' title='bbox 175 1441 1009 1590; x_wconf 50' lang='lat' dir='ltr'><strong>⁸¹³?titileiff‘tltetlfilladdititiam,</strong></span> <span class='ocrx_word' id='word_1_110' title='bbox 1024 1522 1142 1586; x_wconf 57' lang='lat' dir='ltr'><strong>aaa</strong></span> 
     </span>
     <span class='ocr_line' id='line_1_17' title="bbox 175 1575 1144 1648; baseline -0.002 -18"><span class='ocrx_word' id='word_1_111' title='bbox 175 1575 274 1639; x_wconf 80' lang='lat' dir='ltr'><strong>velint,</strong></span> <span class='ocrx_word' id='word_1_112' title='bbox 292 1576 330 1629; x_wconf 85' lang='lat' dir='ltr'><strong>ad</strong></span> <span class='ocrx_word' id='word_1_113' title='bbox 346 1579 585 1633; x_wconf 74' lang='lat' dir='ltr'><strong>accuratissimam</strong></span> <span class='ocrx_word' id='word_1_114' title='bbox 603 1579 769 1648; x_wconf 77' lang='lat' dir='ltr'><strong>Boeclringii</strong></span> <span class='ocrx_word' id='word_1_115' title='bbox 786 1579 941 1633; x_wconf 81' lang='lat' dir='ltr'><strong>editionem</strong></span> <span class='ocrx_word' id='word_1_116' title='bbox 956 1577 1044 1629; x_wconf 78' lang='lat' dir='ltr'><strong>totius</strong></span> <span class='ocrx_word' id='word_1_117' title='bbox 1064 1576 1144 1629; x_wconf 84' lang='lat' dir='ltr'><strong>tertu</strong></span> 
     </span>
     <span class='ocr_line' id='line_1_18' title="bbox 175 1643 1146 1717; baseline -0.001 -20"><span class='ocrx_word' id='word_1_118' title='bbox 175 1643 241 1697; x_wconf 88' lang='lat' dir='ltr'><strong>libri</strong></span> <span class='ocrx_word' id='word_1_119' title='bbox 262 1643 428 1699; x_wconf 83' lang='lat' dir='ltr'><strong>Dosiiheaui</strong></span> <span class='ocrx_word' id='word_1_120' title='bbox 452 1646 643 1712; x_wconf 88' lang='lat' dir='ltr'><strong>remittamus,</strong></span> <span class='ocrx_word' id='word_1_121' title='bbox 667 1664 742 1717; x_wconf 89' lang='lat' dir='ltr'><strong>quae</strong></span> <span class='ocrx_word' id='word_1_122' title='bbox 758 1647 813 1701; x_wconf 90' lang='lat' dir='ltr'><strong>hoc</strong></span> <span class='ocrx_word' id='word_1_123' title='bbox 831 1646 883 1700; x_wconf 90' lang='lat' dir='ltr'><strong>sub</strong></span> <span class='ocrx_word' id='word_1_124' title='bbox 905 1644 1003 1699; x_wconf 83' lang='lat' dir='ltr'><strong>titulo:</strong></span> <span class='ocrx_word' id='word_1_125' title='bbox 1027 1647 1146 1697; x_wconf 75' lang='lat' dir='ltr'><strong>Doeitder&#39;</strong></span> 
     </span>
     <span class='ocr_line' id='line_1_19' title="bbox 178 1713 1142 1790; baseline -0.003 -25"><span class='ocrx_word' id='word_1_126' title='bbox 178 1715 302 1779; x_wconf 76' lang='lat' dir='ltr'><strong>Mopietri</strong></span> <span class='ocrx_word' id='word_1_127' title='bbox 310 1717 594 1780; x_wconf 78' lang='lat' dir='ltr'><strong>interpretamentorum</strong></span> <span class='ocrx_word' id='word_1_128' title='bbox 606 1720 670 1769; x_wconf 82' lang='lat' dir='ltr'><strong>liber</strong></span> <span class='ocrx_word' id='word_1_129' title='bbox 683 1721 775 1769; x_wconf 80' lang='lat' dir='ltr'><strong>tertiae</strong></span> <span class='ocrx_word' id='word_1_130' title='bbox 787 1719 886 1769; x_wconf 79' lang='lat' dir='ltr'><strong>Graece</strong></span> <span class='ocrx_word' id='word_1_131' title='bbox 898 1723 925 1767; x_wconf 80' lang='lat' dir='ltr'><strong>et</strong></span> <span class='ocrx_word' id='word_1_132' title='bbox 937 1717 1038 1770; x_wconf 80' lang='lat' dir='ltr'><strong>Latine,</strong></span> <span class='ocrx_word' id='word_1_133' title='bbox 1055 1713 1142 1790; x_wconf 64' lang='lat' dir='ltr'><strong>Bona.</strong></span> 
     </span>
     <span class='ocr_line' id='line_1_20' title="bbox 178 1780 1144 1851; baseline -0.002 -18"><span class='ocrx_word' id='word_1_134' title='bbox 178 1785 253 1833; x_wconf 78' lang='lat'>1832.</span> <span class='ocrx_word' id='word_1_135' title='bbox 273 1780 387 1847; x_wconf 83' lang='lat' dir='ltr'><strong>prodiit,</strong></span> <span class='ocrx_word' id='word_1_136' title='bbox 405 1784 435 1835; x_wconf 90' lang='lat' dir='ltr'><strong>et</strong></span> <span class='ocrx_word' id='word_1_137' title='bbox 452 1781 563 1847; x_wconf 90' lang='lat' dir='ltr'><strong>deiude,</strong></span> <span class='ocrx_word' id='word_1_138' title='bbox 581 1798 654 1851; x_wconf 89' lang='lat' dir='ltr'><strong>quae</strong></span> <span class='ocrx_word' id='word_1_139' title='bbox 673 1783 710 1836; x_wconf 89' lang='lat' dir='ltr'><strong>ad</strong></span> <span class='ocrx_word' id='word_1_140' title='bbox 727 1784 772 1837; x_wconf 88' lang='lat' dir='ltr'><strong>ius</strong></span> <span class='ocrx_word' id='word_1_141' title='bbox 789 1799 845 1837; x_wconf 92' lang='lat' dir='ltr'><strong>non</strong></span> <span class='ocrx_word' id='word_1_142' title='bbox 862 1780 1016 1850; x_wconf 87' lang='lat' dir='ltr'><strong>pertinent,</strong></span> <span class='ocrx_word' id='word_1_143' title='bbox 1035 1793 1144 1832; x_wconf 77' lang='lat' dir='ltr'><strong>omissus</strong></span> 
     </span>
     <span class='ocr_line' id='line_1_21' title="bbox 176 1846 1146 1985; baseline -0.002 -17"><span class='ocrx_word' id='word_1_144' title='bbox 176 1847 489 1985; x_wconf 51' lang='lat' dir='ltr'><strong>{titillantia</strong></span> <span class='ocrx_word' id='word_1_145' title='bbox 501 1850 611 1971; x_wconf 67' lang='lat' dir='ltr'><strong>litt</strong></span> <span class='ocrx_word' id='word_1_146' title='bbox 626 1847 1047 1972; x_wconf 54' lang='lat' dir='ltr'><strong>satiatissime}</strong></span> <span class='ocrx_word' id='word_1_147' title='bbox 1062 1846 1146 1978; x_wconf 64' lang='lat' dir='ltr'><strong>,tili</strong></span> 
     </span>
     <span class='ocr_line' id='line_1_22' title="bbox 176 1936 1146 2049; baseline -0.002 -13"><span class='ocrx_word' id='word_1_148' title='bbox 176 1982 247 2036; x_wconf 85' lang='lat' dir='ltr'><strong>such</strong></span> <span class='ocrx_word' id='word_1_149' title='bbox 263 1982 335 2037; x_wconf 76' lang='lat' dir='ltr'><strong>fiber</strong></span> <span class='ocrx_word' id='word_1_150' title='bbox 353 1966 502 2039; x_wconf 81' lang='lat' dir='ltr'><strong>Dositheus</strong></span> <span class='ocrx_word' id='word_1_151' title='bbox 520 1985 613 2040; x_wconf 89' lang='lat' dir='ltr'><strong>Berol.</strong></span> <span class='ocrx_word' id='word_1_152' title='bbox 634 1993 710 2048; x_wconf 68' lang='lat'>1837}</span> <span class='ocrx_word' id='word_1_153' title='bbox 729 1936 774 2039; x_wconf 77' lang='lat' dir='ltr'><strong>deg</strong></span> <span class='ocrx_word' id='word_1_154' title='bbox 788 1984 967 2039; x_wconf 87' lang='lat' dir='ltr'><strong>emendando</strong></span> <span class='ocrx_word' id='word_1_155' title='bbox 984 1981 1047 2049; x_wconf 87' lang='lat' dir='ltr'><strong>hoo,</strong></span> <span class='ocrx_word' id='word_1_156' title='bbox 1067 1980 1146 2049; x_wconf 88' lang='lat' dir='ltr'><strong>quod</strong></span> 
     </span>
     <span class='ocr_line' id='line_1_23' title="bbox 178 2048 1144 2124; baseline -0.001 -19"><span class='ocrx_word' id='word_1_157' title='bbox 178 2050 300 2115; x_wconf 89' lang='lat' dir='ltr'><strong>edimus,</strong></span> <span class='ocrx_word' id='word_1_158' title='bbox 323 2054 472 2119; x_wconf 89' lang='lat' dir='ltr'><strong>opusculo,</strong></span> <span class='ocrx_word' id='word_1_159' title='bbox 495 2053 606 2107; x_wconf 86' lang='lat' dir='ltr'><strong>utiam</strong></span> <span class='ocrx_word' id='word_1_160' title='bbox 630 2052 800 2124; x_wconf 84' lang='lat' dir='ltr'><strong>significavi,</strong></span> <span class='ocrx_word' id='word_1_161' title='bbox 822 2052 929 2123; x_wconf 87' lang='lat' dir='ltr'><strong>optime</strong></span> <span class='ocrx_word' id='word_1_162' title='bbox 953 2048 1070 2103; x_wconf 86' lang='lat' dir='ltr'><strong>meritus</strong></span> <span class='ocrx_word' id='word_1_163' title='bbox 1090 2050 1144 2105; x_wconf 84' lang='lat' dir='ltr'><strong>est.</strong></span> 
     </span>
     <span class='ocr_line' id='line_1_24' title="bbox 177 2116 1144 2190; baseline -0.002 -19"><span class='ocrx_word' id='word_1_164' title='bbox 177 2117 298 2172; x_wconf 80' lang='lat' dir='ltr'><strong>Textum</strong></span> <span class='ocrx_word' id='word_1_165' title='bbox 317 2120 352 2172; x_wconf 87' lang='lat' dir='ltr'><strong>ab</strong></span> <span class='ocrx_word' id='word_1_166' title='bbox 372 2136 405 2174; x_wconf 90' lang='lat' dir='ltr'><strong>eo</strong></span> <span class='ocrx_word' id='word_1_167' title='bbox 424 2122 608 2175; x_wconf 86' lang='lat' dir='ltr'><strong>constitutum</strong></span> <span class='ocrx_word' id='word_1_168' title='bbox 626 2121 826 2190; x_wconf 79' lang='lat' dir='ltr'><strong>Boeolringius,</strong></span> <span class='ocrx_word' id='word_1_169' title='bbox 844 2117 1010 2174; x_wconf 72' lang='lat' dir='ltr'><strong>novenaria</strong></span> <span class='ocrx_word' id='word_1_170' title='bbox 1028 2116 1144 2182; x_wconf 84' lang='lat' dir='ltr'><strong>additis,</strong></span> 
     </span>
     <span class='ocr_line' id='line_1_25' title="bbox 179 2186 1145 2265; baseline -0.002 -26"><span class='ocrx_word' id='word_1_171' title='bbox 179 2186 300 2265; x_wconf 76' lang='lat' dir='ltr'><strong>subiecit</strong></span> <span class='ocrx_word' id='word_1_172' title='bbox 329 2187 448 2243; x_wconf 86' lang='lat' dir='ltr'><strong>editioni</strong></span> <span class='ocrx_word' id='word_1_173' title='bbox 473 2202 540 2243; x_wconf 84' lang='lat' dir='ltr'><strong>suae</strong></span> <span class='ocrx_word' id='word_1_174' title='bbox 567 2188 682 2257; x_wconf 84' lang='lat' dir='ltr'><strong>Ulpiani</strong></span> <span class='ocrx_word' id='word_1_175' title='bbox 707 2188 808 2258; x_wconf 73' lang='lat' dir='ltr'><strong>fragm.</strong></span> <span class='ocrx_word' id='word_1_176' title='bbox 832 2188 906 2257; x_wconf 84' lang='lat' dir='ltr'><strong>Lips.</strong></span> <span class='ocrx_word' id='word_1_177' title='bbox 931 2190 1004 2240; x_wconf 79' lang='lat'>1855.</span> <span class='ocrx_word' id='word_1_178' title='bbox 1031 2201 1059 2261; x_wconf 89' lang='lat' dir='ltr'><strong>p.</strong></span> <span class='ocrx_word' id='word_1_179' title='bbox 1087 2190 1145 2241; x_wconf 73' lang='lat'><strong>159.</strong></span> 
     </span>
     <span class='ocr_line' id='line_1_26' title="bbox 178 2254 1145 2325; baseline -0.002 -17"><span class='ocrx_word' id='word_1_180' title='bbox 178 2254 308 2321; x_wconf 89' lang='lat' dir='ltr'><strong>Demque</strong></span> <span class='ocrx_word' id='word_1_181' title='bbox 325 2254 476 2311; x_wconf 87' lang='lat' dir='ltr'><strong>Mauritius</strong></span> <span class='ocrx_word' id='word_1_182' title='bbox 489 2256 620 2325; x_wconf 84' lang='lat' dir='ltr'><strong>Voigtius</strong></span> <span class='ocrx_word' id='word_1_183' title='bbox 637 2258 668 2310; x_wconf 92' lang='lat' dir='ltr'><strong>in</strong></span> <span class='ocrx_word' id='word_1_184' title='bbox 678 2257 758 2310; x_wconf 79' lang='lat' dir='ltr'><strong>&#39;libro</strong></span> <span class='ocrx_word' id='word_1_185' title='bbox 777 2256 837 2309; x_wconf 83' lang='lat' dir='ltr'><strong>‘die</strong></span> <span class='ocrx_word' id='word_1_186' title='bbox 849 2255 940 2309; x_wconf 87' lang='lat' dir='ltr'><strong>Lehre</strong></span> <span class='ocrx_word' id='word_1_187' title='bbox 954 2268 1018 2307; x_wconf 86' lang='lat' dir='ltr'><strong>vom</strong></span> <span class='ocrx_word' id='word_1_188' title='bbox 1036 2268 1079 2303; x_wconf 87' lang='lat' dir='ltr'><strong>ms</strong></span> <span class='ocrx_word' id='word_1_189' title='bbox 1095 2267 1145 2306; x_wconf 85' lang='lat' dir='ltr'><strong>na·</strong></span> 
     </span>
     <span class='ocr_line' id='line_1_27' title="bbox 177 2319 1145 2394; baseline -0.003 -19"><span class='ocrx_word' id='word_1_190' title='bbox 177 2322 282 2377; x_wconf 87' lang='lat' dir='ltr'><strong>turale’</strong></span> <span class='ocrx_word' id='word_1_191' title='bbox 305 2321 379 2391; x_wconf 86' lang='lat' dir='ltr'><strong>Lips.</strong></span> <span class='ocrx_word' id='word_1_192' title='bbox 400 2330 473 2381; x_wconf 81' lang='lat'>1856.</span> <span class='ocrx_word' id='word_1_193' title='bbox 499 2342 527 2394; x_wconf 93' lang='lat' dir='ltr'><strong>p.</strong></span> <span class='ocrx_word' id='word_1_194' title='bbox 548 2330 690 2380; x_wconf 71' lang='lat' dir='ltr'><strong>tlt-630.</strong></span> <span class='ocrx_word' id='word_1_195' title='bbox 716 2324 751 2377; x_wconf 89' lang='lat' dir='ltr'><strong>de</strong></span> <span class='ocrx_word' id='word_1_196' title='bbox 774 2324 828 2379; x_wconf 90' lang='lat' dir='ltr'><strong>hoc</strong></span> <span class='ocrx_word' id='word_1_197' title='bbox 849 2323 1009 2392; x_wconf 84' lang='lat' dir='ltr'><strong>fragmento</strong></span> <span class='ocrx_word' id='word_1_198' title='bbox 1027 2334 1085 2372; x_wconf 92' lang='lat' dir='ltr'><strong>non</strong></span> <span class='ocrx_word' id='word_1_199' title='bbox 1102 2319 1145 2373; x_wconf 87' lang='lat' dir='ltr'><strong>in·</strong></span> 
     </span>
     <span class='ocr_line' id='line_1_28' title="bbox 178 2385 1146 2460; baseline -0.002 -17"><span class='ocrx_word' id='word_1_200' title='bbox 178 2390 248 2444; x_wconf 87' lang='lat' dir='ltr'><strong>scite</strong></span> <span class='ocrx_word' id='word_1_201' title='bbox 266 2390 326 2459; x_wconf 81' lang='lat' dir='ltr'><strong>egit</strong></span> <span class='ocrx_word' id='word_1_202' title='bbox 342 2406 501 2457; x_wconf 89' lang='lat' dir='ltr'><strong>novamque</strong></span> <span class='ocrx_word' id='word_1_203' title='bbox 520 2391 579 2445; x_wconf 87' lang='lat' dir='ltr'><strong>eius</strong></span> <span class='ocrx_word' id='word_1_204' title='bbox 601 2392 711 2460; x_wconf 88' lang='lat' dir='ltr'><strong>primae</strong></span> <span class='ocrx_word' id='word_1_205' title='bbox 735 2392 759 2456; x_wconf 73' lang='lat' dir='ltr'><strong>§i</strong></span> <span class='ocrx_word' id='word_1_206' title='bbox 776 2392 983 2457; x_wconf 86' lang='lat' dir='ltr'><strong>recensionem,</strong></span> <span class='ocrx_word' id='word_1_207' title='bbox 1011 2385 1061 2445; x_wconf 88' lang='lat' dir='ltr'><strong>sed</strong></span> <span class='ocrx_word' id='word_1_208' title='bbox 1081 2403 1146 2441; x_wconf 88' lang='lat' dir='ltr'><strong>eam</strong></span> 
     </span>
     <span class='ocr_line' id='line_1_29' title="bbox 178 2457 879 2528; baseline 0.001 -18"><span class='ocrx_word' id='word_1_209' title='bbox 178 2473 294 2525; x_wconf 86' lang='lat' dir='ltr'><strong>pamm,</strong></span> <span class='ocrx_word' id='word_1_210' title='bbox 310 2472 375 2509; x_wconf 90' lang='lat' dir='ltr'><strong>meo</strong></span> <span class='ocrx_word' id='word_1_211' title='bbox 392 2457 510 2523; x_wconf 87' lang='lat' dir='ltr'><strong>iudicio,</strong></span> <span class='ocrx_word' id='word_1_212' title='bbox 528 2458 704 2528; x_wconf 86' lang='lat' dir='ltr'><strong>probabilem</strong></span> <span class='ocrx_word' id='word_1_213' title='bbox 722 2458 879 2513; x_wconf 82' lang='lat' dir='ltr'><strong>adornavit.</strong></span> 
     </span>
    </p>
   </div>
   <div class='ocr_carea' id='block_1_3' title="bbox 180 2582 1147 2829">
    <p class='ocr_par' dir='ltr' id='par_1_3' title="bbox 180 2582 1147 2829">
     <span class='ocr_line' id='line_1_30' title="bbox 243 2582 1147 2662; baseline -0.002 -21"><span class='ocrx_word' id='word_1_214' title='bbox 243 2582 267 2641; x_wconf 87' lang='lat'><strong>1.</strong></span> <span class='ocrx_word' id='word_1_215' title='bbox 293 2583 377 2641; x_wconf 85' lang='lat' dir='ltr'><strong>Omne</strong></span> <span class='ocrx_word' id='word_1_216' title='bbox 392 2587 463 2641; x_wconf 91' lang='lat' dir='ltr'><strong>euim</strong></span> <span class='ocrx_word' id='word_1_217' title='bbox 479 2588 530 2662; x_wconf 87' lang='lat' dir='ltr'><strong>ius,</strong></span> <span class='ocrx_word' id='word_1_218' title='bbox 555 2588 619 2661; x_wconf 89' lang='lat' dir='ltr'><strong>’quo</strong></span> <span class='ocrx_word' id='word_1_219' title='bbox 635 2582 764 2658; x_wconf 83' lang='lat' dir='ltr'><strong>utimur,¹</strong></span> <span class='ocrx_word' id='word_1_220' title='bbox 779 2595 826 2643; x_wconf 86' lang='lat' dir='ltr'><strong>aut</strong></span> <span class='ocrx_word' id='word_1_221' title='bbox 841 2587 922 2645; x_wconf 89' lang='lat' dir='ltr'><strong>ciuile</strong></span> <span class='ocrx_word' id='word_1_222' title='bbox 932 2585 1085 2661; x_wconf 82' lang='lat' dir='ltr'><strong>appellatur</strong></span> <span class='ocrx_word' id='word_1_223' title='bbox 1100 2592 1147 2639; x_wconf 84' lang='lat' dir='ltr'><strong>aut</strong></span> 
     </span>
     <span class='ocr_line' id='line_1_31' title="bbox 180 2665 1147 2745; baseline 0 -20"><span class='ocrx_word' id='word_1_224' title='bbox 180 2667 304 2725; x_wconf 84' lang='lat' dir='ltr'><strong>naturale</strong></span> <span class='ocrx_word' id='word_1_225' title='bbox 323 2665 378 2725; x_wconf 87' lang='lat' dir='ltr'><strong>&#39;uel</strong></span> <span class='ocrx_word' id='word_1_226' title='bbox 405 2672 536 2744; x_wconf 82' lang='lat' dir='ltr'><strong>gentium.</strong></span> <span class='ocrx_word' id='word_1_227' title='bbox 576 2671 704 2729; x_wconf 85' lang='lat' dir='ltr'><strong>Naturale</strong></span> <span class='ocrx_word' id='word_1_228' title='bbox 726 2672 840 2741; x_wconf 86' lang='lat' dir='ltr'><strong>dicitur,</strong></span> <span class='ocrx_word' id='word_1_229' title='bbox 864 2670 952 2745; x_wconf 85' lang='lat' dir='ltr'><strong>(quod</strong></span> <span class='ocrx_word' id='word_1_230' title='bbox 971 2677 1081 2727; x_wconf 79' lang='lat' dir='ltr'><strong>notura</strong></span> <span class='ocrx_word' id='word_1_231' title='bbox 1103 2675 1147 2725; x_wconf 80' lang='lat' dir='ltr'><strong>est</strong></span> 
     </span>
     <span class='ocr_line' id='line_1_32' title="bbox 180 2748 1147 2829; baseline 0 -20"><span class='ocrx_word' id='word_1_232' title='bbox 180 2754 284 2809; x_wconf 84' lang='lat' dir='ltr'><strong>bonum</strong></span> <span class='ocrx_word' id='word_1_233' title='bbox 300 2752 337 2825; x_wconf 84' lang='lat' dir='ltr'><strong>et)</strong></span> <span class='ocrx_word' id='word_1_234' title='bbox 353 2749 504 2829; x_wconf 80' lang='lat' dir='ltr'><strong>aequum;²</strong></span> <span class='ocrx_word' id='word_1_235' title='bbox 526 2757 559 2814; x_wconf 89' lang='lat' dir='ltr'><strong>ab</strong></span> <span class='ocrx_word' id='word_1_236' title='bbox 581 2774 614 2815; x_wconf 90' lang='lat' dir='ltr'><strong>co</strong></span> <span class='ocrx_word' id='word_1_237' title='bbox 639 2760 709 2814; x_wconf 86' lang='lat' dir='ltr'><strong>enim</strong></span> <span class='ocrx_word' id='word_1_238' title='bbox 732 2757 908 2814; x_wconf 78' lang='lat' dir='ltr'><strong>‘nominatum</strong></span> <span class='ocrx_word' id='word_1_239' title='bbox 924 2748 986 2811; x_wconf 82' lang='lat' dir='ltr'><strong>est³</strong></span> <span class='ocrx_word' id='word_1_240' title='bbox 1009 2762 1037 2811; x_wconf 81' lang='lat' dir='ltr'><strong>et</strong></span> <span class='ocrx_word' id='word_1_241' title='bbox 1052 2768 1147 2811; x_wconf 91' lang='lat' dir='ltr'><strong>omnes</strong></span> 
     </span>
    </p>
   </div>
   <div class='ocr_carea' id='block_1_4' title="bbox 180 2884 1149 3027">
    <p class='ocr_par' dir='ltr' id='par_1_4' title="bbox 180 2884 1149 3027">
     <span class='ocr_line' id='line_1_33' title="bbox 254 2884 1149 2956; baseline 0.001 -19"><span class='ocrx_word' id='word_1_242' title='bbox 254 2884 275 2954; x_wconf 90' lang='lat'><strong>¹)</strong></span> <span class='ocrx_word' id='word_1_243' title='bbox 290 2888 357 2939; x_wconf 90' lang='lat' dir='ltr'><strong>Nunc</strong></span> <span class='ocrx_word' id='word_1_244' title='bbox 372 2890 447 2956; x_wconf 79' lang='lat'>(1884)</span> <span class='ocrx_word' id='word_1_245' title='bbox 465 2892 588 2942; x_wconf 87' lang='lat' dir='ltr'><strong>adeundae</strong></span> <span class='ocrx_word' id='word_1_246' title='bbox 607 2899 663 2942; x_wconf 85' lang='lat' dir='ltr'><strong>sunt</strong></span> <span class='ocrx_word' id='word_1_247' title='bbox 682 2891 868 2954; x_wconf 82' lang='lat' dir='ltr'><strong>Krambacherl,</strong></span> <span class='ocrx_word' id='word_1_248' title='bbox 887 2905 946 2956; x_wconf 88' lang='lat' dir='ltr'><strong>quas</strong></span> <span class='ocrx_word' id='word_1_249' title='bbox 965 2904 1038 2953; x_wconf 88' lang='lat' dir='ltr'><strong>supra</strong></span> <span class='ocrx_word' id='word_1_250' title='bbox 1058 2887 1093 2955; x_wconf 87' lang='lat' dir='ltr'><strong>(p.</strong></span> <span class='ocrx_word' id='word_1_251' title='bbox 1107 2898 1149 2938; x_wconf 74' lang='lat' dir='ltr'><strong>tat</strong></span> 
     </span>
     <span class='ocr_line' id='line_1_34' title="bbox 180 2956 522 3027; baseline 0.009 -18"><span class='ocrx_word' id='word_1_252' title='bbox 180 2956 242 3027; x_wconf 85' lang='lat' dir='ltr'><strong>not.)</strong></span> <span class='ocrx_word' id='word_1_253' title='bbox 258 2961 355 3023; x_wconf 76' lang='lat' dir='ltr'><strong>allegavi</strong></span> <span class='ocrx_word' id='word_1_254' title='bbox 370 2963 522 3026; x_wconf 82' lang='lat' dir='ltr'><strong>scriptiones.</strong></span> 
     </span>
    </p>
   </div>
   <div class='ocr_carea' id='block_1_5' title="bbox 182 3070 1151 3506">
    <p class='ocr_par' dir='ltr' id='par_1_5' title="bbox 182 3070 1151 3506">
     <span class='ocr_line' id='line_1_35' title="bbox 255 3070 1148 3154; baseline -0.004 -18"><span class='ocrx_word' id='word_1_255' title='bbox 255 3084 275 3154; x_wconf 90' lang='lat'><strong>¹)</strong></span> <span class='ocrx_word' id='word_1_256' title='bbox 289 3087 393 3152; x_wconf 81' lang='lat' dir='ltr'><strong>Scripsi</strong></span> <span class='ocrx_word' id='word_1_257' title='bbox 397 3105 406 3145; x_wconf 87' lang='lat'><strong>‚·</strong></span> <span class='ocrx_word' id='word_1_258' title='bbox 416 3102 470 3137; x_wconf 90' lang='lat' dir='ltr'><strong>cum</strong></span> <span class='ocrx_word' id='word_1_259' title='bbox 479 3089 530 3137; x_wconf 85' lang='lat' dir='ltr'><strong>lure</strong></span> <span class='ocrx_word' id='word_1_260' title='bbox 543 3087 574 3137; x_wconf 88' lang='lat' dir='ltr'><strong>V.</strong></span> <span class='ocrx_word' id='word_1_261' title='bbox 585 3087 697 3152; x_wconf 78' lang='lat' dir='ltr'><strong>(sactum</strong></span> <span class='ocrx_word' id='word_1_262' title='bbox 706 3102 743 3137; x_wconf 80' lang='lat' dir='ltr'><strong>cc.</strong></span> <span class='ocrx_word' id='word_1_263' title='bbox 754 3102 789 3137; x_wconf 80' lang='lat' dir='ltr'><strong>ex</strong></span> <span class='ocrx_word' id='word_1_264' title='bbox 798 3070 911 3152; x_wconf 52' lang='lat' dir='ltr'><strong>{utimum</strong></span> <span class='ocrx_word' id='word_1_265' title='bbox 941 3084 980 3149; x_wconf 80' lang='lat' dir='ltr'><strong>Cf.</strong></span> <span class='ocrx_word' id='word_1_266' title='bbox 1000 3083 1058 3134; x_wconf 81' lang='lat' dir='ltr'><strong>Gai.</strong></span> <span class='ocrx_word' id='word_1_267' title='bbox 1075 3095 1097 3146; x_wconf 93' lang='lat'><strong>1,</strong></span> <span class='ocrx_word' id='word_1_268' title='bbox 1114 3081 1148 3147; x_wconf 84' lang='lat'><strong>8).</strong></span> 
     </span>
     <span class='ocr_line' id='line_1_36' title="bbox 184 3154 1149 3225; baseline -0.007 -16"><span class='ocrx_word' id='word_1_269' title='bbox 184 3157 308 3209; x_wconf 76' lang='lat' dir='ltr'><strong>omittunt</strong></span> <span class='ocrx_word' id='word_1_270' title='bbox 326 3160 384 3209; x_wconf 85' lang='lat' dir='ltr'><strong>edd.</strong></span> <span class='ocrx_word' id='word_1_271' title='bbox 459 3154 480 3223; x_wconf 84' lang='lat'><strong>²)</strong></span> <span class='ocrx_word' id='word_1_272' title='bbox 500 3159 608 3225; x_wconf 68' lang='lat' dir='ltr'><strong>tepesco</strong></span> <span class='ocrx_word' id='word_1_273' title='bbox 631 3174 649 3223; x_wconf 83' lang='grc' dir='ltr'><em>η</em></span> <span class='ocrx_word' id='word_1_274' title='bbox 672 3157 791 3209; x_wconf 60' lang='lat' dir='ltr'><strong>eboraco</strong></span> <span class='ocrx_word' id='word_1_275' title='bbox 814 3155 928 3209; x_wconf 78' lang='grc' dir='ltr'><strong><em>δικαιον</em></strong></span> <span class='ocrx_word' id='word_1_276' title='bbox 1001 3156 1089 3205; x_wconf 86' lang='lat' dir='ltr'><strong>dicitur</strong></span> <span class='ocrx_word' id='word_1_277' title='bbox 1109 3154 1149 3203; x_wconf 87' lang='lat' dir='ltr'><strong>uel</strong></span> 
     </span>
     <span class='ocr_line' id='line_1_37' title="bbox 182 3226 1149 3295; baseline -0.004 -16"><span class='ocrx_word' id='word_1_278' title='bbox 182 3230 291 3279; x_wconf 82' lang='lat' dir='ltr'><strong>nationes</strong></span> <span class='ocrx_word' id='word_1_279' title='bbox 305 3238 346 3281; x_wconf 85' lang='lat' dir='ltr'><strong>aul</strong></span> <span class='ocrx_word' id='word_1_280' title='bbox 360 3230 447 3293; x_wconf 74' lang='lat' dir='ltr'><strong>gentile</strong></span> <span class='ocrx_word' id='word_1_281' title='bbox 462 3230 550 3279; x_wconf 85' lang='lat' dir='ltr'><strong>iustum</strong></span> <span class='ocrx_word' id='word_1_282' title='bbox 570 3228 601 3279; x_wconf 88' lang='lat' dir='ltr'><strong>V.</strong></span> <span class='ocrx_word' id='word_1_283' title='bbox 634 3228 663 3278; x_wconf 88' lang='lat' dir='ltr'><em>V</em></span> <span class='ocrx_word' id='word_1_284' title='bbox 660 3229 715 3279; x_wconf 82' lang='lat' dir='ltr'><strong>idea</strong></span> <span class='ocrx_word' id='word_1_285' title='bbox 719 3266 728 3290; x_wconf 93' lang='lat'><strong>,</strong></span> <span class='ocrx_word' id='word_1_286' title='bbox 743 3246 822 3295; x_wconf 82' lang='lat' dir='ltr'><strong>quae,</strong></span> <span class='ocrx_word' id='word_1_287' title='bbox 836 3229 906 3294; x_wconf 82' lang='lat' dir='ltr'><strong>quod</strong></span> <span class='ocrx_word' id='word_1_288' title='bbox 919 3230 946 3277; x_wconf 82' lang='lat' dir='ltr'><strong>in</strong></span> <span class='ocrx_word' id='word_1_289' title='bbox 957 3229 1011 3291; x_wconf 84' lang='lat' dir='ltr'><strong>fine</strong></span> <span class='ocrx_word' id='word_1_290' title='bbox 1025 3226 1093 3276; x_wconf 84' lang='lat' dir='ltr'><strong>idem</strong></span> <span class='ocrx_word' id='word_1_291' title='bbox 1105 3240 1149 3275; x_wconf 80' lang='lat' dir='ltr'><strong>re·</strong></span> 
     </span>
     <span class='ocr_line' id='line_1_38' title="bbox 182 3297 1151 3365; baseline -0.005 -15"><span class='ocrx_word' id='word_1_292' title='bbox 182 3308 303 3351; x_wconf 82' lang='lat' dir='ltr'><strong>curreret</strong></span> <span class='ocrx_word' id='word_1_293' title='bbox 314 3301 430 3359; x_wconf 81' lang='lat' dir='ltr'><strong>verbum,</strong></span> <span class='ocrx_word' id='word_1_294' title='bbox 446 3302 553 3359; x_wconf 76' lang='lat' dir='ltr'><strong>omissa,</strong></span> <span class='ocrx_word' id='word_1_295' title='bbox 568 3316 633 3365; x_wconf 84' lang='lat' dir='ltr'><strong>quae</strong></span> <span class='ocrx_word' id='word_1_296' title='bbox 647 3302 760 3351; x_wconf 77' lang='lat' dir='ltr'><strong>traiecta</strong></span> <span class='ocrx_word' id='word_1_297' title='bbox 771 3302 834 3351; x_wconf 80' lang='lat' dir='ltr'><strong>sint.</strong></span> <span class='ocrx_word' id='word_1_298' title='bbox 859 3299 1058 3356; x_wconf 75' lang='lat' dir='ltr'><strong>Animaduerte,</strong></span> <span class='ocrx_word' id='word_1_299' title='bbox 1073 3297 1151 3346; x_wconf 76' lang='lat' dir='ltr'><strong>Doci-</strong></span> 
     </span>
     <span class='ocr_line' id='line_1_39' title="bbox 183 3365 1151 3437; baseline -0.002 -16"><span class='ocrx_word' id='word_1_300' title='bbox 183 3371 267 3421; x_wconf 80' lang='lat' dir='ltr'><strong>tlrecm</strong></span> <span class='ocrx_word' id='word_1_301' title='bbox 286 3378 314 3421; x_wconf 81' lang='lat' dir='ltr'><strong>ut</strong></span> <span class='ocrx_word' id='word_1_302' title='bbox 332 3379 432 3421; x_wconf 79' lang='lat' dir='ltr'><strong>eeteros</strong></span> <span class='ocrx_word' id='word_1_303' title='bbox 453 3370 567 3421; x_wconf 82' lang='lat' dir='ltr'><strong>Graecos</strong></span> <span class='ocrx_word' id='word_1_304' title='bbox 587 3370 668 3437; x_wconf 85' lang='lat' dir='ltr'><strong>(velut</strong></span> <span class='ocrx_word' id='word_1_305' title='bbox 689 3370 799 3435; x_wconf 69' lang='lat' dir='ltr'><strong>Theoplt.</strong></span> <span class='ocrx_word' id='word_1_306' title='bbox 814 3384 841 3433; x_wconf 83' lang='lat' dir='ltr'><strong>t,</strong></span> <span class='ocrx_word' id='word_1_307' title='bbox 854 3384 875 3433; x_wconf 91' lang='lat'><strong>1,</strong></span> <span class='ocrx_word' id='word_1_308' title='bbox 892 3373 914 3432; x_wconf 66' lang='grc' dir='ltr'><strong>ς.</strong></span> <span class='ocrx_word' id='word_1_309' title='bbox 930 3382 952 3421; x_wconf 82' lang='lat' dir='ltr'><strong>t.</strong></span> <span class='ocrx_word' id='word_1_310' title='bbox 971 3371 1010 3419; x_wconf 75' lang='lat' dir='ltr'><strong>rit.</strong></span> <span class='ocrx_word' id='word_1_311' title='bbox 1025 3380 1059 3421; x_wconf 74' lang='lat' dir='ltr'><strong>aa.</strong></span> <span class='ocrx_word' id='word_1_312' title='bbox 1078 3369 1101 3429; x_wconf 63' lang='grc' dir='ltr'><strong>θ.</strong></span> <span class='ocrx_word' id='word_1_313' title='bbox 1117 3365 1151 3433; x_wconf 80' lang='lat' dir='ltr'><strong>t.)</strong></span> 
     </span>
     <span class='ocr_line' id='line_1_40' title="bbox 183 3437 1151 3506; baseline -0.005 -15"><span class='ocrx_word' id='word_1_314' title='bbox 183 3442 340 3491; x_wconf 81' lang='lat' dir='ltr'><strong>Latinorum</strong></span> <span class='ocrx_word' id='word_1_315' title='bbox 360 3437 492 3506; x_wconf 82' lang='lat' dir='ltr'><strong>‘aequum&#39;</strong></span> <span class='ocrx_word' id='word_1_316' title='bbox 513 3456 612 3505; x_wconf 82' lang='lat' dir='ltr'><strong>semper</strong></span> <span class='ocrx_word' id='word_1_317' title='bbox 631 3444 741 3492; x_wconf 77' lang='lat' dir='ltr'><strong>certiore</strong></span> <span class='ocrx_word' id='word_1_318' title='bbox 759 3440 873 3493; x_wconf 80' lang='grc' dir='ltr'><strong><em>δίκαιον</em></strong></span> <span class='ocrx_word' id='word_1_319' title='bbox 892 3443 915 3503; x_wconf 70' lang='grc'><strong>5.</strong></span> <span class='ocrx_word' id='word_1_320' title='bbox 935 3451 957 3491; x_wconf 73' lang='lat'><strong>2.</strong></span> <span class='ocrx_word' id='word_1_321' title='bbox 984 3440 1024 3489; x_wconf 87' lang='lat' dir='ltr'><strong>lus</strong></span> <span class='ocrx_word' id='word_1_322' title='bbox 1042 3438 1151 3489; x_wconf 81' lang='lat' dir='ltr'><strong>naturale</strong></span> 
     </span>
    </p>
   </div>
   <div class='ocr_carea' id='block_1_6' title="bbox 184 3508 1262 3632">
    <p class='ocr_par' dir='ltr' id='par_1_6' title="bbox 184 3508 1262 3632">
     <span class='ocr_line' id='line_1_41' title="bbox 184 3508 1262 3577; baseline 0.007 -19"><span class='ocrx_word' id='word_1_323' title='bbox 184 3512 273 3560; x_wconf 76' lang='lat' dir='ltr'><strong>elicitur</strong></span> <span class='ocrx_word' id='word_1_324' title='bbox 286 3511 325 3561; x_wconf 88' lang='lat' dir='ltr'><strong>uel</strong></span> <span class='ocrx_word' id='word_1_325' title='bbox 339 3513 444 3573; x_wconf 80' lang='lat' dir='ltr'><strong>gentium</strong></span> <span class='ocrx_word' id='word_1_326' title='bbox 458 3548 554 3563; x_wconf 92' lang='grc'><strong>.....</strong></span> <span class='ocrx_word' id='word_1_327' title='bbox 569 3513 657 3563; x_wconf 87' lang='lat' dir='ltr'><strong>iustum</strong></span> <span class='ocrx_word' id='word_1_328' title='bbox 672 3513 712 3563; x_wconf 87' lang='lat' dir='ltr'><strong>ed.</strong></span> <span class='ocrx_word' id='word_1_329' title='bbox 727 3514 835 3563; x_wconf 79' lang='lat' dir='ltr'><strong>Laclm.</strong></span> <span class='ocrx_word' id='word_1_330' title='bbox 909 3508 931 3577; x_wconf 77' lang='lat'><strong>⁸)</strong></span> <span class='ocrx_word' id='word_1_331' title='bbox 945 3509 1100 3577; x_wconf 81' lang='grc' dir='ltr'><strong><em>ωνομασθη</em></strong></span> <span class='ocrx_word' id='word_1_332' title='bbox 1116 3530 1152 3553; x_wconf 86' lang='lat'><strong>==</strong></span> <span class='ocrx_word' id='word_1_333' title='bbox 1261 3571 1262 3576; x_wconf 63' lang='lat'><strong>,</strong></span> 
     </span>
     <span class='ocr_line' id='line_1_42' title="bbox 185 3581 369 3632; baseline 0.027 -4"><span class='ocrx_word' id='word_1_334' title='bbox 185 3582 320 3631; x_wconf 86' lang='lat' dir='ltr'><strong>nominatur</strong></span> <span class='ocrx_word' id='word_1_335' title='bbox 339 3581 369 3632; x_wconf 88' lang='lat' dir='ltr'><strong>V.</strong></span> 
     </span>
    </p>
   </div>
   <div class='ocr_carea' id='block_1_7' title="bbox 0 0 1291 3909">
    <p class='ocr_par' dir='ltr' id='par_1_7' title="bbox 0 0 1291 3909">
     <span class='ocr_line' id='line_1_43' title="bbox 0 0 1291 3909; baseline 0 0"><span class='ocrx_word' id='word_1_336' title='bbox 0 0 1291 3909; x_wconf 95' lang='lat' dir='ltr'><strong> </strong></span> 
     </span>
    </p>
   </div>
  </div>
 </body>
</html>
