2542 3909
420 231 486 268 arm
504 231 599 268 aarum
617 232 690 267 sana.
709 212 730 266 I.
751 217 864 266 19-21.
1049 211 1115 276 469

160 364 227 436 quin
243 360 375 418 inutiliter
390 353 492 417 datur.¹
528 357 557 419 d.
580 358 679 416 Omnes
701 376 760 430 res,
781 374 850 431 quae
870 361 1008 416 sociorum
1028 353 1117 429 sunt,²

160 447 297 501 communi
313 444 460 500 diuidundo
475 444 573 500 iudicio
589 446 722 500 intereos
737 450 907 516 separantur.

162 573 227 612 rm.
247 571 310 614 xrx.
347 547 606 619 uvnuannonvu³
627 567 779 611 tortosae
801 569 862 610 aaa
881 568 1120 612 rurtrrartonau

537 653 736 694 pransurus.

226 734 252 795 1.
267 733 417 805 ⁴Quaedam
432 739 562 808 actiones,
575 739 598 792 si
613 755 628 792 a
643 741 690 793 reo
703 736 862 800 initientur,
875 737 1029 812 duplantur,
1043 739 1120 796 uelut

164 822 283 894 iudicati,
295 822 416 895 depensi,
432 821 514 895 legati
529 837 579 895 pet
590 821 787 878 damnationem
799 821 902 893 relicti,
918 820 1008 876 damni
1024 822 1120 877 iniuria

163 907 232 979 legis
248 905 386 978 Aquiliae,
406 907 471 960 item
491 905 524 960 de
539 905 619 960 modo
635 906 709 978 agri,
730 921 790 960 curn
811 921 825 959 a
848 903 991 960 uenditare
1013 914 1120 979 emptor

163 990 295 1063 deeeptus
311 998 362 1044 est.
406 986 435 1045 2.
459 983 513 1042 ⁶lix
530 989 570 1043 his
587 990 685 1060 causis,
701 1003 769 1060 quae
785 985 944 1043 infitiatione
960 987 1118 1062 duplantur,

163 1080 243 1147 paeto
259 1072 345 1128 decidi
362 1088 416 1127 non
432 1080 535 1145 potest.

312 1198 374 1240 atr.
391 1199 441 1238 XX.
471 1196 513 1239 DE
527 1195 734 1239 rmntvssontt
748 1197 788 1238 ΕΤ
803 1195 972 1240 SPONSORE.

227 1281 252 1344 1.
277 1277 363 1339 linter
378 1281 551 1337 fideiussores
564 1298 596 1337 ex
611 1283 700 1339 relicto
713 1285 855 1354 praetoris,
873 1284 894 1338 si
911 1281 1045 1340 soluendo
1055 1283 1121 1354 siat,

165 1370 230 1426 lieet
245 1367 346 1441 singuli
361 1365 520 1424 insolidum
536 1374 690 1437 teneantur,
706 1365 837 1439 obligatio
853 1365 999 1423 diuidetur.

323 1483 387 1524 TIT.
403 1483 467 1522 xxi.
496 1482 539 1522 Du
554 1479 724 1524 suevnoms
739 1484 780 1524 Et·
794 1481 962 1525 uvonnms.

228 1557 253 1618 1.
277 1553 335 1616 ⁷Ob
357 1560 494 1615 inomsum
511 1558 628 1615 lluminis
651 1560 694 1616 uel
711 1566 811 1615 metum
833 1561 927 1616 ruinae
948 1575 1048 1634 eorpus
1070 1561 1121 1616 lam

167 1653 312 1720 perpetuae
328 1643 485 1717 sepulturae
501 1642 646 1715 traditum,
662 1643 830 1700 sollemnibus
846 1642 958 1700 redditis
974 1641 1120 1711 sacrificiis,

86 1744 156 1794 [ara]
167 1747 216 1804 per
230 1737 338 1786 nortem
353 1729 380 1783 iu
395 1727 476 1783 alium
491 1726 632 1783 transferri
648 1727 736 1783 locum
758 1735 859 1800 potest.
902 1723 930 1784 2.
956 1720 1079 1801 ⁸Corpus
1095 1729 1122 1782 iu

166 1814 303 1869 ciuitatem
318 1810 411 1867 inierri
427 1825 482 1866 non
503 1810 582 1881 lieet,
603 1827 638 1866 ne
654 1810 826 1867 funestentur
846 1826 920 1866 saera
936 1812 1070 1884 ciuitatis3
1095 1819 1122 1866 et

166 1899 213 1972 qui
233 1903 326 1953 eontra
349 1910 379 1950 ea
401 1894 509 1964 iecerit,
532 1903 608 1949 extra
631 1893 754 1951 ordinem
777 1896 896 1968 punitur.
941 1889 991 1951 ⁹3.
1017 1887 1121 1949 ¹⁰lntra

166 1995 259 2036 muros
274 1980 393 2036 ciuitatis
408 1993 508 2050 corpus
524 1977 680 2050 sepulturae
695 1977 751 2032 dari
767 1993 822 2033 non
837 1984 939 2050 potest,
956 1976 1001 2033 uel
1018 1979 1121 2032 ustrina

167 2063 234 2120 lieri.
269 2060 299 2119 4.
324 2055 408 2129 ¹¹Qui
429 2077 530 2135 corpus
545 2069 693 2135 perpetuae
713 2060 869 2133 sepulturae
885 2060 1012 2116 traditum
1031 2061 1073 2116 uel
1090 2061 1122 2115 ad

167 2157 275 2221 tempus
297 2146 375 2202 alieui
402 2145 464 2201 loeo
486 2144 703 2200 commendatum
731 2143 874 2200 nudauerit
903 2151 929 2200 et
952 2144 1017 2200 solis
1039 2143 1122 2199 radiis

167 2231 327 2299 ostenderit,
342 2229 477 2301 piaculum
492 2229 652 2296 committit3
667 2235 748 2300 atque
760 2227 832 2298 ideo,
843 2228 866 2282 si
878 2227 1019 2284 honestior
1030 2228 1076 2299 sit,
1092 2229 1120 2283 in

242 2363 262 2429 ¹)
277 2365 359 2414 Aliud
368 2365 476 2425 placere
490 2361 593 2411 videtur
611 2360 666 2424 Uip.
682 2361 714 2410 Ι..
729 2373 749 2412 2.
765 2363 787 2424 ξ.
801 2373 823 2412 t.
842 2361 875 2409 Ι).
886 2360 951 2424 som.
966 2375 1019 2410 ere.
1036 2358 1079 2424 (ao,
1090 2359 1123 2425 1),

168 2439 227 2486 item
240 2435 325 2485 Dioni.
340 2433 372 2482 Ι..
387 2444 421 2482 tt.
443 2432 467 2480 O.
483 2432 539 2481 eod.
554 2431 589 2495 (s,
604 2433 640 2496 so)
660 2433 725 2481 etin
740 2432 838 2481 iudicio
857 2433 982 2481 communi
1000 2431 1052 2479 dio.
1072 2432 1124 2494 ipsi

169 2507 264 2556 Paullo
278 2506 310 2554 Ι..
320 2516 333 2554 o
343 2520 387 2567 pr.
402 2503 434 2550 D.
445 2516 531 2551 comm.
542 2502 593 2551 diu.
604 2501 650 2566 (to,
661 2501 691 2566 1).
716 2500 768 2551 Sed
781 2502 809 2550 di
822 2505 961 2565 loquuntur
970 2501 1002 2550 de
1013 2503 1123 2564 porteio-

167 2577 248 2634 ribus,
257 2577 301 2640 qui
310 2577 422 2624 nolentes
431 2575 499 2621 inter
508 2587 536 2620 se
544 2574 614 2622 solor
623 2573 747 2622 indicium
757 2574 897 2636 occipiunt.
923 2569 1033 2637 Quisque
1041 2574 1124 2638 ipitur

164 2653 336 2711 provocatus,
355 2651 383 2692 ut
401 2645 470 2692 inter
488 2657 573 2692 omnes
586 2643 711 2692 iudicium
728 2643 817 2698 detor,
835 2650 905 2692 recte
915 2644 1044 2707 postulat,
1063 2649 1088 2692 et
1101 2644 1125 2690 si

167 2718 335 2766 nihilominus
348 2717 417 2763 inter
428 2727 529 2776 paucos
542 2713 626 2771 detur,
642 2715 769 2763 inutiliter
783 2713 869 2762 datur.
898 2711 933 2761 Et
946 2713 1071 2763 haetenus
1085 2713 1124 2761 in-

168 2794 260 2845 terest,
279 2793 364 2835 utrum
377 2800 412 2834 ex
431 2789 555 2834 conventu
574 2782 674 2832 orditer
688 2790 808 2846 petatur,
828 2799 862 2832 on
882 2784 917 2834 ad
935 2785 1045 2834 iudicem
1060 2799 1124 2847 pro·

168 2865 282 2908 vocetur.
301 2856 333 2904 Ι..
343 2867 378 2906 to.
397 2854 430 2903 D.
445 2854 469 2903 ir.
484 2860 502 2902 t.
553 2849 576 2917 ¹)
590 2853 663 2918 Erpo
677 2855 753 2902 etiam
767 2869 801 2902 ear
815 2854 958 2904 hereditate
973 2869 1123 2905 commones.

168 2929 243 2978 Inte
272 2943 296 2976 r.
315 2925 420 2975 Dent.

244 2943 292 3046 ipit.
304 2995 384 3044 XIX.
414 2991 434 3059 ⁵)
446 2995 536 3044 Malim
545 3009 661 3058 quaenam
671 2993 800 3058 (utfuerit
808 2999 878 3056 sunam
889 2995 981 3044 omisso
987 3000 1079 3057 postea
1089 2992 1124 3058 n).

169 3065 401 3135 ‘)0f.(1'at.a,aes.
416 3076 493 3126 assa.
509 3077 530 3122 4,
541 3077 561 3115 s.
572 3076 619 3114 tn.
635 3065 709 3127 infra
719 3075 740 3122 a,
750 3076 783 3115 aa.
799 3066 821 3126 5.
831 3077 852 3114 4.
900 3060 921 3128 ⁶)
939 3063 977 3126 Cf.
993 3074 1014 3122 1,
1029 3075 1049 3112 1.
1064 3065 1087 3125 5.
1102 3074 1123 3114 s.

244 3137 292 3187 itt.
311 3136 375 3187 XX.
413 3132 489 3201 ⁸)Of.
508 3134 565 3184 Gai.
580 3147 602 3194 a,
617 3146 663 3184 121.

243 3208 292 3259 itt.
311 3206 391 3257 XXI.
430 3203 504 3272 7)οβ
520 3205 627 3256 L.1.1o.
650 3205 675 3254 0.
691 3205 723 3254 de
737 3207 811 3268 relip.
823 3203 909 3270 (3.14).
936 3203 1032 3253 Gruter
1045 3214 1092 3261 tte,
1103 3217 1123 3254 1.

170 3279 240 3329 Ptin.
255 3295 294 3344 ep.
310 3290 344 3339 lo,
358 3289 392 3329 os.
407 3289 433 3328 'to
447 3275 491 3341 (ts.
502 3277 547 3340 rt).
599 3272 620 3339 ⁸)
638 3275 676 3338 Cf.
692 3275 723 3324 L.
734 3287 754 3328 a.
770 3277 792 3336 ξ.
803 3288 824 3324 t.
843 3275 874 3322 li.
887 3275 918 3323 de
932 3276 1052 3337 sepulcro
1063 3276 1123 3324 viel.

169 3349 276 3416 (tt,1s).
326 3347 348 3415 ⁹)
364 3350 402 3411 ἐξ.
417 3359 499 3399 3-11.
519 3345 644 3395 debentur
660 3346 704 3396 od.
723 3345 782 3395 Ves.
830 3341 863 3411 ¹⁰)
880 3344 918 3408 Os.
935 3345 987 3394 Cio.
1002 3345 1034 3394 de
1049 3343 1125 3409 lepti.

168 3432 190 3479 t,
204 3432 237 3472 aa.
257 3421 365 3484 Dionys.
380 3429 402 3481 a,
415 3429 450 3469 48.
470 3417 502 3466 L.
517 3429 537 3468 a.
552 3419 575 3480 5.
590 3428 611 3468 5.
634 3417 667 3465 D.
682 3417 714 3465 de
727 3417 847 3479 sepulcro
866 3417 924 3465 oiol.
940 3415 989 3479 (tt,
1009 3413 1053 3479 12).
1077 3414 1126 3464 Go-

165 3493 240 3554 pitol.
256 3493 283 3540 in
300 3491 349 3539 Pio
364 3500 397 3539 12.
413 3488 445 3537 J..
460 3498 493 3539 12.
516 3487 542 3536 0.
557 3489 589 3536 de
603 3488 678 3551 reliq.
695 3485 727 3550 (a,
741 3484 787 3550 tt).
841 3484 875 3551 ¹¹)
892 3486 930 3548 Cf.
941 3486 1002 3536 lat.
1017 3488 1040 3548 ξ.
1053 3496 1072 3535 t.
1092 3485 1125 3533 L.

168 3563 215 3610 uit.
230 3561 262 3610 D.
277 3562 310 3610 de
323 3574 375 3623 sep.
391 3561 450 3608 aiot.
465 3557 510 3623 (tt,
526 3556 570 3622 12).
601 3557 665 3607 Noa.
686 3555 788 3605 Volent.
804 3558 842 3607 tit.
857 3567 883 3606 22
893 3572 937 3620 pr.
