2542 3909
486 225 511 267 Q.
530 224 626 261 uvctve
647 224 789 260 aaaron.
1078 219 1119 276 13

152 350 228 421 dicit,
253 350 376 405 manibus
398 358 495 423 pectas
519 352 615 423 tangit.
658 350 688 405 ln
716 349 920 423 antiquitatibus
943 359 1032 407 antem
1055 351 1120 407 baeu

153 433 253 507 oppida
283 436 375 489 inueni
405 433 523 503 deuota,
551 426 693 505 ’'lonlos,¹
716 433 867 508 Fregellas,
891 434 1003 505 Gabios,
1028 435 1118 506 Veios,

152 517 282 586 Fitlenas3
306 518 371 573 liaeo
394 519 464 573 intra
480 516 591 572 ltaliam.
622 527 761 591 praeterea
776 517 965 592 Karthaginem
981 528 1008 575 et
1023 518 1119 574 Corin·

152 602 243 670 thum;
268 601 316 657 sed
339 609 366 656 et
388 601 489 658 mttltos
512 602 648 657 exereitus
669 602 821 675 oppidaque
838 604 955 658 bostiam
970 602 1118 673 Gallorum,

152 685 342 758 Hispanorum,
364 686 503 754 Afrorum,
519 684 681 749 Maurorum,
704 687 869 759 aliarumque
891 690 1025 760 gentium,
1051 703 1118 759 quas

152 771 232 843 prisci
247 769 401 844 loquuntur
416 768 533 824 annales.
552 798 590 809 -
607 769 722 825 llaerab.
738 769 794 825 Sal.
811 771 839 839 3,
857 770 885 831 9.
902 771 951 843 83.
968 769 1082 827 6-13.

370 922 406 998 Q.
429 920 615 988 lavatis
636 921 901 1001 SCAEVOLA

285 1027 347 1093 (aas.
367 1043 388 1077 a.
409 1044 432 1077 ιι.
453 1038 499 1079 659.
519 1036 574 1090 post
592 1035 659 1091 pont.
679 1043 740 1077 mar.
760 1029 859 1078 oblita.
880 1045 903 1078 ιι.
922 1027 979 1094 aaa).

395 1127 437 1183 lle
457 1129 532 1183 iure
556 1128 658 1183 ciuili
679 1126 766 1184 libri
788 1126 874 1185 lllllll.

213 1235 237 1297 1.
259 1237 324 1293 Nam
340 1235 371 1305 Q.
390 1230 562 1292 Scaeuolam²
584 1236 617 1291 ad
632 1235 869 1292 demonstrandam
884 1254 984 1311 penum
999 1237 1040 1294 lris
1057 1254 1117 1295 uer·

151 1320 193 1377 bis
216 1337 296 1375 ιιειιιιι
318 1320 411 1376 audio:
443 1318 545 1375 ‘Penus
568 1328 624 1389 est,
646 1320 747 1392 inquit,
770 1314 858 1394 quasti
880 1323 1049 1378 esculentam
1070 1330 1118 1378 aut

153 1398 413 1477 posculentum4est,
426 1398 499 1476 q'notl
509 1403 864 1477 ipsinspatrisiamiliaslaut
876 1400 1115 1478 matrisfamilias)

151 1497 198 1544 aut
220 1488 334 1543 liberum
356 1481 572 1561 patrisfamilias⁵
593 1487 654 1563 (aut
666 1482 811 1566 familiae)
833 1491 902 1560 eius,
926 1506 994 1563 quae
1016 1492 1116 1546 ciream

150 1566 213 1628 eos⁶
228 1580 275 1628 aut
289 1572 391 1628 liberos
407 1574 464 1627 eius
480 1579 522 1627 est
537 1580 564 1627 at
580 1588 649 1645 opas
664 1588 719 1627 noa
736 1573 813 1644 lacit,
835 1590 913 1628 causa
929 1583 1049 1646 paratam
1065 1583 1115 1629 est.

150 1656 221 1727 (Sed
237 1660 347 1728 partim
368 1658 444 1713 lraea
466 1657 645 1726 improbasse
661 1656 795 1712 Seruium
810 1657 982 1729 Sulpiciam,
1004 1662 1054 1731 pai
1068 1656 1117 1713 ‘Ar

150 1759 207 1798 noa
229 1741 333 1810 omrw',
358 1743 458 1813 inquit,
474 1742 551 1813 quod
565 1754 632 1796 eous
645 1748 788 1812 potusque
804 1757 902 1797 earam
917 1758 1009 1798 caasa
1021 1759 1114 1813 para·

150 1835 207 1881 inm
224 1822 277 1899 ast)
296 1833 325 1879 ut
341 1824 442 1880 llaeius
459 1825 506 1894 ait,
522 1840 607 1897 penus
626 1823 710 1879 uideri
722 1825 811 1881 debet.
834 1824 896 1881 Nam
910 1842 978 1898 quae
991 1825 1022 1881 ad
1035 1827 1114 1882 ealea-

150 1909 213 1964 dnm
236 1908 438 1981 bibendamque
459 1910 487 1962 in
509 1907 567 1963 alies
591 1908 714 1981 singalas
737 1909 841 1982 prandii
864 1917 910 1964 aut
932 1925 1013 1966 cenae
1035 1926 1115 1965 eausa

151 2002 288 2065 parantur,
305 2009 391 2065 panus
407 2008 462 2047 non
478 1999 552 2062 sunt,
568 1992 615 2047 sed
626 2008 662 2053 ‚ea
677 1995 778 2065 polius,
796 2009 863 2065 qaae
878 1994 990 2049 huiusce
1006 1994 1114 2067 generis

152 2076 249 2149 longae
263 2077 366 2133 asianis
378 2078 463 2148 gratia
476 2077 674 2131 contrahuntur
686 2084 713 2131 el
725 2077 921 2147 reconduntur,
938 2093 970 2131 en
982 2094 1026 2149 eo,
1042 2077 1116 2151 quod

151 2176 205 2216 nan
228 2162 255 2216 in
278 2167 406 2233 prorupta
428 2161 493 2231 sint,
516 2160 564 2215 sed
587 2161 660 2214 intus
682 2168 711 2215 et
725 2162 833 2233 penitus
849 2160 1008 2232 habeantur,
1027 2176 1115 2234 penus

152 2244 222 2299 dieta
238 2246 324 2300 sunt'.
343 2273 380 2282 -
397 2243 463 2299 Gell.
481 2243 511 2312 4,
530 2243 556 2300 1.
574 2243 602 2314 S.
617 2243 665 2298 17.

215 2327 243 2386 2.
254 2328 347 2401 ltaque
359 2326 390 2395 Q.
399 2327 527 2383 Scaeuola
539 2329 567 2382 in
579 2325 717 2397 librorum,
732 2342 801 2400 quos
813 2326 846 2382 (la
859 2327 1114 2400 inreaiuilicompo-

151 2414 215 2481 snit,
229 2412 293 2468 xvt.
309 2411 391 2467 uerba
406 2412 473 2467 haee
489 2413 595 2483 posuit:
612 2410 702 2477 ‘Quod
718 2413 761 2468 aui
777 2411 939 2467 seruandum
956 2411 1046 2465 datum
1062 2418 1115 2483 est,

151 2497 175 2552 si
190 2497 216 2552 id
233 2504 363 2562 ususest,
380 2497 438 2551 siue
454 2494 527 2567 qnod
544 2495 673 2550 utendum
689 2498 801 2568 aceepit,
823 2496 855 2551 ml
870 2496 947 2552 aliam
962 2510 1018 2551 rem
1034 2504 1116 2569 atque

151 2583 265 2653 aceepit,
284 2597 349 2635 usus
362 2589 412 2635 est.
430 2580 494 2634 larii
510 2595 538 2634 se
555 2578 709 2651 obligauit'.
725 2609 765 2619 —
781 2578 850 2635 Gall.
870 2580 888 2636 t
905 2575 956 2655 (6),
975 2578 1023 2636 15.
1040 2579 1068 2650 S.
1087 2578 1114 2633 2.

212 2660 243 2721 3.
268 2664 346 2735 Lagis
361 2664 461 2719 ueteris
475 2664 576 2719 Atiniae
593 2662 674 2718 uerba
684 2671 763 2719 sunt:
778 2662 866 2730 ‘Quod
879 2663 1040 2736 subruptum
1053 2664 1115 2733 erit,

151 2749 208 2804 eius
231 2750 271 2804 rei
293 2757 400 2803 aeterna
421 2748 566 2803 auotoritas
588 2748 672 2802 esto'.
709 2746 773 2815 Quis
794 2747 865 2804 allati
885 2755 963 2821 putet
987 2749 1016 2803 in
1042 2747 1114 2802 hisae

224 2910 243 2977 ¹)
261 2913 396 2963 Fortasse:
418 2913 521 2961 Thurias
540 2907 583 2975 (ab
599 2910 747 2960 Hannibale
765 2911 907 2976 receptos),·
926 2928 985 2961 nam
999 2911 1115 2963 ordinem

147 2984 351 3050 peaprapiriaam
364 2985 437 3047 requi
451 2984 560 3031 videtur.
595 2982 711 3031 Ceteram
725 2983 860 3041 incertam,
880 2998 914 3031 an
934 2983 997 3033 laea
1016 2998 1114 3047 qaoque

151 3055 236 3113 Furii,
251 3070 285 3103 an
300 3053 393 3103 Sereni
406 3053 562 3103 Sammonici
575 3054 634 3101 sint.
666 3049 686 3113 ²)
701 3053 783 3103 Libro
796 3054 919 3103 secando.
941 3054 979 3117 Cf.
999 3054 1031 3103 L.
1046 3066 1058 3104 a
1070 3070 1114 3118 pr.

149 3128 173 3187 ξ.
184 3138 203 3177 a.
219 3126 253 3174 Ι).
263 3126 295 3174 de
305 3140 375 3189 pena
390 3127 438 3189 lep.
455 3125 500 3188 (aa,
515 3123 546 3188 9).
577 3119 597 3188 ⁸)
609 3123 716 3172 Retiaai
728 3140 796 3173 nane
808 3124 869 3173 cad.
882 3126 1022 3184 lectionem,
1033 3124 1115 3174 Marn-

149 3212 237 3245 senum
250 3194 370 3260 (Symbol.
379 3195 522 3259 Hollwepio
535 3192 583 3243 obl.
593 3192 679 3243 Berol.
689 3206 749 3244 1868.
758 3210 785 3258 p.
794 3194 830 3258 91)
839 3202 949 3251 reculae,
965 3198 1009 3260 qai
1018 3196 1114 3252 docuit,

150 3268 224 3329 infra
235 3274 297 3329 post
310 3282 332 3315 a.
343 3273 451 3329 paratam
462 3273 499 3313 est
508 3264 632 3328 quaedam
647 3266 785 3324 excidisse,
801 3280 866 3330 qaae
876 3272 900 3312 et
910 3267 968 3327 ipra
978 3267 1010 3315 ab
1019 3264 1115 3327 aufere

149 3345 278 3387 mutuatas
292 3353 354 3386 sam.
370 3350 415 3385 non
430 3336 534 3400 quidque
549 3342 573 3383 et
584 3343 675 3397 postea
690 3336 733 3383 sed
746 3336 984 3401 praesteriam.
1014 3333 1036 3402 ⁴)
1052 3335 1113 3383 cad.

150 3408 239 3457 Moma.
255 3410 340 3458 malim
354 3407 508 3471 potulentum.
540 3403 560 3470 υ)
575 3404 620 3456 Sia
638 3406 736 3455 raetiae
750 3408 849 3463 Momm,
869 3420 943 3467 qrtarn
957 3408 1026 3469 qaod
1039 3405 1114 3455 dede·

150 3494 204 3527 ram
214 3480 272 3528 edd.
284 3492 304 3529 1.
316 3491 340 3529 a.
361 3478 537 3541 patrisfamilias
548 3483 588 3525 aut
597 3477 698 3527 liberum
707 3475 955 3544 matrislne)lamilias.
986 3475 1007 3541 ὃ)
1022 3477 1067 3527 Sia
1082 3489 1116 3522 ear

152 3548 212 3598 cad.
229 3550 319 3601 Marna.
335 3564 388 3599 eum
402 3548 459 3600 edd.
476 3561 495 3599 1.
511 3560 532 3600 a.
