2542 3909
173 207 233 273 792
379 226 478 262 sunu.
497 227 550 261 rvn.
569 226 632 263 rora.
652 226 740 263 verro.
760 215 909 263 att-274.

171 373 230 413 rum
246 356 387 413 euidenter
402 357 567 413 continetur.
605 356 689 412 lintre
705 373 815 430 quoque
837 350 939 414 ’lilite¹
962 374 1006 415 res
1022 375 1144 415 uenun-
1242 426 1243 429 Ἴ

172 441 252 497 dante
268 438 336 495 nihil
350 440 376 494 ei
398 433 527 495 ’auierri²
548 457 641 513 posse,
663 456 719 497 non
734 440 889 513 ambigitur.
926 440 1087 516 Subscripta
1105 442 1143 499 V.

171 523 224 582 kal.
241 522 299 579 ttat.
315 521 417 593 Sirmii,
432 522 523 580 Gaess.
540 516 646 580 conss³
1242 524 1243 535 ¹

235 601 298 665 271.
317 605 397 662 iidem
413 601 537 663 ’Bonaio⁴
552 606 685 665 &cunda
715 606 827 664 Praeses
842 609 1009 681 prouinciae,
1025 612 1138 666 amicus

173 698 278 762 noster,
293 689 434 747 notionem
447 706 523 747 suam
536 692 679 764 inpertiet‚
695 706 750 747 non
765 694 894 764 ignorans
908 708 958 765 pro
974 709 1023 749 sua
1035 702 1139 750 aucto·

172 775 251 831 ritate
266 782 347 847 atque
358 775 534 847 experientia,
549 777 572 830 si
582 773 724 831 docebitur
738 775 911 831 inmoderatis
923 774 1135 848 donationibus,

61 913 69 934 s
172 874 227 915 non
241 866 349 915 retenta
364 865 459 929 quarta
474 858 507 915 ad
522 857 714 915 excludendam
730 856 874 915 inofliciosi
892 858 1029 931 querelam
1044 876 1138 934 nepo·
1242 858 1243 925 l

174 943 207 998 tis
223 958 256 997 ex
270 940 325 1000 lilio
340 943 407 1012 uati,
429 943 619 1015 patrimonium
633 957 713 998 suum
728 957 808 997 auum
827 942 992 1013 exhausisse,
1014 942 1136 1014 ’pleris-
1242 926 1243 953 ¹

173 1041 226 1099 que
248 1020 500 1083 constitutionibus⁶
522 1025 678 1083 huiusmodi
700 1026 849 1081 conmentis
871 1026 905 1083 ad
920 1028 1071 1099 exemplum
1087 1030 1133 1083 in·
1149 1039 1212 1089 [sss]

174 1106 291 1167 uiliciosi
312 1108 440 1182 querelae
465 1125 525 1165 esse
551 1125 705 1166 occursum.
749 1108 799 1165 ΡΡ.
822 1108 986 1183 Mogontiaci
1008 1110 1051 1167 lil.
1075 1112 1133 1168 lral.

172 1192 222 1249 lul.
238 1192 350 1249 Maximo
366 1201 394 1249 et
408 1192 535 1265 Aquilino
550 1186 656 1249 conss⁶

66 1278 169 1317 mlii·
235 1271 303 1334 272.
345 1273 438 1347 ’[Greg.
457 1281 498 1337 tib.
514 1281 574 1333 xttt.
588 1268 656 1348 tit]⁷
692 1276 841 1349 Imperator
862 1276 1003 1351 Philippus
1025 1277 1132 1353 ’lgitio

172 1354 307 1416 Cominio8
326 1376 377 1417 suo
394 1361 517 1421 salutem.
553 1361 626 1418 Inter
641 1367 771 1434 patronos
786 1368 814 1415 et
828 1359 940 1418 libertos
956 1362 989 1417 de
1004 1364 1063 1417 iure
1079 1362 1133 1419 do·

170 1445 311 1501 nationum
327 1445 434 1501 tractari
449 1461 504 1500 non
519 1451 640 1518 oportet,
655 1460 716 1499 cum
728 1444 778 1499 etsi
794 1443 921 1515 perlectis
934 1444 1131 1503 donationibus

171 1529 200 1584 in
225 1528 424 1601 possessionem
450 1526 578 1595 inductus
606 1526 719 1583 libertus
745 1526 915 1599 quantolibet
942 1538 1064 1602 tempore
1087 1546 1128 1601 ea,

173 1625 241 1684 quae
257 1609 308 1667 sibi
323 1610 515 1681 donatarum,
537 1610 618 1683 pleno
634 1610 693 1665 iure
708 1618 739 1666 ut
753 1610 878 1667 dominus
893 1613 1056 1683 possederit,
1078 1612 1129 1668 'ta·
1165 1636 1171 1647 ·

174 1688 251 1751 meu⁹
272 1694 359 1752 omnis
374 1694 485 1751 donatio
499 1702 600 1750 mutata
614 1701 791 1767 patronorum
814 1692 954 1749 uoluntate
976 1696 1130 1752 reuocanda

67 1745 220 1867 [aelff'la'sit.
258 1775 336 1845 Quod
350 1776 539 1835 obseruabitur
553 1778 632 1834 etiam
644 1778 713 1833 circa
730 1770 733 1853 l
751 1792 798 1848 ea,
820 1793 888 1849 quae
903 1776 1063 1835 libertorum
1078 1796 1128 1834 no·

142 1854 148 1866 ’
166 1854 259 1933 mine,
281 1863 393 1935 pecunia
408 1870 497 1919 tamen
513 1870 691 1936 patronorum
707 1867 734 1915 et
748 1859 878 1917 beneficio
895 1870 1128 1935 conparauerunt,

173 1947 298 2019 namqui
320 1945 459 2018 obsequiis
473 1950 533 2003 suis
554 1944 740 2001 liberalitatem
762 1952 939 2017 patronorum
960 1963 1129 2019 prouocare·

173 2037 248 2105 runt,
264 2039 329 2085 sunt
343 2030 430 2103 digni,
448 2023 532 2103 'qui¹⁰
547 2044 604 2084 eam
618 2045 675 2083 non
689 2028 835 2098 retineant,
851 2044 911 2085 curn
925 2032 1065 2103 coeperint
1080 2030 1127 2085 ob

173 2114 265 2187 sequia
280 2113 439 2187 neglegere:
462 2129 523 2169 cum
537 2112 624 2185 magis
639 2126 687 2166 eos
702 2111 809 2167 conlata
830 2109 978 2169 liberalitas
1000 2113 1033 2169 ad
1050 2113 1129 2169 obse·

174 2199 266 2270 quium
281 2197 408 2254 inclinare
423 2196 530 2267 debeat,
545 2212 623 2268 quam
640 2194 673 2250 ad
690 2195 860 2251 insolentiam
872 2198 987 2269 erigere.
1017 2196 1125 2252 Fundus

173 2287 273 2351 autem,
297 2296 377 2353 quem
391 2280 481 2354 Agilio
495 2279 593 2336 liberto
609 2278 724 2334 donasse
738 2286 766 2335 te
789 2273 936 2351 ’acribis,¹¹
958 2289 986 2335 et
1008 2280 1124 2351 decuria,

173 2381 241 2438 quae
256 2364 342 2436 ipsius
357 2366 466 2420 nomine
481 2364 658 2435 ’comparata
671 2370 722 2433 est,
737 2370 813 2419 reete
828 2366 887 2419 siue
902 2366 931 2419 in
946 2380 1006 2419 rem
1019 2367 1126 2421 actione

173 2451 236 2505 siue
250 2450 428 2505 condictione
442 2454 619 2520 repetentur,
640 2462 694 2502 nec
709 2460 745 2501 ea
759 2445 873 2501 libertus
889 2446 1046 2520 uindicabr't,
1062 2464 1125 2504 aum

174 2546 225 2588 eas
240 2538 344 2589 tantum
359 2531 519 2586 donationes
534 2529 578 2586 uel
595 2530 724 2602 pecuniae
739 2523 928 2603 largitiones¹²
949 2527 1062 2586 libertus
1079 2530 1124 2585 ob·

247 2710 268 2779 l)
283 2714 300 2762 i.
314 2728 335 2762 e.
353 2714 481 2763 Caeciliae
495 2713 666 2778 Anaprianae
685 2710 808 2777 (genitivo
827 2710 908 2779 casu).
983 2710 1003 2779 ¹)
1023 2715 1050 2764 V
1052 2714 1072 2764 ⁶¹.
1087 2717 1124 2766 ed.

174 2786 288 2836 Momms.
306 2785 399 2833 auierre
424 2783 481 2833 Vat.
500 2784 557 2833 edd.
578 2790 686 2831 ceterae.
761 2778 782 2847 ⁸)
797 2798 821 2832 a.
836 2794 883 2835 tet.
899 2810 933 2819 —-
951 2781 1074 2847 Sequitur
1092 2788 1125 2835 od

173 2872 254 2920 marg.
269 2855 363 2905 sabai:
377 2854 420 2903 llic
436 2854 464 2901 de
479 2853 613 2903 immodicis
623 2853 797 2902 donationibus.
845 2850 866 2919 4)
877 2854 973 2902 Bonicio
984 2854 1082 2904 Buclalr.
1093 2860 1123 2919 ej.

175 2924 196 2993 ⁶)
210 2926 255 2976 ua
270 2925 383 2976 Mammas.
398 2926 431 2987 ej.
446 2924 482 2972 ad
499 2924 526 2973 V
527 2923 547 2973 ἃ.
561 2931 662 2988 postque
677 2924 857 2973 constitutiones
877 2924 934 2973 Vat.
945 2924 1002 2975 edd.
1017 2933 1123 2976 ceterae.

175 2994 235 3062 ο)α.
250 3008 296 3048 aaa.
372 2992 392 3058 l)
409 2993 564 3053 Quibusdam
582 2994 682 3043 omissis
701 2996 740 3042 uel
758 2996 862 3043 mutatis
880 3000 952 3043 extat
966 2994 998 3045 L.
1014 3008 1033 3047 1.
1055 2996 1080 3045 0.
1095 2998 1125 3045 de

173 3082 226 3117 rea.
241 3067 300 3115 don.
315 3065 347 3128 (a,
361 3065 406 3129 tto).
436 3064 468 3113 Io
482 3080 562 3129 marg.
578 3067 681 3113 lemma:
699 3064 755 3113 llic:
775 3065 799 3111 in
818 3064 916 3113 libertos
930 3064 1040 3114 collatam
1054 3081 1068 3115 a
1083 3082 1123 3129 pa·

173 3144 243 3186 trono
258 3135 417 3194 donationem,
432 3135 452 3183 si
465 3135 550 3196 ingrati
564 3142 651 3193 extent,
666 3134 833 3192 reuocandam,
848 3134 886 3183 uel
900 3135 921 3181 si
936 3136 1030 3183 nomine
1045 3151 1123 3185 eorum

174 3206 231 3270 quid
245 3213 349 3269 emptum
363 3206 401 3254 sit.
475 3202 497 3269 8)
511 3204 622 3255 Cosmiuo
640 3204 666 3253 0.
681 3203 745 3255 Iuat.
819 3201 841 3268 ⁹)
862 3204 886 3252 C.
903 3202 966 3253 Iust.
982 3208 1087 3255 inserit:
1104 3208 1123 3256 si

174 3277 279 3337 ingratus
293 3277 332 3325 sit.
354 3275 391 3337 Of.
407 3276 429 3337 ἓ.
444 3286 491 3325 ote.
569 3272 601 3339 ¹⁰)
615 3274 714 3325 Beato.
730 3276 761 3336 ς).
782 3274 838 3336 quin
857 3274 887 3323 V.
907 3274 946 3323 ed.
966 3274 1060 3325 Hollw.
1080 3291 1123 3325 non

174 3351 229 3393 sunt
243 3344 320 3405 digni,
339 3359 386 3407 quo
405 3359 456 3393 cam
470 3346 588 3395 retineant
600 3345 665 3393 Just.
682 3344 707 3392 0.
783 3340 816 3408 11)
829 3343 928 3393 Bucltla.
948 3346 981 3406 ρ).
1001 3346 1075 3395 tribus
1094 3346 1122 3394 V.

174 3416 232 3464 edd.
261 3414 412 3463 Librarium
428 3414 537 3477 fefellit,
558 3416 626 3479 quod
644 3414 753 3463 decuria
770 3415 920 3477 plerumque
940 3415 1016 3463 iurata
1034 3415 1123 3465 tribum

175 3491 391 3533 commemoratur.
466 3480 500 3547 ¹²)
518 3483 563 3534 Sia
581 3485 640 3547 fere
662 3485 743 3531 locum
762 3484 838 3533 etiam
857 3485 883 3531 in
908 3483 934 3532 V
936 3482 956 3531 ἆ.
977 3484 1123 3546 desperatae

175 3554 293 3602 lectionis
306 3554 442 3602 restituere
461 3554 523 3603 milti
541 3556 611 3604 uisus
631 3567 698 3610 sum,
720 3553 751 3601 de
770 3568 819 3616 quo
837 3554 887 3601 oid.
908 3560 945 3601 est
959 3553 1072 3603 Mamms.
1086 3555 1123 3604 ed.
