<?xml version="1.0" encoding="UTF-8"?>
<!DOCTYPE html PUBLIC "-//W3C//DTD XHTML 1.0 Transitional//EN"
    "http://www.w3.org/TR/xhtml1/DTD/xhtml1-transitional.dtd">
<html xmlns="http://www.w3.org/1999/xhtml" xml:lang="en" lang="en">
 <head>
  <title>
</title>
<meta http-equiv="Content-Type" content="text/html;charset=utf-8" />
  <meta name='ocr-system' content='tesseract 3.04.00' />
  <meta name='ocr-capabilities' content='ocr_page ocr_carea ocr_par ocr_line ocrx_word'/>
</head>
<body>
  <div class='ocr_page' id='page_1' title='image "./iurisprudentiae01huscgoog_0028.png"; bbox 0 0 2542 3909; ppageno 0'>
   <div class='ocr_carea' id='block_1_1' title="bbox 168 152 828 211">
    <p class='ocr_par' dir='ltr' id='par_1_1' title="bbox 168 152 828 211">
     <span class='ocr_line' id='line_1_1' title="bbox 168 152 828 211; baseline -0.006 -20"><span class='ocrx_word' id='word_1_1' title='bbox 168 158 188 211; x_wconf 82' lang='grc'>4</span> <span class='ocrx_word' id='word_1_2' title='bbox 464 154 595 190; x_wconf 69' lang='grc' dir='ltr'><strong>ΝῩΜΕΒΙῊ</strong></span> <span class='ocrx_word' id='word_1_3' title='bbox 613 152 709 188; x_wconf 76' lang='lat' dir='ltr'><strong>mm</strong></span> <span class='ocrx_word' id='word_1_4' title='bbox 726 152 828 188; x_wconf 75' lang='lat' dir='ltr'><strong>Prc&#39;ron.</strong></span> 
     </span>
    </p>
   </div>
   <div class='ocr_carea' id='block_1_2' title="bbox 166 278 1187 1193">
    <p class='ocr_par' dir='ltr' id='par_1_2' title="bbox 166 278 1187 1193">
     <span class='ocr_line' id='line_1_2' title="bbox 166 278 1130 352; baseline -0.007 -11"><span class='ocrx_word' id='word_1_5' title='bbox 166 284 218 341; x_wconf 91' lang='lat' dir='ltr'><strong>sub</strong></span> <span class='ocrx_word' id='word_1_6' title='bbox 233 280 319 337; x_wconf 89' lang='lat' dir='ltr'><strong>oculis</strong></span> <span class='ocrx_word' id='word_1_7' title='bbox 333 279 404 334; x_wconf 87' lang='lat' dir='ltr'><strong>lonis</strong></span> <span class='ocrx_word' id='word_1_8' title='bbox 420 278 510 334; x_wconf 92' lang='lat' dir='ltr'><strong>nudus</strong></span> <span class='ocrx_word' id='word_1_9' title='bbox 525 279 570 333; x_wconf 89' lang='lat' dir='ltr'><strong>sit.</strong></span> <span class='ocrx_word' id='word_1_10' title='bbox 596 295 680 352; x_wconf 89' lang='lat' dir='ltr'><strong>super</strong></span> <span class='ocrx_word' id='word_1_11' title='bbox 695 278 829 335; x_wconf 84' lang='lat' dir='ltr'><strong>flaminem</strong></span> <span class='ocrx_word' id='word_1_12' title='bbox 841 278 940 335; x_wconf 81' lang='lat' dir='ltr'>Dialem</span> <span class='ocrx_word' id='word_1_13' title='bbox 951 280 979 335; x_wconf 90' lang='lat' dir='ltr'><strong>iu</strong></span> <span class='ocrx_word' id='word_1_14' title='bbox 991 280 1130 351; x_wconf 90' lang='lat' dir='ltr'><strong>conuiuio,</strong></span> 
     </span>
     <span class='ocr_line' id='line_1_3' title="bbox 167 360 1130 435; baseline -0.004 -12"><span class='ocrx_word' id='word_1_15' title='bbox 167 367 220 423; x_wconf 90' lang='lat' dir='ltr'><strong>nisi</strong></span> <span class='ocrx_word' id='word_1_16' title='bbox 234 380 280 419; x_wconf 81' lang='lat' dir='ltr'><strong>rer</strong></span> <span class='ocrx_word' id='word_1_17' title='bbox 291 360 468 432; x_wconf 88' lang='lat' dir='ltr'><strong>sacrificulus,</strong></span> <span class='ocrx_word' id='word_1_18' title='bbox 483 362 554 417; x_wconf 92' lang='lat' dir='ltr'><strong>haud</strong></span> <span class='ocrx_word' id='word_1_19' title='bbox 566 363 706 435; x_wconf 90' lang='lat' dir='ltr'><strong>quisquam</strong></span> <span class='ocrx_word' id='word_1_20' title='bbox 723 363 790 418; x_wconf 91' lang='lat' dir='ltr'><strong>alius</strong></span> <span class='ocrx_word' id='word_1_21' title='bbox 810 363 950 419; x_wconf 91' lang='lat' dir='ltr'><strong>accumbit.</strong></span> <span class='ocrx_word' id='word_1_22' title='bbox 979 380 1090 418; x_wconf 81' lang='lat' dir='ltr'><strong>uxorem</strong></span> <span class='ocrx_word' id='word_1_23' title='bbox 1106 365 1130 419; x_wconf 89' lang='lat' dir='ltr'><strong>si</strong></span> 
     </span>
     <span class='ocr_line' id='line_1_4' title="bbox 168 443 1131 518; baseline -0.002 -14"><span class='ocrx_word' id='word_1_24' title='bbox 168 448 266 518; x_wconf 90' lang='lat' dir='ltr'><strong>amisit,</strong></span> <span class='ocrx_word' id='word_1_25' title='bbox 283 446 399 501; x_wconf 87' lang='lat' dir='ltr'><strong>flaminio</strong></span> <span class='ocrx_word' id='word_1_26' title='bbox 418 443 533 502; x_wconf 82' lang='lat' dir='ltr'><strong>decedit.</strong></span> <span class='ocrx_word' id='word_1_27' title='bbox 562 448 761 502; x_wconf 81' lang='lat' dir='ltr'><strong>matrimonium</strong></span> <span class='ocrx_word' id='word_1_28' title='bbox 780 446 894 502; x_wconf 85' lang='lat' dir='ltr'><strong>flaminis</strong></span> <span class='ocrx_word' id='word_1_29' title='bbox 907 448 958 502; x_wconf 91' lang='lat' dir='ltr'><strong>nisi</strong></span> <span class='ocrx_word' id='word_1_30' title='bbox 974 456 1060 502; x_wconf 90' lang='lat' dir='ltr'><strong>morte</strong></span> <span class='ocrx_word' id='word_1_31' title='bbox 1076 447 1131 502; x_wconf 93' lang='lat' dir='ltr'><strong>dir·</strong></span> 
     </span>
     <span class='ocr_line' id='line_1_5' title="bbox 167 529 1187 604; baseline -0.001 -17"><span class='ocrx_word' id='word_1_32' title='bbox 167 533 212 587; x_wconf 92' lang='lat' dir='ltr'><strong>imi</strong></span> <span class='ocrx_word' id='word_1_33' title='bbox 233 532 275 586; x_wconf 92' lang='lat' dir='ltr'><strong>ins</strong></span> <span class='ocrx_word' id='word_1_34' title='bbox 296 546 350 586; x_wconf 92' lang='lat' dir='ltr'><strong>non</strong></span> <span class='ocrx_word' id='word_1_35' title='bbox 371 538 422 585; x_wconf 90' lang='lat' dir='ltr'><strong>est.</strong></span> <span class='ocrx_word' id='word_1_36' title='bbox 452 529 559 600; x_wconf 91' lang='lat' dir='ltr'><strong>locum,</strong></span> <span class='ocrx_word' id='word_1_37' title='bbox 580 532 678 603; x_wconf 89' lang='lat' dir='ltr'><strong>inquo</strong></span> <span class='ocrx_word' id='word_1_38' title='bbox 698 531 873 601; x_wconf 89' lang='lat' dir='ltr'><strong>bustumest,</strong></span> <span class='ocrx_word' id='word_1_39' title='bbox 890 547 1027 604; x_wconf 88' lang='lat' dir='ltr'><strong>nunquam</strong></span> <span class='ocrx_word' id='word_1_40' title='bbox 1041 532 1130 603; x_wconf 79' lang='lat' dir='ltr'><strong>ingre·</strong></span> <span class='ocrx_word' id='word_1_41' title='bbox 1182 568 1187 575; x_wconf 88' lang='lat'><em>-</em></span> 
     </span>
     <span class='ocr_line' id='line_1_6' title="bbox 167 614 1131 689; baseline 0.001 -19"><span class='ocrx_word' id='word_1_42' title='bbox 167 615 253 670; x_wconf 89' lang='lat' dir='ltr'><strong>ditur.</strong></span> <span class='ocrx_word' id='word_1_43' title='bbox 285 623 422 670; x_wconf 91' lang='lat' dir='ltr'><strong>mortuum</strong></span> <span class='ocrx_word' id='word_1_44' title='bbox 437 630 574 687; x_wconf 91' lang='lat' dir='ltr'><strong>uunquam</strong></span> <span class='ocrx_word' id='word_1_45' title='bbox 594 615 719 687; x_wconf 82' lang='lat' dir='ltr'><strong>attinglt;</strong></span> <span class='ocrx_word' id='word_1_46' title='bbox 740 614 823 672; x_wconf 88' lang='lat' dir='ltr'><strong>lunus</strong></span> <span class='ocrx_word' id='word_1_47' title='bbox 843 623 931 670; x_wconf 89' lang='lat' dir='ltr'><strong>tamen</strong></span> <span class='ocrx_word' id='word_1_48' title='bbox 951 616 1060 689; x_wconf 82' lang='lat' dir='ltr'>exsequi</span> <span class='ocrx_word' id='word_1_49' title='bbox 1075 631 1131 671; x_wconf 93' lang='lat' dir='ltr'><strong>nou</strong></span> 
     </span>
     <span class='ocr_line' id='line_1_7' title="bbox 169 697 1128 772; baseline 0.001 -18"><span class='ocrx_word' id='word_1_50' title='bbox 169 707 210 755; x_wconf 91' lang='lat' dir='ltr'><strong>est</strong></span> <span class='ocrx_word' id='word_1_51' title='bbox 230 698 337 772; x_wconf 86' lang='lat' dir='ltr'><strong>religio.</strong></span> <span class='ocrx_word' id='word_1_52' title='bbox 368 697 481 754; x_wconf 81' lang='lat' dir='ltr'><strong>Eaedem</strong></span> <span class='ocrx_word' id='word_1_53' title='bbox 498 698 580 753; x_wconf 83' lang='lat' dir='ltr'><strong>terme</strong></span> <span class='ocrx_word' id='word_1_54' title='bbox 596 699 774 755; x_wconf 77' lang='lat' dir='ltr'><strong>caerimoniae</strong></span> <span class='ocrx_word' id='word_1_55' title='bbox 793 707 857 754; x_wconf 88' lang='lat' dir='ltr'><strong>sunt</strong></span> <span class='ocrx_word' id='word_1_56' title='bbox 876 698 1025 755; x_wconf 82' lang='lat' dir='ltr'><strong>flaminicae</strong></span> <span class='ocrx_word' id='word_1_57' title='bbox 1041 699 1128 755; x_wconf 84' lang='lat' dir='ltr'><strong>llialis.</strong></span> 
     </span>
     <span class='ocr_line' id='line_1_8' title="bbox 168 776 1172 859; baseline 0.005 -20"><span class='ocrx_word' id='word_1_58' title='bbox 168 776 278 859; x_wconf 82' lang='lat' dir='ltr'><strong>(olias¹)</strong></span> <span class='ocrx_word' id='word_1_59' title='bbox 299 798 420 839; x_wconf 90' lang='lat' dir='ltr'><strong>seorsum</strong></span> <span class='ocrx_word' id='word_1_60' title='bbox 442 784 516 837; x_wconf 91' lang='lat' dir='ltr'><strong>aiunt</strong></span> <span class='ocrx_word' id='word_1_61' title='bbox 532 782 707 854; x_wconf 89' lang='lat' dir='ltr'><strong>obsernitare,</strong></span> <span class='ocrx_word' id='word_1_62' title='bbox 724 782 809 838; x_wconf 90' lang='lat' dir='ltr'><strong>ueluti</strong></span> <span class='ocrx_word' id='word_1_63' title='bbox 825 791 881 837; x_wconf 87' lang='lat' dir='ltr'><strong>est:</strong></span> <span class='ocrx_word' id='word_1_64' title='bbox 905 783 978 856; x_wconf 88' lang='lat' dir='ltr'><strong>quod</strong></span> <span class='ocrx_word' id='word_1_65' title='bbox 994 792 1129 838; x_wconf 87' lang='lat' dir='ltr'><strong>uenenato</strong></span> <span class='ocrx_word' id='word_1_66' title='bbox 1139 794 1172 843; x_wconf 80' lang='grc'><strong>[4]</strong></span> 
     </span>
     <span class='ocr_line' id='line_1_9' title="bbox 167 866 1131 941; baseline -0.001 -18"><span class='ocrx_word' id='word_1_67' title='bbox 167 869 291 941; x_wconf 91' lang='lat' dir='ltr'><strong>operitur</strong></span> <span class='ocrx_word' id='word_1_68' title='bbox 312 875 339 922; x_wconf 91' lang='lat' dir='ltr'><strong>et</strong></span> <span class='ocrx_word' id='word_1_69' title='bbox 361 866 434 941; x_wconf 93' lang='lat' dir='ltr'><strong>quod</strong></span> <span class='ocrx_word' id='word_1_70' title='bbox 456 868 483 921; x_wconf 95' lang='lat' dir='ltr'><strong>in</strong></span> <span class='ocrx_word' id='word_1_71' title='bbox 506 868 559 923; x_wconf 90' lang='lat' dir='ltr'><strong>rica</strong></span> <span class='ocrx_word' id='word_1_72' title='bbox 581 866 719 922; x_wconf 90' lang='lat' dir='ltr'><strong>surculum</strong></span> <span class='ocrx_word' id='word_1_73' title='bbox 742 867 776 922; x_wconf 91' lang='lat' dir='ltr'><strong>de</strong></span> <span class='ocrx_word' id='word_1_74' title='bbox 798 866 893 922; x_wconf 87' lang='lat' dir='ltr'><strong>arbore</strong></span> <span class='ocrx_word' id='word_1_75' title='bbox 915 866 986 922; x_wconf 92' lang='lat' dir='ltr'><strong>lelici</strong></span> <span class='ocrx_word' id='word_1_76' title='bbox 1008 867 1088 923; x_wconf 89' lang='lat' dir='ltr'><strong>habet</strong></span> <span class='ocrx_word' id='word_1_77' title='bbox 1103 875 1131 922; x_wconf 89' lang='lat' dir='ltr'><strong>et</strong></span> 
     </span>
     <span class='ocr_line' id='line_1_10' title="bbox 167 950 1132 1025; baseline -0.001 -19"><span class='ocrx_word' id='word_1_78' title='bbox 167 950 241 1025; x_wconf 92' lang='lat' dir='ltr'><strong>quod</strong></span> <span class='ocrx_word' id='word_1_79' title='bbox 257 952 342 1009; x_wconf 88' lang='lat' dir='ltr'><strong>scalas</strong></span> <span class='ocrx_word' id='word_1_80' title='bbox 358 950 435 1022; x_wconf 79' lang='lat' dir='ltr'><strong>(nisi)</strong></span> <span class='ocrx_word' id='word_1_81' title='bbox 452 968 521 1023; x_wconf 83' lang='lat' dir='ltr'><strong>quae</strong></span> <span class='ocrx_word' id='word_1_82' title='bbox 536 950 652 1007; x_wconf 81' lang='lat' dir='ltr'><strong>Graecae</strong></span> <span class='ocrx_word' id='word_1_83' title='bbox 667 950 845 1023; x_wconf 80' lang='lat' dir='ltr'><strong>appellantur,</strong></span> <span class='ocrx_word' id='word_1_84' title='bbox 868 950 1014 1006; x_wconf 88' lang='lat' dir='ltr'><strong>ascendere</strong></span> <span class='ocrx_word' id='word_1_85' title='bbox 1029 951 1054 1005; x_wconf 92' lang='lat' dir='ltr'><strong>ei</strong></span> <span class='ocrx_word' id='word_1_86' title='bbox 1069 951 1132 1023; x_wconf 86' lang='lat' dir='ltr'><strong>plus</strong></span> 
     </span>
     <span class='ocr_line' id='line_1_11' title="bbox 166 1028 1130 1110; baseline -0.001 -19"><span class='ocrx_word' id='word_1_87' title='bbox 166 1035 252 1091; x_wconf 87' lang='lat' dir='ltr'><strong>tribus</strong></span> <span class='ocrx_word' id='word_1_88' title='bbox 265 1035 391 1110; x_wconf 80' lang='lat' dir='ltr'><strong>gradibus</strong></span> <span class='ocrx_word' id='word_1_89' title='bbox 404 1035 561 1108; x_wconf 84' lang='lat' dir='ltr'><strong>religiosum</strong></span> <span class='ocrx_word' id='word_1_90' title='bbox 577 1044 632 1097; x_wconf 85' lang='lat' dir='ltr'><strong>est.</strong></span> <span class='ocrx_word' id='word_1_91' title='bbox 650 1043 732 1107; x_wconf 87' lang='lat' dir='ltr'><strong>atque</strong></span> <span class='ocrx_word' id='word_1_92' title='bbox 748 1036 839 1105; x_wconf 88' lang='lat' dir='ltr'><strong>etiam,</strong></span> <span class='ocrx_word' id='word_1_93' title='bbox 855 1050 914 1090; x_wconf 89' lang='lat' dir='ltr'><strong>cum</strong></span> <span class='ocrx_word' id='word_1_94' title='bbox 930 1036 951 1090; x_wconf 93' lang='lat' dir='ltr'><strong>it</strong></span> <span class='ocrx_word' id='word_1_95' title='bbox 967 1028 998 1090; x_wconf 81' lang='lat' dir='ltr'><strong>ad</strong></span> <span class='ocrx_word' id='word_1_96' title='bbox 1014 1034 1130 1107; x_wconf 77' lang='lat' dir='ltr'><strong>Argeos,</strong></span> 
     </span>
     <span class='ocr_line' id='line_1_12' title="bbox 167 1118 1130 1193; baseline 0.002 -19"><span class='ocrx_word' id='word_1_97' title='bbox 167 1120 240 1193; x_wconf 92' lang='lat' dir='ltr'><strong>quod</strong></span> <span class='ocrx_word' id='word_1_98' title='bbox 260 1136 349 1193; x_wconf 90' lang='lat' dir='ltr'><strong>neque</strong></span> <span class='ocrx_word' id='word_1_99' title='bbox 363 1120 446 1175; x_wconf 91' lang='lat' dir='ltr'><strong>comit</strong></span> <span class='ocrx_word' id='word_1_100' title='bbox 460 1127 541 1192; x_wconf 89' lang='lat' dir='ltr'><strong>caput</strong></span> <span class='ocrx_word' id='word_1_101' title='bbox 555 1135 643 1193; x_wconf 89' lang='lat' dir='ltr'><strong>neque</strong></span> <span class='ocrx_word' id='word_1_102' title='bbox 658 1118 783 1191; x_wconf 81' lang='lat' dir='ltr'><strong>capillum</strong></span> <span class='ocrx_word' id='word_1_103' title='bbox 799 1118 928 1192; x_wconf 86' lang='lat' dir='ltr'><strong>depectit.</strong></span> <span class='ocrx_word' id='word_1_104' title='bbox 940 1148 981 1159; x_wconf 86' lang='lat'><em>-</em></span> <span class='ocrx_word' id='word_1_105' title='bbox 994 1118 1063 1174; x_wconf 88' lang='lat' dir='ltr'><strong>Gell.</strong></span> <span class='ocrx_word' id='word_1_106' title='bbox 1080 1119 1130 1191; x_wconf 89' lang='lat'><strong>10,</strong></span> 
     </span>
    </p>
   </div>
   <div class='ocr_carea' id='block_1_3' title="bbox 168 1203 412 1276">
    <p class='ocr_par' dir='ltr' id='par_1_3' title="bbox 168 1203 412 1276">
     <span class='ocr_line' id='line_1_13' title="bbox 168 1203 412 1276; baseline 0 -17"><span class='ocrx_word' id='word_1_107' title='bbox 168 1204 217 1261; x_wconf 82' lang='lat'><strong>15.</strong></span> <span class='ocrx_word' id='word_1_108' title='bbox 233 1204 281 1276; x_wconf 68' lang='grc'><strong>00.</strong></span> <span class='ocrx_word' id='word_1_109' title='bbox 299 1203 412 1261; x_wconf 89' lang='lat'><strong>1-30.</strong></span> 
     </span>
    </p>
   </div>
   <div class='ocr_carea' id='block_1_4' title="bbox 165 1301 1131 1796">
    <p class='ocr_par' dir='ltr' id='par_1_4' title="bbox 165 1301 1131 1796">
     <span class='ocr_line' id='line_1_14' title="bbox 229 1301 1129 1377; baseline -0.001 -18"><span class='ocrx_word' id='word_1_110' title='bbox 229 1301 257 1363; x_wconf 82' lang='lat'><strong>4.</strong></span> <span class='ocrx_word' id='word_1_111' title='bbox 280 1304 308 1357; x_wconf 94' lang='lat' dir='ltr'><strong>ln</strong></span> <span class='ocrx_word' id='word_1_112' title='bbox 330 1302 399 1358; x_wconf 93' lang='lat' dir='ltr'><strong>libro</strong></span> <span class='ocrx_word' id='word_1_113' title='bbox 421 1304 510 1376; x_wconf 92' lang='lat' dir='ltr'><strong>primo</strong></span> <span class='ocrx_word' id='word_1_114' title='bbox 533 1301 606 1359; x_wconf 82' lang='lat' dir='ltr'><strong>Fabii</strong></span> <span class='ocrx_word' id='word_1_115' title='bbox 626 1302 757 1372; x_wconf 87' lang='lat' dir='ltr'><strong>Pictoris,</strong></span> <span class='ocrx_word' id='word_1_116' title='bbox 782 1320 849 1377; x_wconf 90' lang='lat' dir='ltr'><strong>quae</strong></span> <span class='ocrx_word' id='word_1_117' title='bbox 872 1301 954 1359; x_wconf 88' lang='lat' dir='ltr'><strong>uerba</strong></span> <span class='ocrx_word' id='word_1_118' title='bbox 977 1302 1129 1375; x_wconf 78' lang='lat' dir='ltr'><strong>pontificem</strong></span> 
     </span>
     <span class='ocr_line' id='line_1_15' title="bbox 166 1386 1129 1461; baseline 0.001 -17"><span class='ocrx_word' id='word_1_119' title='bbox 166 1390 308 1456; x_wconf 79' lang='lat' dir='ltr'><strong>marimum</strong></span> <span class='ocrx_word' id='word_1_120' title='bbox 324 1386 413 1443; x_wconf 90' lang='lat' dir='ltr'><strong>dicere</strong></span> <span class='ocrx_word' id='word_1_121' title='bbox 436 1395 569 1459; x_wconf 90' lang='lat' dir='ltr'><strong>oporteat,</strong></span> <span class='ocrx_word' id='word_1_122' title='bbox 591 1404 652 1443; x_wconf 91' lang='lat' dir='ltr'><strong>curn</strong></span> <span class='ocrx_word' id='word_1_123' title='bbox 674 1389 805 1460; x_wconf 82' lang='lat' dir='ltr'><strong>uirginem</strong></span> <span class='ocrx_word' id='word_1_124' title='bbox 821 1390 902 1461; x_wconf 88' lang='lat' dir='ltr'><strong>capit,</strong></span> <span class='ocrx_word' id='word_1_125' title='bbox 924 1388 1129 1460; x_wconf 86' lang='lat' dir='ltr'><strong>scriptumest.</strong></span> 
     </span>
     <span class='ocr_line' id='line_1_16' title="bbox 165 1468 1131 1544; baseline -0.002 -16"><span class='ocrx_word' id='word_1_126' title='bbox 165 1470 202 1527; x_wconf 80' lang='lat' dir='ltr'><strong>tta</strong></span> <span class='ocrx_word' id='word_1_127' title='bbox 217 1471 300 1528; x_wconf 88' lang='lat' dir='ltr'><strong>uerba</strong></span> <span class='ocrx_word' id='word_1_128' title='bbox 314 1472 381 1527; x_wconf 90' lang='lat' dir='ltr'><strong>baec</strong></span> <span class='ocrx_word' id='word_1_129' title='bbox 396 1480 472 1525; x_wconf 86' lang='lat' dir='ltr'><strong>sunt:</strong></span> <span class='ocrx_word' id='word_1_130' title='bbox 497 1468 682 1526; x_wconf 77' lang='lat' dir='ltr'><strong>‘Sacerdotem</strong></span> <span class='ocrx_word' id='word_1_131' title='bbox 696 1471 840 1540; x_wconf 85' lang='lat' dir='ltr'><strong>Vestalem,</strong></span> <span class='ocrx_word' id='word_1_132' title='bbox 864 1488 932 1544; x_wconf 89' lang='lat' dir='ltr'><strong>quae</strong></span> <span class='ocrx_word' id='word_1_133' title='bbox 951 1487 1025 1527; x_wconf 88' lang='lat' dir='ltr'><strong>sacra</strong></span> <span class='ocrx_word' id='word_1_134' title='bbox 1040 1472 1131 1535; x_wconf 84' lang='lat' dir='ltr'><strong>iaciat,</strong></span> 
     </span>
     <span class='ocr_line' id='line_1_17' title="bbox 167 1554 1130 1629; baseline 0.001 -18"><span class='ocrx_word' id='word_1_135' title='bbox 167 1573 235 1629; x_wconf 89' lang='lat' dir='ltr'><strong>quae</strong></span> <span class='ocrx_word' id='word_1_136' title='bbox 255 1558 298 1613; x_wconf 83' lang='lat' dir='ltr'><strong>ius</strong></span> <span class='ocrx_word' id='word_1_137' title='bbox 318 1556 369 1610; x_wconf 88' lang='lat' dir='ltr'><strong>siet</strong></span> <span class='ocrx_word' id='word_1_138' title='bbox 389 1554 555 1610; x_wconf 86' lang='lat' dir='ltr'><strong>sacerdotem</strong></span> <span class='ocrx_word' id='word_1_139' title='bbox 573 1555 703 1610; x_wconf 87' lang='lat' dir='ltr'><strong>Vestalem</strong></span> <span class='ocrx_word' id='word_1_140' title='bbox 725 1555 812 1611; x_wconf 90' lang='lat' dir='ltr'><strong>lacere</strong></span> <span class='ocrx_word' id='word_1_141' title='bbox 826 1573 876 1629; x_wconf 92' lang='lat' dir='ltr'><strong>pro</strong></span> <span class='ocrx_word' id='word_1_142' title='bbox 891 1555 995 1629; x_wconf 95' lang='lat' dir='ltr'><strong>populo</strong></span> <span class='ocrx_word' id='word_1_143' title='bbox 1010 1555 1130 1612; x_wconf 86' lang='lat' dir='ltr'><strong>Romano</strong></span> 
     </span>
     <span class='ocr_line' id='line_1_18' title="bbox 167 1629 1131 1715; baseline -0.001 -19"><span class='ocrx_word' id='word_1_144' title='bbox 167 1629 324 1711; x_wconf 78' lang='lat' dir='ltr'><strong>Quiritibus,</strong></span> <span class='ocrx_word' id='word_1_145' title='bbox 340 1640 381 1693; x_wconf 94' lang='lat' dir='ltr'><strong>uti</strong></span> <span class='ocrx_word' id='word_1_146' title='bbox 396 1654 465 1711; x_wconf 89' lang='lat' dir='ltr'><strong>quae</strong></span> <span class='ocrx_word' id='word_1_147' title='bbox 480 1640 581 1712; x_wconf 85' lang='lat' dir='ltr'><strong>optima</strong></span> <span class='ocrx_word' id='word_1_148' title='bbox 595 1637 657 1712; x_wconf 86' lang='lat' dir='ltr'><strong>lege</strong></span> <span class='ocrx_word' id='word_1_149' title='bbox 672 1638 733 1710; x_wconf 89' lang='lat' dir='ltr'><strong>luit,</strong></span> <span class='ocrx_word' id='word_1_150' title='bbox 748 1640 784 1694; x_wconf 88' lang='lat' dir='ltr'><strong>ita</strong></span> <span class='ocrx_word' id='word_1_151' title='bbox 801 1648 837 1715; x_wconf 89' lang='lat' dir='ltr'><strong>te,</strong></span> <span class='ocrx_word' id='word_1_152' title='bbox 856 1640 955 1704; x_wconf 75' lang='lat' dir='ltr'><strong>Amata,</strong></span> <span class='ocrx_word' id='word_1_153' title='bbox 973 1639 1072 1713; x_wconf 88' lang='lat' dir='ltr'><strong>capio&#39;.</strong></span> <span class='ocrx_word' id='word_1_154' title='bbox 1088 1670 1131 1681; x_wconf 90' lang='lat'><strong>--</strong></span> 
     </span>
     <span class='ocr_line' id='line_1_19' title="bbox 167 1721 459 1796; baseline 0.017 -19"><span class='ocrx_word' id='word_1_155' title='bbox 167 1722 235 1785; x_wconf 86' lang='lat' dir='ltr'><strong>Geli.</strong></span> <span class='ocrx_word' id='word_1_156' title='bbox 254 1726 281 1796; x_wconf 94' lang='lat' dir='ltr'><strong>l,</strong></span> <span class='ocrx_word' id='word_1_157' title='bbox 300 1722 348 1779; x_wconf 79' lang='lat'><strong>12.</strong></span> <span class='ocrx_word' id='word_1_158' title='bbox 365 1722 393 1793; x_wconf 68' lang='lat' dir='ltr'><strong>S.</strong></span> <span class='ocrx_word' id='word_1_159' title='bbox 412 1721 459 1782; x_wconf 89' lang='grc'><strong>14.</strong></span> 
     </span>
    </p>
   </div>
   <div class='ocr_carea' id='block_1_5' title="bbox 167 1821 1129 1980">
    <p class='ocr_par' dir='ltr' id='par_1_5' title="bbox 167 1821 1129 1980">
     <span class='ocr_line' id='line_1_20' title="bbox 228 1821 1129 1901; baseline 0.006 -21"><span class='ocrx_word' id='word_1_160' title='bbox 228 1822 255 1883; x_wconf 82' lang='grc'><strong>5.</strong></span> <span class='ocrx_word' id='word_1_161' title='bbox 276 1824 348 1879; x_wconf 90' lang='lat' dir='ltr'><strong>ldem</strong></span> <span class='ocrx_word' id='word_1_162' title='bbox 370 1822 414 1878; x_wconf 92' lang='lat' dir='ltr'><strong>lib.</strong></span> <span class='ocrx_word' id='word_1_163' title='bbox 432 1824 499 1877; x_wconf 92' lang='lat' dir='ltr'><strong>iuris</strong></span> <span class='ocrx_word' id='word_1_164' title='bbox 515 1821 647 1895; x_wconf 89' lang='lat' dir='ltr'><strong>pontificii</strong></span> <span class='ocrx_word' id='word_1_165' title='bbox 663 1825 759 1879; x_wconf 92' lang='lat' dir='ltr'><strong>tertio:</strong></span> <span class='ocrx_word' id='word_1_166' title='bbox 781 1823 918 1901; x_wconf 66' lang='lat' dir='ltr'><strong>fPilumno</strong></span> <span class='ocrx_word' id='word_1_167' title='bbox 935 1834 962 1881; x_wconf 90' lang='lat' dir='ltr'><strong>et</strong></span> <span class='ocrx_word' id='word_1_168' title='bbox 976 1824 1129 1885; x_wconf 91' lang='lat' dir='ltr'><strong>Picumno&#39;.</strong></span> 
     </span>
     <span class='ocr_line' id='line_1_21' title="bbox 167 1904 619 1980; baseline -0.009 -16"><span class='ocrx_word' id='word_1_169' title='bbox 167 1939 205 1949; x_wconf 94' lang='lat'><strong>—</strong></span> <span class='ocrx_word' id='word_1_170' title='bbox 223 1909 291 1964; x_wconf 92' lang='lat' dir='ltr'><strong>Non.</strong></span> <span class='ocrx_word' id='word_1_171' title='bbox 309 1907 359 1975; x_wconf 80' lang='lat'><strong>12,</strong></span> <span class='ocrx_word' id='word_1_172' title='bbox 376 1906 403 1963; x_wconf 88' lang='grc'><strong>3.</strong></span> <span class='ocrx_word' id='word_1_173' title='bbox 419 1924 446 1980; x_wconf 89' lang='lat' dir='ltr'><strong>p.</strong></span> <span class='ocrx_word' id='word_1_174' title='bbox 464 1904 525 1963; x_wconf 82' lang='lat'><strong>518</strong></span> <span class='ocrx_word' id='word_1_175' title='bbox 540 1906 619 1962; x_wconf 86' lang='lat' dir='ltr'><strong>llere.</strong></span> 
     </span>
    </p>
   </div>
   <div class='ocr_carea' id='block_1_6' title="bbox 165 2006 1130 2335">
    <p class='ocr_par' dir='ltr' id='par_1_6' title="bbox 165 2006 1130 2335">
     <span class='ocr_line' id='line_1_22' title="bbox 229 2006 1130 2082; baseline 0.001 -15"><span class='ocrx_word' id='word_1_176' title='bbox 229 2006 258 2067; x_wconf 89' lang='grc'><strong>6.</strong></span> <span class='ocrx_word' id='word_1_177' title='bbox 282 2008 378 2064; x_wconf 76' lang='lat' dir='ltr'><strong>llabius</strong></span> <span class='ocrx_word' id='word_1_178' title='bbox 393 2007 485 2063; x_wconf 87' lang='lat' dir='ltr'><strong>Pictor</strong></span> <span class='ocrx_word' id='word_1_179' title='bbox 500 2008 549 2063; x_wconf 91' lang='lat' dir='ltr'><strong>hos</strong></span> <span class='ocrx_word' id='word_1_180' title='bbox 565 2008 631 2063; x_wconf 90' lang='lat' dir='ltr'><strong>deos</strong></span> <span class='ocrx_word' id='word_1_181' title='bbox 647 2016 801 2082; x_wconf 84' lang='lat' dir='ltr'><strong>enumerat,</strong></span> <span class='ocrx_word' id='word_1_182' title='bbox 822 2026 892 2082; x_wconf 90' lang='lat' dir='ltr'><strong>qnos</strong></span> <span class='ocrx_word' id='word_1_183' title='bbox 907 2011 1016 2067; x_wconf 88' lang='lat' dir='ltr'><strong>inuocat</strong></span> <span class='ocrx_word' id='word_1_184' title='bbox 1032 2011 1130 2068; x_wconf 85' lang='lat' dir='ltr'><strong>ttamen</strong></span> 
     </span>
     <span class='ocr_line' id='line_1_23' title="bbox 166 2091 1128 2167; baseline 0 -16"><span class='ocrx_word' id='word_1_185' title='bbox 166 2111 270 2151; x_wconf 88' lang='lat' dir='ltr'><strong>sacrum</strong></span> <span class='ocrx_word' id='word_1_186' title='bbox 293 2091 403 2149; x_wconf 84' lang='lat' dir='ltr'><strong>Cereale</strong></span> <span class='ocrx_word' id='word_1_187' title='bbox 424 2092 526 2150; x_wconf 86' lang='lat' dir='ltr'><strong>iaciens</strong></span> <span class='ocrx_word' id='word_1_188' title='bbox 546 2092 647 2149; x_wconf 90' lang='lat' dir='ltr'><strong>&#39;lelluri</strong></span> <span class='ocrx_word' id='word_1_189' title='bbox 669 2101 697 2148; x_wconf 92' lang='lat' dir='ltr'><strong>et</strong></span> <span class='ocrx_word' id='word_1_190' title='bbox 719 2092 821 2149; x_wconf 85' lang='lat' dir='ltr'><strong>Cereri:</strong></span> <span class='ocrx_word' id='word_1_191' title='bbox 845 2092 1058 2167; x_wconf 72' lang='lat' dir='ltr'><strong>‘Vernactorem</strong></span> <span class='ocrx_word' id='word_1_192' title='bbox 1078 2096 1128 2152; x_wconf 85' lang='lat' dir='ltr'><strong>Re·</strong></span> 
     </span>
     <span class='ocr_line' id='line_1_24' title="bbox 165 2176 1129 2253; baseline 0.001 -19"><span class='ocrx_word' id='word_1_193' title='bbox 165 2188 328 2253; x_wconf 91' lang='lat' dir='ltr'><strong>paratorem,</strong></span> <span class='ocrx_word' id='word_1_194' title='bbox 351 2176 562 2250; x_wconf 91' lang='lat' dir='ltr'><strong>lmporcitorem,</strong></span> <span class='ocrx_word' id='word_1_195' title='bbox 587 2176 738 2249; x_wconf 90' lang='lat' dir='ltr'><strong>lnsitorem,</strong></span> <span class='ocrx_word' id='word_1_196' title='bbox 762 2177 945 2251; x_wconf 85' lang='lat' dir='ltr'><strong>Obaratorem,</strong></span> <span class='ocrx_word' id='word_1_197' title='bbox 962 2180 1129 2253; x_wconf 85' lang='lat' dir='ltr'><strong>Occatorem,</strong></span> 
     </span>
     <span class='ocr_line' id='line_1_25' title="bbox 166 2260 1129 2335; baseline 0.002 -17"><span class='ocrx_word' id='word_1_198' title='bbox 166 2263 336 2333; x_wconf 89' lang='lat' dir='ltr'><strong>Sarritorem,</strong></span> <span class='ocrx_word' id='word_1_199' title='bbox 360 2261 627 2335; x_wconf 85' lang='lat' dir='ltr'><strong>Subrunciuatorem,</strong></span> <span class='ocrx_word' id='word_1_200' title='bbox 650 2260 806 2331; x_wconf 89' lang='lat' dir='ltr'><strong>llessorem,</strong></span> <span class='ocrx_word' id='word_1_201' title='bbox 829 2261 1037 2335; x_wconf 84' lang='lat' dir='ltr'><strong>Conueotorem,</strong></span> <span class='ocrx_word' id='word_1_202' title='bbox 1060 2265 1129 2320; x_wconf 86' lang='lat' dir='ltr'><strong>Con·</strong></span> 
     </span>
    </p>
   </div>
   <div class='ocr_carea' id='block_1_7' title="bbox 166 2343 934 2422">
    <p class='ocr_par' dir='ltr' id='par_1_7' title="bbox 166 2343 934 2422">
     <span class='ocr_line' id='line_1_26' title="bbox 166 2343 934 2422; baseline 0.001 -19"><span class='ocrx_word' id='word_1_203' title='bbox 166 2347 291 2422; x_wconf 85' lang='lat' dir='ltr'><strong>ditarem,</strong></span> <span class='ocrx_word' id='word_1_204' title='bbox 306 2343 509 2399; x_wconf 89' lang='lat' dir='ltr'><strong>Promitorem’.</strong></span> <span class='ocrx_word' id='word_1_205' title='bbox 528 2373 564 2384; x_wconf 92' lang='lat'><em>-</em></span> <span class='ocrx_word' id='word_1_206' title='bbox 582 2345 658 2402; x_wconf 87' lang='lat' dir='ltr'><strong>Serv.</strong></span> <span class='ocrx_word' id='word_1_207' title='bbox 673 2344 705 2399; x_wconf 84' lang='lat' dir='ltr'><strong>ad</strong></span> <span class='ocrx_word' id='word_1_208' title='bbox 721 2344 821 2419; x_wconf 82' lang='lat' dir='ltr'><strong>Georg.</strong></span> <span class='ocrx_word' id='word_1_209' title='bbox 840 2348 866 2411; x_wconf 89' lang='lat'><strong>1,</strong></span> <span class='ocrx_word' id='word_1_210' title='bbox 883 2347 934 2405; x_wconf 82' lang='lat'><strong>21.</strong></span> 
     </span>
    </p>
   </div>
   <div class='ocr_carea' id='block_1_8' title="bbox 166 2443 1129 2693">
    <p class='ocr_par' dir='ltr' id='par_1_8' title="bbox 166 2443 1129 2693">
     <span class='ocr_line' id='line_1_27' title="bbox 228 2443 1129 2527; baseline 0.002 -24"><span class='ocrx_word' id='word_1_211' title='bbox 228 2443 253 2505; x_wconf 82' lang='grc'><strong>7.</strong></span> <span class='ocrx_word' id='word_1_212' title='bbox 276 2445 370 2501; x_wconf 80' lang='lat' dir='ltr'><strong>Fabius</strong></span> <span class='ocrx_word' id='word_1_213' title='bbox 391 2443 484 2499; x_wconf 93' lang='lat' dir='ltr'><strong>Pictor</strong></span> <span class='ocrx_word' id='word_1_214' title='bbox 505 2444 551 2500; x_wconf 88' lang='lat' dir='ltr'><strong>lib.</strong></span> <span class='ocrx_word' id='word_1_215' title='bbox 574 2444 650 2505; x_wconf 72' lang='lat' dir='ltr'><strong>xvi:</strong></span> <span class='ocrx_word' id='word_1_216' title='bbox 681 2446 795 2519; x_wconf 75' lang='lat' dir='ltr'><strong>‘Aquam</strong></span> <span class='ocrx_word' id='word_1_217' title='bbox 817 2448 938 2504; x_wconf 88' lang='lat' dir='ltr'><strong>manibus</strong></span> <span class='ocrx_word' id='word_1_218' title='bbox 956 2447 1129 2527; x_wconf 77' lang='lat' dir='ltr'><strong>pedibusque</strong></span> 
     </span>
     <span class='ocr_line' id='line_1_28' title="bbox 166 2528 1129 2605; baseline 0.002 -16"><span class='ocrx_word' id='word_1_219' title='bbox 166 2535 245 2605; x_wconf 87' lang='lat' dir='ltr'><strong>dato,</strong></span> <span class='ocrx_word' id='word_1_220' title='bbox 272 2530 416 2603; x_wconf 89' lang='lat' dir='ltr'><strong>polubrum</strong></span> <span class='ocrx_word' id='word_1_221' title='bbox 444 2528 553 2585; x_wconf 88' lang='lat' dir='ltr'><strong>sinistra</strong></span> <span class='ocrx_word' id='word_1_222' title='bbox 579 2546 661 2586; x_wconf 90' lang='lat' dir='ltr'><strong>manu</strong></span> <span class='ocrx_word' id='word_1_223' title='bbox 683 2538 791 2601; x_wconf 89' lang='lat' dir='ltr'><strong>teneto,</strong></span> <span class='ocrx_word' id='word_1_224' title='bbox 820 2530 930 2588; x_wconf 77' lang='lat' dir='ltr'><strong>deutera</strong></span> <span class='ocrx_word' id='word_1_225' title='bbox 950 2550 1046 2590; x_wconf 82' lang='lat' dir='ltr'><strong>nasum</strong></span> <span class='ocrx_word' id='word_1_226' title='bbox 1067 2551 1129 2591; x_wconf 92' lang='lat' dir='ltr'><strong>cum</strong></span> 
     </span>
     <span class='ocr_line' id='line_1_29' title="bbox 166 2612 663 2693; baseline -0.006 -19"><span class='ocrx_word' id='word_1_227' title='bbox 166 2616 256 2693; x_wconf 91' lang='lat' dir='ltr'><strong>aqua&#39;.</strong></span> <span class='ocrx_word' id='word_1_228' title='bbox 275 2643 313 2653; x_wconf 95' lang='lat'><strong>—</strong></span> <span class='ocrx_word' id='word_1_229' title='bbox 328 2612 397 2670; x_wconf 88' lang='lat' dir='ltr'><strong>Non.</strong></span> <span class='ocrx_word' id='word_1_230' title='bbox 415 2612 464 2684; x_wconf 87' lang='lat'><strong>19,</strong></span> <span class='ocrx_word' id='word_1_231' title='bbox 483 2615 530 2670; x_wconf 89' lang='lat' dir='ltr'><strong>ll.</strong></span> <span class='ocrx_word' id='word_1_232' title='bbox 544 2632 574 2689; x_wconf 91' lang='lat' dir='ltr'><strong>p.</strong></span> <span class='ocrx_word' id='word_1_233' title='bbox 590 2612 663 2671; x_wconf 81' lang='lat'><strong>544.</strong></span> 
     </span>
    </p>
   </div>
   <div class='ocr_carea' id='block_1_9' title="bbox 165 2715 1130 2963">
    <p class='ocr_par' dir='ltr' id='par_1_9' title="bbox 165 2715 1130 2963">
     <span class='ocr_line' id='line_1_30' title="bbox 229 2715 1130 2794; baseline 0.004 -21"><span class='ocrx_word' id='word_1_234' title='bbox 229 2716 257 2774; x_wconf 87' lang='grc'><strong>8.</strong></span> <span class='ocrx_word' id='word_1_235' title='bbox 279 2716 376 2772; x_wconf 87' lang='lat' dir='ltr'><strong>Varro:</strong></span> <span class='ocrx_word' id='word_1_236' title='bbox 390 2716 599 2772; x_wconf 74' lang='lat' dir='ltr'><strong>‘Commentario</strong></span> <span class='ocrx_word' id='word_1_237' title='bbox 622 2718 709 2771; x_wconf 90' lang='lat' dir='ltr'><strong>ueteri</strong></span> <span class='ocrx_word' id='word_1_238' title='bbox 731 2715 803 2773; x_wconf 82' lang='lat' dir='ltr'><strong>Fabii</strong></span> <span class='ocrx_word' id='word_1_239' title='bbox 824 2716 939 2774; x_wconf 83' lang='lat' dir='ltr'><strong>Pictoris</strong></span> <span class='ocrx_word' id='word_1_240' title='bbox 960 2720 1031 2794; x_wconf 84' lang='lat' dir='ltr'><strong>legi:</strong></span> <span class='ocrx_word' id='word_1_241' title='bbox 1061 2720 1130 2777; x_wconf 83' lang='lat' dir='ltr'><strong>‘llu-</strong></span> 
     </span>
     <span class='ocr_line' id='line_1_31' title="bbox 165 2800 1128 2873; baseline -0.001 -13"><span class='ocrx_word' id='word_1_242' title='bbox 165 2804 219 2861; x_wconf 89' lang='lat' dir='ltr'><strong>ries</strong></span> <span class='ocrx_word' id='word_1_243' title='bbox 242 2800 272 2857; x_wconf 90' lang='lat' dir='ltr'><strong>lit</strong></span> <span class='ocrx_word' id='word_1_244' title='bbox 293 2802 335 2857; x_wconf 80' lang='lat' dir='ltr'><strong>&#39;ex</strong></span> <span class='ocrx_word' id='word_1_245' title='bbox 357 2800 423 2872; x_wconf 88' lang='lat' dir='ltr'><strong>sale,</strong></span> <span class='ocrx_word' id='word_1_246' title='bbox 446 2800 518 2873; x_wconf 91' lang='lat' dir='ltr'><strong>quod</strong></span> <span class='ocrx_word' id='word_1_247' title='bbox 540 2800 596 2855; x_wconf 90' lang='lat' dir='ltr'><strong>sale</strong></span> <span class='ocrx_word' id='word_1_248' title='bbox 617 2800 758 2856; x_wconf 88' lang='lat' dir='ltr'><strong>sordidum</strong></span> <span class='ocrx_word' id='word_1_249' title='bbox 779 2804 802 2856; x_wconf 91' lang='lat' dir='ltr'><strong>si</strong></span> <span class='ocrx_word' id='word_1_250' title='bbox 825 2801 925 2873; x_wconf 91' lang='lat' dir='ltr'><strong>pistum</strong></span> <span class='ocrx_word' id='word_1_251' title='bbox 948 2814 975 2860; x_wconf 88' lang='lat' dir='ltr'><strong>et</strong></span> <span class='ocrx_word' id='word_1_252' title='bbox 997 2806 1025 2862; x_wconf 90' lang='lat' dir='ltr'><strong>in</strong></span> <span class='ocrx_word' id='word_1_253' title='bbox 1048 2805 1128 2861; x_wconf 88' lang='lat' dir='ltr'><strong>ollam</strong></span> 
     </span>
     <span class='ocr_line' id='line_1_32' title="bbox 166 2880 1130 2963; baseline 0.003 -22"><span class='ocrx_word' id='word_1_254' title='bbox 166 2887 260 2943; x_wconf 90' lang='lat' dir='ltr'><strong>rudem</strong></span> <span class='ocrx_word' id='word_1_255' title='bbox 276 2880 398 2942; x_wconf 81' lang='lat' dir='ltr'><strong>fictilem²</strong></span> <span class='ocrx_word' id='word_1_256' title='bbox 415 2881 583 2960; x_wconf 85' lang='lat' dir='ltr'><strong>(coniectum</strong></span> <span class='ocrx_word' id='word_1_257' title='bbox 599 2892 627 2941; x_wconf 86' lang='lat' dir='ltr'><strong>et</strong></span> <span class='ocrx_word' id='word_1_258' title='bbox 641 2889 671 2941; x_wconf 82' lang='lat' dir='ltr'><strong>in</strong></span> <span class='ocrx_word' id='word_1_259' title='bbox 683 2883 807 2959; x_wconf 67' lang='lat' dir='ltr'><strong>fornicei</strong></span> <span class='ocrx_word' id='word_1_260' title='bbox 823 2894 932 2943; x_wconf 90' lang='lat' dir='ltr'><strong>coctum</strong></span> <span class='ocrx_word' id='word_1_261' title='bbox 946 2882 1013 2961; x_wconf 63' lang='lat' dir='ltr'><strong>esti,</strong></span> <span class='ocrx_word' id='word_1_262' title='bbox 1034 2900 1130 2963; x_wconf 88' lang='lat' dir='ltr'><strong>postea</strong></span> 
     </span>
    </p>
   </div>
   <div class='ocr_carea' id='block_1_10' title="bbox 165 3045 1130 3538">
    <p class='ocr_par' dir='ltr' id='par_1_10' title="bbox 165 3045 1130 3538">
     <span class='ocr_line' id='line_1_33' title="bbox 239 3045 1128 3122; baseline 0.001 -23"><span class='ocrx_word' id='word_1_263' title='bbox 239 3045 259 3115; x_wconf 86' lang='lat'><strong>¹)</strong></span> <span class='ocrx_word' id='word_1_264' title='bbox 273 3048 376 3112; x_wconf 76' lang='lat' dir='ltr'><strong>Scripsi</strong></span> <span class='ocrx_word' id='word_1_265' title='bbox 379 3066 390 3107; x_wconf 85' lang='lat'><strong>,·</strong></span> <span class='ocrx_word' id='word_1_266' title='bbox 397 3050 512 3113; x_wconf 78' lang='lat' dir='ltr'><strong>fortasse</strong></span> <span class='ocrx_word' id='word_1_267' title='bbox 518 3056 579 3113; x_wconf 80' lang='lat' dir='ltr'><strong>post</strong></span> <span class='ocrx_word' id='word_1_268' title='bbox 588 3064 697 3098; x_wconf 90' lang='lat' dir='ltr'><strong>seorsum</strong></span> <span class='ocrx_word' id='word_1_269' title='bbox 707 3051 808 3099; x_wconf 80' lang='lat' dir='ltr'><strong>excidit</strong></span> <span class='ocrx_word' id='word_1_270' title='bbox 817 3065 876 3100; x_wconf 86' lang='lat' dir='ltr'><strong>eam.</strong></span> <span class='ocrx_word' id='word_1_271' title='bbox 888 3078 921 3087; x_wconf 94' lang='lat'>-</span> <span class='ocrx_word' id='word_1_272' title='bbox 933 3049 1128 3122; x_wconf 80' lang='lat' dir='ltr'><strong>[flaminicae....]</strong></span> 
     </span>
     <span class='ocr_line' id='line_1_34' title="bbox 165 3117 1128 3185; baseline 0.003 -14"><span class='ocrx_word' id='word_1_273' title='bbox 165 3122 297 3171; x_wconf 86' lang='lat' dir='ltr'><strong>llaminicas</strong></span> <span class='ocrx_word' id='word_1_274' title='bbox 312 3121 386 3169; x_wconf 87' lang='lat' dir='ltr'><strong>Dialis</strong></span> <span class='ocrx_word' id='word_1_275' title='bbox 400 3122 440 3170; x_wconf 88' lang='lat' dir='ltr'><strong>ed.</strong></span> <span class='ocrx_word' id='word_1_276' title='bbox 455 3121 545 3170; x_wconf 85' lang='lat' dir='ltr'><strong>Hertz.</strong></span> <span class='ocrx_word' id='word_1_277' title='bbox 577 3117 599 3185; x_wconf 77' lang='lat'><strong>²)</strong></span> <span class='ocrx_word' id='word_1_278' title='bbox 613 3119 655 3169; x_wconf 88' lang='lat' dir='ltr'><strong>Ita</strong></span> <span class='ocrx_word' id='word_1_279' title='bbox 669 3137 738 3171; x_wconf 85' lang='lat' dir='ltr'><strong>nunc</strong></span> <span class='ocrx_word' id='word_1_280' title='bbox 751 3129 909 3171; x_wconf 73' lang='lat' dir='ltr'><strong>monstrante</strong></span> <span class='ocrx_word' id='word_1_281' title='bbox 920 3123 979 3185; x_wconf 84' lang='lat' dir='ltr'><strong>sere</strong></span> <span class='ocrx_word' id='word_1_282' title='bbox 989 3123 1025 3171; x_wconf 90' lang='lat' dir='ltr'><strong>M.</strong></span> <span class='ocrx_word' id='word_1_283' title='bbox 1037 3122 1128 3175; x_wconf 84' lang='lat' dir='ltr'><strong>Hertz.</strong></span> 
     </span>
     <span class='ocr_line' id='line_1_35' title="bbox 165 3191 1129 3264; baseline 0.003 -23"><span class='ocrx_word' id='word_1_284' title='bbox 165 3193 303 3242; x_wconf 76' lang='lat' dir='ltr'><strong>modestius</strong></span> <span class='ocrx_word' id='word_1_285' title='bbox 315 3193 418 3254; x_wconf 61' lang='grc'>00011101.</span> <span class='ocrx_word' id='word_1_286' title='bbox 439 3198 463 3240; x_wconf 91' lang='lat' dir='ltr'><strong>et</strong></span> <span class='ocrx_word' id='word_1_287' title='bbox 472 3192 521 3239; x_wconf 88' lang='lat' dir='ltr'><strong>sale</strong></span> <span class='ocrx_word' id='word_1_288' title='bbox 532 3207 578 3255; x_wconf 87' lang='lat' dir='ltr'><strong>qno</strong></span> <span class='ocrx_word' id='word_1_289' title='bbox 588 3191 638 3239; x_wconf 87' lang='lat' dir='ltr'><strong>sale</strong></span> <span class='ocrx_word' id='word_1_290' title='bbox 648 3192 771 3241; x_wconf 84' lang='lat' dir='ltr'><strong>sordidum</strong></span> <span class='ocrx_word' id='word_1_291' title='bbox 785 3201 876 3242; x_wconf 86' lang='lat' dir='ltr'><strong>sustnm</strong></span> <span class='ocrx_word' id='word_1_292' title='bbox 887 3191 992 3258; x_wconf 89' lang='lat' dir='ltr'><strong>(siistum</strong></span> <span class='ocrx_word' id='word_1_293' title='bbox 1004 3194 1029 3243; x_wconf 82' lang='lat'><strong>0.</strong></span> <span class='ocrx_word' id='word_1_294' title='bbox 1040 3194 1129 3264; x_wconf 82' lang='lat' dir='ltr'><strong>Leid.)</strong></span> 
     </span>
     <span class='ocr_line' id='line_1_36' title="bbox 166 3258 1127 3326; baseline 0.005 -15"><span class='ocrx_word' id='word_1_295' title='bbox 166 3271 203 3311; x_wconf 90' lang='lat' dir='ltr'><strong>est</strong></span> <span class='ocrx_word' id='word_1_296' title='bbox 217 3268 241 3311; x_wconf 90' lang='lat' dir='ltr'><strong>et</strong></span> <span class='ocrx_word' id='word_1_297' title='bbox 255 3262 325 3312; x_wconf 87' lang='lat' dir='ltr'><strong>ollam</strong></span> <span class='ocrx_word' id='word_1_298' title='bbox 339 3262 422 3311; x_wconf 90' lang='lat' dir='ltr'><strong>rudem</strong></span> <span class='ocrx_word' id='word_1_299' title='bbox 437 3263 539 3311; x_wconf 86' lang='lat' dir='ltr'><strong>lacidem</strong></span> <span class='ocrx_word' id='word_1_300' title='bbox 551 3262 612 3311; x_wconf 78' lang='lat' dir='ltr'><strong>odd.</strong></span> <span class='ocrx_word' id='word_1_301' title='bbox 639 3258 792 3326; x_wconf 76' lang='lat' dir='ltr'><strong>⁵)Suppleoi</strong></span> <span class='ocrx_word' id='word_1_302' title='bbox 805 3272 831 3313; x_wconf 88' lang='lat' dir='ltr'><strong>et</strong></span> <span class='ocrx_word' id='word_1_303' title='bbox 839 3266 973 3315; x_wconf 82' lang='lat' dir='ltr'><strong>emendavi</strong></span> <span class='ocrx_word' id='word_1_304' title='bbox 982 3282 1016 3316; x_wconf 76' lang='lat' dir='ltr'><strong>eac</strong></span> <span class='ocrx_word' id='word_1_305' title='bbox 1027 3266 1093 3316; x_wconf 81' lang='lat' dir='ltr'><strong>Feat.</strong></span> <span class='ocrx_word' id='word_1_306' title='bbox 1104 3284 1127 3317; x_wconf 89' lang='lat' dir='ltr'><strong>o.</strong></span> 
     </span>
     <span class='ocr_line' id='line_1_37' title="bbox 165 3333 1130 3397; baseline 0.006 -15"><span class='ocrx_word' id='word_1_307' title='bbox 165 3334 267 3384; x_wconf 80' lang='lat' dir='ltr'><strong>Murice</strong></span> <span class='ocrx_word' id='word_1_308' title='bbox 276 3350 304 3397; x_wconf 89' lang='lat' dir='ltr'><strong>p.</strong></span> <span class='ocrx_word' id='word_1_309' title='bbox 320 3344 366 3385; x_wconf 85' lang='lat'><strong>158.</strong></span> <span class='ocrx_word' id='word_1_310' title='bbox 382 3334 500 3383; x_wconf 89' lang='lat' dir='ltr'><strong>adiectum</strong></span> <span class='ocrx_word' id='word_1_311' title='bbox 515 3339 552 3381; x_wconf 91' lang='lat' dir='ltr'><strong>est</strong></span> <span class='ocrx_word' id='word_1_312' title='bbox 566 3339 590 3381; x_wconf 88' lang='lat' dir='ltr'><strong>et</strong></span> <span class='ocrx_word' id='word_1_313' title='bbox 602 3333 663 3382; x_wconf 78' lang='lat' dir='ltr'><strong>cdd.</strong></span> <span class='ocrx_word' id='word_1_314' title='bbox 679 3334 798 3383; x_wconf 89' lang='lat' dir='ltr'><strong>adiectum</strong></span> <span class='ocrx_word' id='word_1_315' title='bbox 812 3352 846 3384; x_wconf 82' lang='lat' dir='ltr'><strong>ex</strong></span> <span class='ocrx_word' id='word_1_316' title='bbox 859 3337 897 3385; x_wconf 83' lang='lat' dir='ltr'><strong>aci</strong></span> <span class='ocrx_word' id='word_1_317' title='bbox 907 3344 1001 3387; x_wconf 88' lang='lat' dir='ltr'><strong>coctum</strong></span> <span class='ocrx_word' id='word_1_318' title='bbox 1011 3345 1094 3388; x_wconf 80' lang='lat' dir='ltr'><strong>ortam</strong></span> <span class='ocrx_word' id='word_1_319' title='bbox 1104 3347 1130 3388; x_wconf 87' lang='lat' dir='ltr'><strong>et</strong></span> 
     </span>
     <span class='ocr_line' id='line_1_38' title="bbox 165 3403 1129 3468; baseline 0.004 -14"><span class='ocrx_word' id='word_1_320' title='bbox 165 3403 195 3454; x_wconf 85' lang='lat' dir='ltr'><strong>ob</strong></span> <span class='ocrx_word' id='word_1_321' title='bbox 210 3406 401 3454; x_wconf 81' lang='lat' dir='ltr'><strong>sinaititndinem</strong></span> <span class='ocrx_word' id='word_1_322' title='bbox 416 3419 481 3468; x_wconf 85' lang='lat' dir='ltr'><strong>qnae</strong></span> <span class='ocrx_word' id='word_1_323' title='bbox 495 3404 685 3453; x_wconf 82' lang='lat' dir='ltr'><strong>interciderunt</strong></span> <span class='ocrx_word' id='word_1_324' title='bbox 694 3407 788 3455; x_wconf 76' lang='lat' dir='ltr'><strong>omisca</strong></span> <span class='ocrx_word' id='word_1_325' title='bbox 797 3420 852 3456; x_wconf 76' lang='lat' dir='ltr'><strong>ecee</strong></span> <span class='ocrx_word' id='word_1_326' title='bbox 861 3408 989 3460; x_wconf 81' lang='lat' dir='ltr'><strong>videntur.</strong></span> <span class='ocrx_word' id='word_1_327' title='bbox 1013 3410 1129 3459; x_wconf 77' lang='lat' dir='ltr'><strong>Ceterum</strong></span> 
     </span>
     <span class='ocr_line' id='line_1_39' title="bbox 165 3475 485 3538; baseline 0 -15"><span class='ocrx_word' id='word_1_328' title='bbox 165 3476 199 3538; x_wconf 83' lang='lat' dir='ltr'><strong>cs.</strong></span> <span class='ocrx_word' id='word_1_329' title='bbox 216 3475 288 3538; x_wconf 81' lang='lat' dir='ltr'><strong>infra</strong></span> <span class='ocrx_word' id='word_1_330' title='bbox 308 3475 438 3524; x_wconf 78' lang='lat' dir='ltr'><strong>Veranius</strong></span> <span class='ocrx_word' id='word_1_331' title='bbox 452 3488 485 3525; x_wconf 83' lang='lat'><strong>11.</strong></span> 
     </span>
    </p>
   </div>
   <div class='ocr_carea' id='block_1_11' title="bbox 0 0 1276 3909">
    <p class='ocr_par' dir='ltr' id='par_1_11' title="bbox 0 0 1276 3909">
     <span class='ocr_line' id='line_1_40' title="bbox 0 0 1276 3909; baseline 0 0"><span class='ocrx_word' id='word_1_332' title='bbox 0 0 1276 3909; x_wconf 95' lang='lat' dir='ltr'><strong> </strong></span> 
     </span>
    </p>
   </div>
  </div>
 </body>
</html>
