2542 3909
327 240 354 276 ir.
374 240 503 275 vaurms
521 238 654 275 nerana
672 240 808 277 corvinus.
985 231 1047 289 103

176 392 231 457 *bb
253 391 474 459 VALERIVS
496 392 726 459 MESSALLA
749 392 968 461 CORVINVS

448 482 568 549 (eiusdem
582 483 685 550 aetatis).

403 582 454 638 De
483 583 731 655 auspiciis.

161 688 181 747 i
199 690 283 765 Super
301 692 354 748 hac
374 708 405 747 re
424 692 493 747 meis
515 690 603 747 uerbis
618 691 656 747 nil
672 708 741 765 opus
756 691 818 763 init,
839 693 965 765 quonlam
980 690 1050 748 llber

114 772 270 830 Messallae
291 776 403 848 auguris
424 774 458 831 de
478 776 602 848 auspiciis
623 777 736 848 primus,
759 792 820 831 cum
836 776 902 831 haec
916 774 1049 833 scribere·

113 874 167 928 nus,
181 858 247 915 iorte
268 858 365 915 adsuit.
395 858 543 931 Propterea
565 874 598 914 ex
612 874 646 914 eo
658 857 727 914 libro
743 857 825 913 uerba
840 860 924 931 ipsius
940 858 1049 915 llessal·

112 940 144 996 lae
159 941 370 1015 subscripsimus:
400 941 590 999 ‘patriciorum
610 943 728 1015 auspicia
750 944 776 997 in
798 942 863 997 duas
884 951 948 997 sunt
963 944 1049 1000 diuisa

111 1033 246 1095 potestates.
290 1026 402 1081 llaxima
424 1034 490 1081 sunt
515 1025 675 1096 consulum,
701 1032 869 1099 praetorum,
894 1042 1048 1083 censorum.

111 1106 184 1180 Neque
201 1116 288 1165 tamen
309 1125 404 1166 eorum
425 1110 546 1165 omnium
566 1111 637 1165 inter
652 1124 681 1163 se
697 1110 789 1165 eadem
804 1118 850 1164 aut
865 1109 985 1164 eiusdem
1000 1126 1049 1183 po·

110 1194 206 1263 testatis,
224 1194 284 1250 ideo
304 1193 380 1267 quod
400 1192 522 1265 collegae
542 1209 598 1249 non
618 1202 683 1248 sunt
703 1209 831 1249 censores
846 1192 988 1249 consulum
1003 1202 1050 1249 aut

109 1285 250 1347 praetorum,
264 1286 407 1351 praetores
422 1276 565 1333 consulum
579 1284 653 1333 sunt.
679 1276 742 1332 ldec
757 1293 846 1350 neque
861 1276 987 1334 consules
1002 1286 1050 1334 aut

110 1367 229 1427 praetores
239 1361 396 1417 censoribus
406 1377 494 1433 neque
506 1376 635 1417 censores
651 1360 809 1416 consulibus
821 1368 867 1416 aut
878 1361 1048 1435 praetoribus

112 1438 218 1498 'turbant
234 1454 275 1500 ant
293 1446 414 1501 retinent
434 1438 588 1518 auspicia3¹
611 1452 640 1499 at
657 1459 788 1500 censores
801 1445 873 1500 inter
890 1461 931 1516 se,
952 1461 1049 1501 rursus

70 1532 230 1597 ttttpraetores
247 1528 427 1599 consulesque
446 1530 562 1584 interce
577 1537 604 1584 et
619 1530 716 1584 uitiant
731 1536 759 1583 et
774 1526 905 1583 obtinent.
937 1526 1050 1583 Praetor

108 1611 151 1663 etsi
163 1609 258 1684 collega
272 1611 393 1669 consulis
407 1620 459 1681 est,
475 1627 564 1684 neque
575 1621 727 1684 praetorem
738 1627 827 1684 neque
839 1610 979 1667 consulem
990 1612 1049 1667 iure

106 1708 191 1764 rogare
209 1703 305 1768 potest,
327 1705 359 1752 ut
380 1696 489 1769 quidem
509 1712 560 1751 nos
581 1712 596 1750 a
616 1692 801 1768 superioribus
822 1696 972 1768 accepimus
987 1703 1049 1751 ante

105 1774 164 1831 baec
180 1785 294 1851 tempora
314 1788 452 1835 seruatum
474 1772 555 1835 esse²
574 1786 603 1834 et
617 1786 648 1833 ut
659 1781 685 1835 in
702 1781 893 1835 commentario
909 1780 990 1835 tertio
1003 1780 1049 1834 de·

105 1860 166 1915 oimo
180 1860 205 1919 G.
220 1862 342 1919 Tuditani
357 1870 442 1938 patet,
459 1856 554 1936 ‘quia³
568 1863 710 1936 imperium
726 1862 815 1917 minus
826 1872 946 1937 praetor,
963 1865 1049 1919 maius

105 1941 177 1999 habet
194 1947 292 2017 consul,
315 1956 344 2003 et
362 1963 378 2002 a
397 1948 503 2002 minore
522 1947 638 2019 imperio
659 1948 744 2001 maius
758 1953 805 2001 aut
819 1948 928 2002 maioris
943 1946 1050 2020 collega

103 2022 200 2097 rogari⁴
211 2032 268 2087 iure
281 2047 338 2087 non
353 2024 490 2104 potest'.⁵
519 2046 570 2084 nos
593 2030 635 2085 his
651 2028 817 2102 temporibus
832 2038 958 2102 praetore
972 2045 1049 2103 prae·

104 2116 170 2166 tores
189 2122 292 2171 creante
314 2123 439 2170 ueterum
462 2115 652 2169 anctoritatem
674 2130 768 2168 sumus
791 2116 877 2169 secuti
899 2128 987 2186 neque
1007 2114 1050 2168 his

105 2196 205 2251 comitiis
223 2199 249 2253 in
272 2199 394 2272 auspicio
409 2198 519 2253 inimus.
550 2196 684 2252 Censores
699 2190 805 2269 aequea
823 2212 878 2252 non
893 2196 989 2251 eodem
1004 2213 1049 2252 ro·

104 2284 193 2347 gantur
218 2284 337 2356 auspicio
367 2290 448 2354 atque
477 2281 603 2337 consules
633 2289 661 2336 et
690 2289 838 2354 praetores.
873 2278 1050 2352 Reliquorum

103 2363 293 2432 magistratuum
315 2368 418 2421 minora
439 2372 504 2420 sunt
518 2366 646 2438 auspicia.
676 2364 738 2421 ldeo
753 2363 792 2419 illi
808 2364 937 2434 minores,
953 2362 981 2417 hi
997 2378 1052 2419 nra·

100 2443 166 2499 iores
179 2452 347 2523 magistratus
363 2448 541 2522 appellantur.
571 2447 720 2503 Minoribus
735 2448 832 2504 creatis
848 2445 1050 2520 magistratibus

101 2526 200 2585 tributis
221 2536 338 2590 comitiis
363 2532 552 2605 magistratus,
566 2533 609 2587 ius
635 2524 713 2587 eius⁷
739 2532 841 2587 curiata
868 2531 947 2587 datur
972 2531 1049 2606 lege3

101 2613 207 2670 maiores
219 2617 373 2673 centuriatis
388 2617 505 2673 comitiis
520 2614 612 2676 fiunt’.
627 2644 671 2656 -
685 2614 753 2674 Gell.
772 2614 823 2685 13,
840 2613 889 2672 15.
906 2611 934 2689 S.
949 2614 978 2671 4.
1009 2614 1049 2671 ct.

100 2689 166 2750 lest.
182 2714 204 2754 r.
218 2699 318 2757 lliuora
332 2702 452 2773 itemque
466 2702 567 2757 maiora
581 2700 699 2772 auspicia
713 2716 742 2773 p.
760 2698 831 2755 157.

100 2797 287 2815 x-

165 2850 184 2916 ¹)
198 2856 336 2907 Contraria
349 2856 497 2906 anteactam
510 2857 631 2918 auspicia
645 2855 806 2917 accipiendo.
837 2850 859 2919 ²)
873 2853 919 2903 Sic
933 2870 1002 2903 nanc
1015 2870 1051 2903 ex

98 2922 126 2979 07'·
136 2923 173 2971 ed.
183 2936 201 2975 e.
211 2929 314 2991 scripsi.
334 2928 471 2991 accepimns
485 2934 526 2975 aut
539 2933 593 2974 ante
603 2926 663 2975 haec
677 2933 784 2989 tempora
799 2933 919 2973 serratum
934 2932 971 2973 est
988 2925 1050 2974 odd.

96 2990 148 3040 edd.
159 2997 232 3046 etiam
240 3014 309 3048 meae
323 3010 344 3048 1.
352 3010 372 3047 s.
403 2993 560 3062 ³)Fortaese
574 2996 676 3045 eccidit
693 2992 809 3061 ‘inquit’.
839 2992 861 3061 ⁴)
877 2995 963 3044 Meam
978 3011 1051 3047 erro·

94 3075 144 3110 rem
158 3063 206 3129 (ed.
218 3067 250 3134 n.)
262 3068 420 3132 corrigendo
430 3082 499 3116 nanc
513 3067 549 3116 ad
559 3081 646 3115 veram
655 3066 730 3115 codd.
740 3067 899 3128 scripturam
913 3073 938 3114 et
947 3065 1050 3115 Hertzit'

92 3132 130 3179 ed.
146 3140 247 3196 recessi,
266 3140 319 3188 nisi
336 3138 405 3201 qnod
413 3152 467 3200 pro
487 3137 577 3185 maiore
596 3136 694 3199 collega,
710 3137 778 3200 quod
794 3137 888 3186 durius
906 3134 1051 3193 videbatur,

91 3217 168 3253 meam
180 3215 205 3256 et
217 3211 267 3258 iam
286 3208 317 3256 P.
333 3207 453 3257 Merulae
467 3210 499 3270 qi.
514 3207 612 3256 maioris
626 3207 717 3269 collega
731 3208 836 3257 retinui.
875 3202 898 3270 ⁸)
912 3204 962 3253 Ed.
977 3218 997 3254 1.
1008 3205 1052 3255 bic

90 3275 198 3326 nondam
208 3281 343 3341 finiverunt
353 3279 492 3342 periodum
506 3285 621 3340 coeptam
634 3284 695 3326 tune
709 3294 725 3327 α
748 3293 769 3326 v.
781 3277 843 3340 quia.
882 3272 904 3342 ⁶)
919 3274 1052 3339 Intellipe:

89 3350 116 3389 at
128 3347 214 3397 eadem
228 3351 347 3413 auspicio
362 3363 413 3398 non
426 3346 527 3397 babent.
554 3344 574 3413 7)
589 3348 631 3395 sed
646 3348 731 3396 iustius
743 3348 817 3398 codd.
829 3346 887 3395 edd.
896 3344 938 3393 sed
949 3345 986 3393 ins
997 3347 1049 3394 eins

86 3417 242 3479 scripseram
255 3420 323 3470 libro
336 3434 391 3469 meo
407 3415 490 3468 ‘Sena
510 3414 587 3467 Tult’
603 3433 631 3480 p.
647 3428 695 3469 rot.
715 3418 772 3467 edd.
789 3429 809 3466 1.
830 3427 850 3466 s.
870 3416 913 3465 sed
927 3430 963 3465 ex
980 3422 1052 3465 ante-

87 3486 189 3537 cedente
197 3493 273 3541 litera
280 3498 383 3540 matum
392 3490 502 3539 videtur.
515 3488 554 3551 Os.
567 3488 618 3537 cte.
625 3489 657 3538 de
663 3488 737 3553 legib.
746 3498 793 3548 e,4.
803 3487 843 3548 qui
851 3493 940 3548 coenet,
951 3487 1052 3550 populus

86 3564 175 3621 creato,
189 3562 257 3626 eique
270 3562 307 3610 ins
322 3560 434 3610 onerandi
449 3560 512 3609 dato.
