2542 3909
282 224 340 260 vnn.
356 223 460 259 curren.
474 221 560 259 tvnnc.
575 221 758 258 consvnrarro.
774 203 807 258 II.
821 203 922 257 4-111.
938 208 960 255 1.
1032 202 1091 266 841

143 363 196 423 est,
212 352 285 426 quod
301 353 381 409 etiarn
398 354 422 408 si
444 352 568 407 mandato
598 352 691 407 uxoris
714 353 856 423 niteretur,
879 360 906 408 et
928 348 1097 407 fraudulenta

72 446 133 496 [⁷2³]
145 439 242 494 diuisio
259 437 303 492 uel
318 437 406 491 minus
421 434 540 509 aequalis
560 425 655 506 posse't
668 435 784 506 ostendi,
796 451 880 492 uacua
892 445 920 492 et
931 435 1015 491 inanis
1026 431 1096 507 'spe-

144 513 265 578 cialiter¹
287 528 449 576 remaneret.
489 515 520 574 4.
539 517 623 587 nude,
645 517 719 590 quod
740 520 798 574 sine
820 521 911 575 uxoris
934 518 1097 575 conscientia
1134 517 1141 542 s

144 606 256 660 maritus
279 603 377 660 dicitur
398 601 541 676 definisse3
569 601 675 675 qualem
698 603 798 675 poterit
820 601 867 673 (id)
891 602 989 658 babere
1011 604 1097 659 uirtu-

143 689 215 746 temi
230 696 277 744 aut
292 687 356 761 quid
374 686 484 759 ualebit,
504 702 566 742 eum
581 688 695 758 primum
711 680 806 742 ’boec²
820 685 950 758 refragari
961 685 1097 742 uoluerit?

141 769 171 829 5.
187 771 240 828 Sed
262 787 296 828 ne
311 771 383 828 sorte
403 762 549 844 dicat(ur):
571 767 711 842 ‘Amplexa
727 785 755 825 es
775 768 934 824 diuisionem
951 776 978 824 et
992 770 1098 841 acquie-

142 857 208 912 uisti
228 855 311 913 rebus
332 854 450 926 diuisis’,
471 853 691 928 respondendum
711 861 753 909 est
768 853 901 926 legaliter,
917 859 944 908 et
958 868 1008 926 pro
1024 855 1098 908 omni

143 941 261 996 ueritate
281 940 333 996 hoc
354 939 506 1012 specialiter
531 937 693 1007 babendum,
716 938 777 1010 quia
799 938 879 994 etiam
899 939 970 992 inter
984 937 1098 994 maiores

143 1039 274 1096 personas
291 1032 319 1079 et
329 1017 467 1096 'legales,³
477 1023 499 1076 si
511 1020 682 1078 fraudulenta
694 1019 790 1076 diuisio
803 1019 872 1076 iacta
883 1019 1023 1094 probetur,
1031 1019 1098 1094 legi·

144 1105 194 1162 bus
210 1106 383 1178 rescinditur,
399 1113 426 1162 et
447 1105 564 1161 aiudice
579 1104 678 1160 diuisio
694 1106 762 1178 ipsa,
778 1102 979 1160 aestimantibus
994 1106 1098 1177 magnis

145 1192 221 1262 uiris,
241 1191 273 1246 ad
290 1191 401 1247 meliora
415 1189 565 1258 reducitur,
580 1198 608 1244 et
623 1187 694 1246 lacta
709 1189 930 1262 compensatione
946 1185 1048 1244 tirmior
1059 1189 1098 1244 di·

144 1275 214 1329 uisio
230 1275 415 1342 constituitur,
439 1274 510 1329 sicut
525 1272 568 1327 len
588 1273 772 1345 infrascripta
788 1271 906 1328 euidenti
923 1270 1039 1328 lectione
1053 1271 1099 1329 de·

144 1357 236 1413 clarat.
265 1352 295 1413 6.
312 1356 349 1411 En
365 1371 481 1429 corpore
496 1355 610 1429 Gregor.
625 1355 695 1412 libro
711 1355 750 1411 tlt.
760 1349 789 1410 :⁴

187 1441 271 1514 lmpp.
283 1439 463 1496 Diocletianus
478 1447 506 1494 et
524 1439 694 1495 Maximianus
707 1440 760 1494 ΑΑ.
774 1439 898 1495 Aureliae
911 1438 1037 1496 Seuerae.
1058 1441 1099 1496 dn

187 1524 297 1595 diuisio,
320 1541 400 1599 quam
415 1525 466 1579 iam
481 1523 579 1580 iactam
607 1539 668 1579 esse
690 1525 838 1598 proponis,
861 1523 978 1580 conuelli
994 1521 1098 1594 debeat,

186 1617 277 1665 rector
291 1609 448 1683 prouinciae
463 1616 607 1682 praesente
628 1615 705 1682 parte
721 1607 828 1663 diuersa
843 1607 988 1680 diligenter
1003 1609 1099 1664 exami-

187 1692 277 1749 nabit:
294 1695 356 1748 etsi
371 1691 512 1748 lraudibus
529 1708 587 1748 eam
602 1708 658 1747 non
670 1693 789 1747 caruisse
803 1693 980 1765 perspexerit,
992 1691 1099 1765 quando

187 1775 266 1830 etiam
282 1775 428 1831 maioribus
449 1775 476 1829 ln
492 1791 633 1849 perperam
649 1775 726 1831 lactis
742 1772 919 1830 diuisionibus
933 1774 1020 1830 soleat
1035 1775 1099 1831 sub·

186 1859 284 1929 ueniri,
297 1857 371 1931 quod
384 1857 537 1930 improbum
552 1867 635 1931 atque
649 1857 826 1931 inaequaliter
845 1858 945 1915 lactum
961 1874 1021 1914 esse
1035 1874 1099 1915 con-

186 1943 297 2012 stiterit,
319 1943 345 1997 iu
368 1941 464 1997 melius
486 1940 650 1997 reformabit.
688 1941 738 1999 ΡΡ.
751 1940 826 1998 xvii.
844 1941 895 2001 lal.
914 1941 1046 2016 lul.'ipsis
1059 1941 1098 1998 tt.

186 2035 214 2082 et
228 2024 386 2082 Constantio
402 2023 443 2079 ill.
459 2019 547 2082 coss.⁵

228 2105 255 2165 t.
278 2109 345 2166 ltem
360 2108 411 2165 alia
425 2108 521 2165 eodem
536 2108 605 2166 libro
621 2116 649 2166 et
664 2124 793 2183 corpore:

186 2193 272 2266 lmpp.
288 2192 468 2250 Diocletianus
491 2201 520 2249 et
535 2192 707 2249 Maximianus
722 2194 777 2253 dd.
807 2194 942 2268 Aproniae
962 2193 1099 2251 llammae.

187 2275 215 2332 Si
232 2277 329 2332 diuisio
345 2278 416 2333 inter
432 2285 458 2332 te
473 2288 502 2332 et
516 2291 638 2333 sororem
651 2285 723 2332 tuam
739 2293 794 2332 non
810 2277 880 2333 hona
896 2274 948 2333 lide
963 2276 1032 2334 lacta
1047 2287 1100 2351 est,

189 2362 269 2416 etiam
292 2362 358 2416 citra
380 2360 534 2433 principalis
557 2362 737 2416 restitutionis
760 2361 904 2431 auxilium,
926 2361 999 2433 quod
1021 2361 1099 2418 etiam

188 2442 332 2501 maioribus
349 2444 430 2499 tribui
444 2443 526 2516 solet,
546 2443 579 2500 ad
594 2446 737 2516 aequitatis
759 2453 998 2518 temperamentum
1013 2445 1100 2501 relor·

187 2529 253 2583 mari
273 2535 375 2600 potest,
396 2535 458 2584 etc.
489 2526 589 2584 nevi.
604 2527 658 2584 iral.
674 2527 724 2587 lui.
740 2526 895 2584 ilarimiano
910 2527 941 2584 ll.
964 2538 992 2585 et
1008 2528 1100 2603 'tiqui-

187 2603 264 2667 lino⁸
278 2626 350 2667 coss.

228 2694 270 2749 lll.
286 2692 312 2751 1.
328 2695 421 2750 'lertio
434 2694 495 2751 loco
508 2695 552 2751 uel
564 2696 652 2768 capite
669 2695 891 2770 interrogandum
903 2713 945 2752 me
957 2696 1100 2771 specialius

145 2781 292 2850 censuisti,
315 2787 405 2836 utrum
427 2788 521 2835 cotrtra
543 2779 669 2835 iudicium
692 2779 724 2834 iri
752 2781 853 2852 possit,
874 2781 946 2853 quod
969 2781 1099 2837 aduersus

145 2863 269 2918 maritum
292 2865 319 2918 in
341 2880 421 2919 causa
442 2863 562 2920 mulieris
584 2865 660 2936 prius
682 2863 774 2918 datum
796 2870 847 2929 est,
871 2879 913 2928 eo,
930 2863 1004 2936 quod
1026 2881 1099 2920 man·

145 2946 209 3000 dato
233 2962 298 3001 usus
320 2947 403 3004 luerit
426 2948 517 3004 uxoris
545 2963 626 3017 suae,
649 2956 677 3003 et
690 2947 733 3002 'in
754 2963 833 3003 causa
855 2947 913 3020 ipsa
937 2949 1024 3004 uictus
1040 2948 1100 3004 abs·

145 3021 288 3097 cesserit,⁷
317 3038 345 3085 et
373 3041 468 3087 contra
494 3046 555 3086 eum
583 3030 710 3086 iudicium
732 3030 868 3104 prolatum
890 3029 980 3087 luerit.
1018 3031 1099 3088 ndat·

219 3194 238 3261 ¹)
253 3199 271 3246 i.
285 3213 308 3246 e.
323 3200 464 3248 certissime
483 3203 522 3249 oei
536 3216 571 3249 erc
588 3201 638 3250 dac
656 3201 765 3263 speciali
784 3214 871 3249 caasa.
946 3195 966 3266 ἵ)
981 3200 1026 3249 boc
1041 3202 1099 3250 edd.

147 3264 168 3333 ³)
183 3269 200 3320 i.
215 3283 236 3318 e.
252 3283 317 3332 quoe
332 3272 386 3334 ispe
400 3271 433 3318 de
451 3269 528 3320 rebus
545 3273 600 3320 suis
619 3271 792 3320 constituendi
811 3272 851 3319 ias
864 3267 965 3321 babent.
1022 3268 1044 3337 ¹)
1060 3272 1098 3334 Cf.

144 3339 176 3387 L.
191 3350 211 3390 a.
229 3338 254 3388 0.
270 3354 355 3389 comm.
371 3347 422 3389 atr.
437 3340 490 3389 iod.
501 3340 532 3406 (s,
543 3341 579 3407 so)
588 3348 613 3391 et
623 3342 725 3391 Haeret
738 3342 774 3390 ad
786 3340 830 3390 Gr.
844 3340 869 3391 0.
880 3357 908 3404 p.
919 3352 953 3392 st.
1000 3337 1021 3406 ⁸)
1038 3341 1099 3391 Cor-

144 3417 254 3473 ruptam.
282 3409 327 3459 Ec
345 3410 368 3459 J.
389 3410 414 3459 0.
431 3412 499 3474 ispe:
518 3413 578 3475 ipsis
592 3415 636 3462 tt.
653 3413 688 3462 tv.
704 3413 781 3462 etlll.
797 3427 860 3462 coss.
875 3411 944 3479 (290).
1019 3408 1101 3477 ⁰)Ec

143 3479 241 3530 Sodali.
261 3483 294 3544 ci.
313 3481 397 3545 Aquila
415 3482 473 3530 edd.
506 3481 556 3532 Est
573 3499 597 3534 a.
617 3495 664 3535 aso.
739 3480 802 3550 1)1ι.
822 3499 844 3533 e.
863 3491 923 3534 ante
941 3485 1100 3543 sententiam,

143 3569 219 3619 quam
232 3568 260 3602 se
273 3553 367 3601 victam
379 3553 495 3608 sentiret.
510 3553 667 3605 discesserit.
