2542 3909
156 237 218 302 632
457 255 594 290 srenuara
613 254 808 292 coerarrortvu.

155 379 231 432 teres
249 379 447 447 cognationum
469 377 572 447 gradus
593 376 687 431 verbis
709 392 849 446 exponere
872 376 919 430 vel
939 372 1113 446 imaginibus

155 445 297 498 illustrare
316 461 438 513 unquam
457 444 531 500 soliti
550 445 624 498 suni.
660 445 765 514 Legem
788 460 854 498 vero
876 443 956 498 illam
980 444 1111 499 ecelesia·

156 511 255 564 etioam
274 514 372 566 octavo
391 512 504 566 demum
521 511 615 565 seculo
631 512 661 564 in
679 527 766 579 regno
778 511 948 564 Franoonieo
959 511 1111 565 involuisse
1128 572 1133 582 ⁴

155 579 253 631 notum
272 581 323 645 est,
341 579 414 632 unde
432 597 484 633 nee
496 582 614 632 stemma
626 579 713 647 priori
725 579 846 646 tempori
858 578 995 647 assignari
1005 580 1122 654 potest.»

157 643 212 698 Sed
230 646 254 700 si
272 662 306 699 ea
324 647 358 700 da
377 662 462 701 eausa
479 646 560 700 nobis
578 646 607 698 id
626 645 813 699 omittendum
830 646 893 711 fuit,
905 661 962 698 non
975 647 1060 699 etiam
1072 647 1109 698 ab

155 712 189 764 iis
206 713 313 782 negligi
331 713 429 780 velim,
453 714 558 782 quide
582 715 719 781 graduum
742 713 953 780 computatione
976 713 1112 766 canoniea
1159 743 1162 746 -

156 781 326 900 mmaiffuff’
352 780 382 834 in
408 798 492 849 quam
518 797 577 833 rem
600 780 629 832 id
651 781 747 849 magni
769 781 905 834 momenti
927 795 998 845 esse,
1025 796 1112 834 nemo

155 862 211 900 non
228 865 257 901 vr
278 863 315 904 e.
561 861 569 869 ”

526 973 739 980 --.—..—--—

170 1095 420 1154 roboratiores
443 1097 592 1154 crr'rltntt
615 1099 657 1153 Ab
680 1096 817 1154 statilia
839 1093 1087 1156 COGNATIONVM.

229 1244 249 1314 1)
262 1249 342 1298 fratris
357 1255 397 1297 aut
410 1249 500 1297 sororis
515 1249 577 1298 filius
592 1255 632 1299 aut
646 1249 693 1298 lilia
707 1249 772 1298 Isid.
787 1249 845 1298 edd.
911 1244 932 1313 ²)
947 1248 989 1297 Ita
1005 1248 1111 1298 &atius

155 1325 180 1368 et
193 1318 292 1369 Isidori
305 1319 362 1370 edd.
373 1321 521 1382 pleraeque.
552 1318 609 1369 Otto
623 1326 705 1368 tamea
720 1335 754 1368 ex
763 1319 873 1368 Arenae·
882 1318 921 1367 ed.
936 1325 969 1377 et,
985 1326 1012 1368 ut
1024 1321 1110 1381 suspi-

155 1404 210 1447 σον,
225 1393 257 1452 ej.
273 1391 300 1438 iu
314 1390 363 1440 lroe
377 1392 461 1440 loculo
476 1391 561 1438 dedit:
574 1397 794 1453 patruusmagnas,
808 1391 881 1438 amita
893 1404 987 1451 magna,
1002 1404 1110 1438 auuncu-

155 1459 191 1507 lus
206 1474 312 1520 magnus‚
328 1467 453 1508 matertera
464 1475 557 1521 magna:
574 1476 638 1524 quae
652 1462 770 1525 vulparia
779 1468 818 1510 est
826 1460 903 1509 buius
909 1460 1011 1524 prades
1020 1462 1110 1522 appel·

155 1531 225 1579 latio.
254 1529 419 1587 Sedetalia,
434 1533 540 1594 quaein
558 1538 712 1594 aquatorum
725 1532 861 1594 personis,
880 1545 945 1594 quae
959 1532 1111 1594 parentium

156 1601 212 1649 loeo
226 1607 293 1656 sunt,
308 1601 423 1658 eundem,
438 1603 482 1663 qui
496 1602 522 1648 in
533 1601 687 1662 pareatibus
701 1603 814 1650 traditus
828 1608 897 1661 erut,
912 1615 1006 1650 morem
1019 1600 1108 1649 obser-

155 1669 238 1726 uabat,
253 1671 384 1719 constitisse
394 1685 505 1734 eumque,
520 1678 548 1719 ut
556 1679 688 1734 sequentes
697 1672 775 1720 buius
782 1673 887 1736 perieris
898 1673 1000 1736 paudus
1013 1677 1109 1719 testan-

155 1747 206 1797 tur,
220 1743 357 1789 stemmatis
370 1741 476 1790 buiusee
491 1748 583 1790 auctor
596 1749 699 1791 secutus
713 1758 767 1792 esse
780 1742 890 1791 uidetur.
938 1737 1053 1806 ⁹)batris
1067 1749 1110 1789 ant

155 1811 246 1859 sororis
260 1810 324 1860 Isid.
340 1812 397 1861 edd.
454 1808 475 1877 4)
489 1811 531 1860 Ita
547 1812 617 1861 Oaat.
632 1811 740 1879 (tantum
754 1819 882 1862 matertera
896 1827 942 1860 ma.
953 1827 1006 1874 pro
1020 1818 1111 1860 mater-

154 1887 205 1930 tera
219 1879 319 1947 maior);
334 1889 490 1947 propatruus,
505 1884 633 1944 proamita,
648 1883 836 1945 proaunneulus,
856 1889 1028 1945 promatertera
1043 1880 1108 1930 Ista.

155 1952 212 2001 edd.
236 1951 344 2001 Scilicet
358 1955 408 2000 iam
422 1952 527 2000 librarii
541 1955 698 2016 scripturam
712 1955 815 2018 uulgari
829 1954 1000 2015 appellationi
1008 1967 1110 2001 areom-

155 2023 328 2072 modaueraat.
393 2020 414 2086 6)
428 2024 566 2085 propriores
581 2023 645 2072 Isid.
660 2025 699 2071 ed.
718 2022 801 2072 Ottou.
853 2019 875 2086 ⁶)
890 2023 982 2071 sobrini
996 2022 1111 2070 sobrinae

155 2092 218 2141 Isid.
234 2094 291 2143 edd.
307 2093 442 2154 manifesto
457 2095 528 2142 uitio.
577 2091 596 2158 7)
612 2095 691 2141 fratris
707 2100 730 2141 et
744 2094 835 2141 sororis
850 2093 913 2142 Isid.
925 2093 982 2142 edd,
1030 2088 1110 2157 ⁸)Ita

156 2163 226 2212 Ceut.
243 2162 349 2228 (tautum
364 2169 484 2211 materter.
495 2179 546 2225 pro
560 2164 710 2228 matertera);
725 2164 862 2226 abpatruus,
877 2163 988 2224 abamita,
1002 2162 1110 2210 abauun-

155 2234 230 2294 oulus,
246 2235 402 2282 abmatertera
417 2234 456 2282 ed.
472 2233 535 2282 Isid.
553 2232 636 2283 Ottoa.
652 2250 686 2282 ea
701 2234 806 2282 Areoal.
821 2234 876 2289 ed.,·
891 2233 983 2298 ubique
998 2232 1042 2281 ad·
1055 2248 1110 2296 pro

154 2305 195 2352 ab·
211 2311 319 2353 ceterae.
384 2301 405 2368 9)
419 2311 562 2367 propatruus
577 2305 708 2366 proamitae
728 2303 779 2368 (oet
792 2302 934 2368 proamitae)
952 2303 1110 2366 proauunouli

155 2375 195 2422 tilii
211 2373 408 2440 (promaterterae
423 2375 483 2422 add.
494 2374 600 2423 Arevai.
616 2382 641 2424 et
653 2373 720 2439 Otto)
734 2375 796 2422 filiae
811 2373 875 2424 Isid.
887 2375 944 2423 edd.
993 2369 1026 2438 ¹⁰)
1035 2372 1109 2422 Seri-

150 2447 209 2508 psi:
225 2445 357 2506 Propatrui,
373 2443 511 2496 Proamitae.
537 2444 691 2494 Proauuneuli
705 2459 781 2507 nepos
795 2446 881 2507 neptis.
896 2445 921 2493 id
937 2451 973 2492 est
988 2444 1110 2504 sobrinus,

155 2515 250 2564 sobrina
263 2515 333 2564 Cant.
346 2515 476 2577 propatrui,
487 2515 626 2578 proamitae,
636 2515 790 2579 proauuneuli
801 2531 875 2578 nepos
886 2515 964 2578 neptis
974 2513 1038 2563 Isid.
1050 2513 1108 2562 edd.

158 2581 191 2648 ¹¹)
207 2585 357 2634 sobrinarum
373 2592 397 2632 et
411 2585 561 2634 sobrinarum
575 2586 618 2634 filii
633 2586 670 2634 ael
685 2586 746 2633 tiliae
761 2585 825 2635 Isid.
841 2586 898 2634 edd.
979 2580 1012 2649 ¹¹)
1028 2584 1110 2634 lratris

155 2661 180 2703 et
193 2656 284 2704 sororis
299 2654 363 2705 Isid.
378 2654 436 2703 edd.
