2542 3909
133 164 197 227 406
413 176 592 214 un111nsu1s.
612 158 658 217 IV.
677 166 821 220 lat-179.

135 330 224 380 autem
238 322 273 391 ei,
288 336 349 377 oum
361 336 416 394 quo
428 320 528 393 agitur,
545 327 592 375 aut
602 319 751 377 calumniae
761 321 889 377 iudicium
902 335 1042 392 opponere
1053 328 1102 376 aut

134 405 321 464 iusiurandum
336 406 455 479 exigere,
471 420 527 460 nou
537 403 686 461 calumniae
697 422 779 461 causa
793 422 884 479 agere.
916 398 1102 462 1770511515-

58 496 116 550 245.
135 494 206 555 rium
221 497 310 545 autem
325 488 453 545 iudicium
475 505 508 545 ex
527 489 609 545 certis
631 491 721 546 causis
742 481 969 559 ’constituitur,¹
995 481 1000 566 Ι
1024 488 1102 546 uelut

133 578 158 632 si
171 575 330 631 iniuriarum
345 583 452 649 agatur,
467 575 529 630 etsi
540 590 602 629 cunr
615 574 728 631 muliere
740 591 773 630 eo
783 575 893 631 nomine
903 581 1011 647 agatur,
1024 572 1101 646 quod

132 652 272 717 ’dicotur2
295 660 397 716 uentris
420 659 529 715 nomine
555 659 583 713 in
611 661 814 731 possessionem
836 660 918 715 missa
940 658 1005 714 doio
1027 656 1099 714 maio

134 744 167 802 ad
182 744 263 806 alium
278 744 479 818 possessionem
496 739 679 817 transtulisse,
694 745 760 800 etsi
776 746 838 817 quis
853 760 887 800 eo
903 744 1012 800 nomine
1026 751 1101 815 agat,

133 830 208 904 quod
223 830 303 899 (licat,
319 845 379 885 sca
393 836 520 902 praetore
535 828 563 883 in
578 829 781 900 possessionem
797 829 909 884 missum
924 827 958 883 ab
973 827 1028 883 aiio
1044 843 1100 900 quo

133 914 279 971 admissum
290 930 344 971 non
356 930 425 969 esse.
457 913 506 969 sed
518 911 649 968 aduersus
660 913 820 969 iniuriarum
831 913 941 987 quidem
954 905 1100 968 ’actiones³

132 1000 252 1056 decimae
273 1000 359 1072 partis
374 998 463 1070 datur,
484 996 616 1053 aduersus
633 1013 700 1052 uero
720 997 787 1053 duas
802 999 869 1053 istas
885 999 1004 1071 quintae.
1035 991 1099 1052 178.

133 1084 261 1140 Seuerior
284 1091 373 1138 autem
396 1083 525 1139 coercitio
549 1090 591 1137 est
615 1083 846 1155 percontrarium
868 1082 1011 1138 Iudicium:
1034 1098 1101 1136 nom

133 1169 282 1225 calumniae
303 1167 403 1223 iudicio
422 1166 461 1224 ’x.
477 1160 584 1239 partts⁴
606 1182 686 1222 nemo
709 1166 856 1223 damnatur
877 1167 930 1222 nisi
952 1167 998 1240 qui
1019 1165 1100 1221 intei-

132 1252 211 1327 legit,
223 1268 279 1308 non
290 1260 364 1309 recte
375 1268 405 1307 se
417 1267 509 1325 agere,
521 1250 569 1307 sed
581 1250 696 1307 uexandi
707 1251 855 1307 aduersarii
868 1252 955 1325 gratia
964 1251 1101 1307 actionem

134 1335 266 1407 instituit,
289 1337 437 1410 potiusque
459 1351 491 1391 er
512 1334 608 1391 iudicis
624 1352 718 1392 errore
733 1336 777 1393 uel
795 1337 941 1409 iniquitate
956 1335 1100 1392 uictoriam

133 1429 224 1495 sperat
240 1436 321 1494 quarn
336 1436 369 1475 es
384 1436 464 1475 causa
480 1420 616 1475 ueritatis:
639 1420 774 1477 calumnia
788 1422 859 1477 enim
880 1422 909 1476 in
923 1420 1032 1477 adiectu
1045 1427 1100 1489 cst,

133 1507 203 1561 sicut
219 1503 282 1560 iurti
298 1506 415 1568 crimen:
431 1504 568 1560 contrario
585 1520 651 1559 uero
670 1504 770 1561 iudicio
786 1504 942 1561 omnimodo
958 1504 1101 1561 damnatur

133 1596 225 1658 actor,
249 1590 272 1644 si
287 1603 393 1643 causam
409 1604 464 1643 non
480 1588 609 1660 tenuerit,
632 1586 696 1643 licet
716 1588 807 1663 aliqua
823 1590 955 1663 opinione
969 1588 1099 1645 inductus

132 1672 292 1760 crediderit,
322 1688 351 1729 se
378 1681 453 1728 recte
480 1688 574 1745 agere.
617 1666 680 1728 lta.
707 1672 804 1747 Vtique
831 1682 922 1729 autern
945 1689 977 1729 ex
1000 1672 1099 1746 qmbus

131 1808 252 1858 adsertor
265 1807 419 1871 simpliciter
433 1805 562 1856 libertatis
572 1806 670 1856 vindex
679 1807 788 1871 dicitur,
803 1823 877 1871 quem
887 1808 929 1857 ius
939 1808 1014 1857 cioiie
1028 1808 1098 1855 alias

131 1895 182 1930 noo
196 1885 289 1930 onerat
302 1885 327 1928 et
343 1878 458 1927 deterret
470 1877 518 1927 sed
531 1879 602 1927 iuvat
616 1876 654 1943 (1.,
668 1878 713 1939 15).
740 1876 809 1937 Quid
821 1893 884 1943 erpo
899 1880 954 1927 est?
972 1876 1098 1928 Standum

130 1951 233 2016 quidem
250 1951 278 1999 io
293 1950 440 1999 uniuersum
459 1950 486 1997 in
500 1950 659 1999 auctoritate
677 1948 706 1997 V
705 1944 734 2007 2‘,
756 1965 803 1998 nec
816 1956 901 1998 tomen
916 1950 993 1999 etiam
1007 1950 1035 1997 in
1048 1948 1101 1999 boc'

131 2021 207 2071 uerbo
231 2019 457 2086 acquiescendum,
481 2020 529 2069 sed
545 2022 599 2069 sive
618 2035 654 2069 eac
672 2022 836 2070 correctione
854 2022 908 2069 sioe
931 2035 967 2069 ex
984 2020 1098 2070 rectiore

131 2099 229 2143 tontum
242 2094 351 2142 tectione
364 2090 541 2149 scribendum,
562 2098 588 2141 ot
603 2106 672 2140 nunc
684 2090 748 2153 feci,
763 2087 1006 2158 adstip(uia)itorem,
1026 2094 1097 2156 q'uem

131 2180 208 2213 amum
221 2170 246 2215 et
258 2165 352 2224 solum,
372 2164 416 2228 qui
433 2164 536 2211 atienae
550 2163 592 2211 rei
605 2160 638 2210 ab
659 2162 735 2212 initio
751 2163 808 2211 soto
823 2164 953 2211 volontate
968 2177 1017 2211 sua
1031 2169 1055 2211 et
1069 2163 1098 2210 in

129 2236 216 2285 stricti
234 2236 302 2285 iaris
316 2235 417 2299 nepotio
432 2240 545 2282 actorem
559 2234 641 2297 mapis
655 2247 731 2297 quom
745 2232 900 2282 creditorem
913 2234 1098 2282 secundariam

129 2320 157 2355 se
176 2307 309 2365 immiscet,
334 2306 457 2368 cuiusque
476 2304 643 2352 temeritatem
662 2304 739 2353 etiam
757 2304 812 2353 otia
831 2306 934 2354 ratione
958 2306 999 2353 ius
1021 2305 1097 2356 civite

130 2378 269 2442 insigniter
288 2382 390 2426 coercet
404 2374 440 2440 (5,
456 2384 503 2425 215.
518 2371 578 2438 215).
600 2389 628 2423 se
648 2374 797 2433 immiscuit,
812 2376 904 2425 mirum
915 2376 1003 2439 foret,
1017 2377 1042 2424 si
1056 2377 1097 2423 ius

130 2448 207 2497 civite
226 2446 370 2496 calumniae
389 2445 533 2493 convictum
552 2459 602 2493 noo
621 2445 715 2493 durius
734 2461 809 2510 qaam
828 2453 929 2497 ceteros
949 2452 1096 2497 tractasset.

203 2513 224 2582 ¹)
239 2516 319 2565 Posse
335 2515 419 2578 fuisse
438 2515 615 2563 constituuntur
629 2530 680 2565 mon
699 2517 814 2565 constitui
832 2524 924 2581 potest,
946 2515 1035 2567 Stans
1050 2518 1095 2566 ait.

132 2588 186 2637 Nec
204 2586 286 2637 scribi
300 2593 386 2650 potest
404 2586 559 2635 constitutum
573 2594 621 2646 est,
641 2603 698 2637 cam
717 2586 799 2636 Gaius
817 2588 850 2637 de
863 2589 949 2638 edicto
959 2589 1097 2651 praetoris

130 2660 207 2707 etiam
218 2665 343 2722 perpetuo
357 2671 457 2721 semper
468 2656 528 2719 fere
542 2655 578 2722 (et
592 2659 672 2721 recte)
687 2660 809 2722 loquatur
825 2660 961 2722 praesenti
974 2666 1095 2721 tempore,

127 2730 243 2793 sortasse
262 2744 323 2778 cero
337 2743 390 2791 pro
408 2728 493 2791 spatio
512 2728 659 2778 addendam
677 2728 785 2795 ed(ioto).
850 2725 872 2793 ¹)
886 2729 931 2779 Eoo
948 2728 1039 2780 Giscb.
1054 2730 1094 2779 ed.

131 2800 224 2849 dicetur
240 2799 266 2849 0.
281 2800 320 2848 ed.
335 2798 383 2865 39.
449 2794 471 2864 Β)
487 2799 554 2847 a'buis
571 2798 597 2849 G.
617 2800 736 2849 actionem
750 2800 808 2851 edd.
825 2799 880 2850 Sed
888 2808 975 2863 potest
989 2800 1096 2864 defendi

130 2872 237 2921 actiones
256 2886 290 2920 eoo
310 2870 387 2919 Pani.
406 2882 432 2933 5,
450 2882 471 2920 4.
490 2882 560 2921 6-8.
617 2867 640 2937 ⁴)
658 2870 797 2937 Intellepe:
819 2879 843 2921 et
864 2872 921 2935 ipso
940 2873 1042 2937 quidem
1060 2872 1097 2921 ad

130 2944 259 2992 ratioimom
277 2941 311 2991 Χ.
321 2942 419 3005 partis,
433 2941 522 2992 sedeo
537 2949 584 2991 eto.

130 3049 162 3097 D.
178 3050 210 3099 de
225 3050 301 3099 iarei.
316 3054 366 3113 (12,
381 3045 412 3113 2).
436 3047 468 3098 t.
485 3060 518 3098 11.
538 3049 562 3109 §-
578 3059 597 3097 1.
617 3047 650 3097 D.
665 3062 719 3097 rer.
733 3055 809 3098 amot,
824 3047 875 3115 (25,
889 3048 921 3115 2).
941 3050 973 3102 L.
987 3060 1006 3102 5.
1023 3051 1047 3112 ξ.
1062 3061 1097 3100 15.

130 3120 265 3185 D.deop.
281 3126 393 3169 omont.
410 3115 501 3185 (55,1).
517 3117 548 3166 L.
565 3131 631 3181 apr.
652 3118 684 3167 D.
698 3119 730 3168 de
744 3120 837 3170 domm
852 3121 902 3184 ins.
915 3119 961 3187 (55,
976 3119 1008 3187 2).
1027 3120 1059 3172 L.
1075 3133 1095 3173 9.

133 3191 158 3241 0.
174 3191 206 3240 de
224 3190 277 3239 reb.
297 3191 369 3241 cred.
388 3186 471 3255 (1,1).
493 3189 546 3237 Cic.
562 3204 614 3252 pro
634 3188 710 3239 Roso.
732 3189 798 3240 Oonr.
814 3193 883 3255 lfin.
956 3188 983 3260 ξ
1001 3194 1059 3244 177.
1075 3192 1096 3241 si

131 3258 215 3329 iniun]
236 3261 270 3324 cf.
292 3261 367 3309 Poui.
388 3270 413 3321 5,
427 3270 448 3309 t.
468 3260 491 3321 §-
508 3270 541 3309 11.
561 3259 592 3310 L.
608 3270 643 3310 15.
667 3260 699 3308 Ι).
719 3260 751 3309 de
770 3263 851 3311 iniur.
871 3262 981 3327 (15,15).
1004 3263 1096 3311 sicum

131 3329 243 3399 muliere]
258 3332 293 3395 of.
308 3332 347 3379 tit.
362 3330 395 3378 D.
410 3331 435 3378 si
449 3336 531 3378 oeotr.
546 3344 611 3380 nom.
625 3332 685 3378 mat.
700 3329 750 3394 (25,
764 3330 796 3398 5).
819 3333 885 3397 quod
899 3333 963 3382 dicat
977 3347 1004 3381 sc
1018 3349 1033 3382 a
1046 3334 1095 3397 pm]

131 3403 166 3465 cf.
186 3404 224 3452 tit.
245 3402 276 3451 l).
297 3416 328 3450 ne
346 3402 386 3449 cis
400 3401 450 3462 fiat
468 3401 505 3458 ei,
524 3415 548 3463 q.
563 3400 591 3447 im
607 3414 679 3463 poss.
695 3400 786 3467 (151).
854 3400 880 3471 ξ
897 3404 957 3454 178.
973 3403 1012 3466 Os,
1027 3405 1061 3453 L.
1075 3418 1096 3455 1.

130 3474 170 3533 ὃς.
186 3486 206 3523 1.
221 3484 241 3523 5.
256 3482 277 3521 c
298 3471 329 3519 D.
345 3468 440 3520 odSO.
463 3468 541 3533 turp.
558 3466 607 3534 (ts,
622 3468 667 3536 15).
686 3471 718 3521 t.
734 3484 754 3523 s.
776 3472 802 3523 Ο.
821 3474 853 3523 de
872 3475 983 3523 column.
998 3473 1033 3539 (5,
1049 3474 1096 3541 ao).

131 3538 199 3609 turti]
215 3542 249 3604 of.
265 3554 286 3604 5,
301 3552 347 3595 tta.
407 3536 433 3608 ᾗ.
450 3542 508 3593 tte.
526 3539 563 3603 Of.
578 3542 600 3603 §-
616 3552 663 3593 tao.
