2542 3909
323 154 426 190 noman
444 154 550 190 vasum
568 137 601 205 (i)
619 153 718 190 emon.
736 155 772 190 oa
789 153 851 190 lvss
869 153 945 190 esses.
1045 136 1106 202 637

84 291 145 339 [⁵8⁹]
222 277 634 358 annsnnnntcapsropossit.l
1119 282 1215 331 totta.

220 364 246 424 1.
269 367 366 424 Heredi
381 369 449 438 eius,
465 367 521 440 'qui
535 363 650 441 capere²
664 372 669 436 Ι
684 384 740 426 non
755 377 873 442 poterat,
888 367 1031 425 deferendi
1043 376 1047 434 1
1061 384 1111 440 po·
1131 352 1198 400 ‘⁰¹³¹

157 460 242 509 testas
251 467 380 508 concessa
393 444 485 524 (ποιι)8
499 460 552 524 est,
568 453 621 510 nisi
634 456 662 510 si
671 447 800 519 ositendi⁴
814 455 913 527 possit,
929 454 987 508 eius
1002 452 1111 510 'uolun-

158 531 246 594 tatis⁵
261 545 267 598 t
283 535 431 592 decessisse
446 535 624 610 defunctum,
641 541 647 605 Ι
663 546 694 593 ut
708 536 814 594 deferre
829 552 859 592 se
874 532 984 594 uellet.⁶
999 544 1005 601 t
1134 539 1147 580 ⁶

220 617 248 681 2.
271 613 435 696 ⁷Antequam
459 622 520 694 quis
542 620 574 676 ab
597 621 651 679 slio
673 620 836 691 desolentur,
863 623 923 694 ipse
945 619 1148 688 cenetensem

158 705 253 776 debet,
276 704 341 760 siiss
364 721 425 760 soro
442 713 447 766 1
463 705 493 760 ad
511 705 635 761 auxilium
656 705 807 770 deletiotnis
823 705 955 778 confugit.
1001 705 1113 776 quodsi

159 807 209 864 per
225 798 230 850 t
246 804 366 844 errorem
381 805 410 845 se
425 788 576 861 detuletric,
599 789 665 846 nihil
680 792 705 846 ei
728 787 814 845 officit
833 788 1039 856 intoonsidereta
1053 788 1149 845 dili-1⁵

159 875 285 948 gentici

221 955 249 1015 3.
274 950 331 1012 8lus
345 965 452 1030 patrum
468 973 523 1014 non
539 959 692 1029 minuitur,
710 959 734 1013 si
748 975 777 1013 se
792 959 821 1013 is.
831 956 943 1028 deferat,
964 957 1011 1030 qui
1028 964 1032 1020 Ι
1049 955 1113 1012 soli·

159 1043 222 1098 dum
236 1041 272 1104 id,
288 1041 361 1114 quod
377 1041 509 1110 solicitum
525 1051 577 1114 est,
593 1058 689 1115 aspere
701 1057 755 1097 nou
768 1047 871 1114 potest.
907 1050 981 1097 satae
996 1033 1034 1095 si⁹
1049 1044 1149 1112 post²⁰

158 1126 228 1182 diem
244 1126 427 1192 contesiimum
442 1135 533 1199 patres
554 1126 684 1183 caducum
699 1129 705 1194 Ι
723 1125 878 1197 uindicem,
901 1126 1011 1180 omnino
1027 1132 1033 1185 t
1048 1121 1113 1178 fisco

158 1210 234 1266 locus
250 1225 306 1266 non
321 1202 402 1266 est.¹⁰
419 1217 424 1270 Ι

221 1290 251 1349 4.
274 1292 302 1348 Si
323 1308 353 1348 se
375 1294 398 1348 is
420 1292 532 1358 deforet,
556 1295 599 1349 cui
621 1293 720 1360 tscii'te
738 1297 870 1350 relictum
885 1298 937 1364 est,
951 1289 1216 1363 praeminmsoeoln·

155 1371 256 1448 fert.¹¹
273 1380 277 1442 Ι

221 1459 266 1520 4⁸.
278 1459 457 1518 'Emerenon
467 1467 585 1533 potesta
594 1466 749 1534 prouincia
759 1466 794 1534 is,
803 1465 854 1534 qui
860 1463 888 1517 ei
895 1451 1114 1531 praeest,¹²nec

158 1547 213 1603 noa
221 1545 425 1618 consideratur,
433 1547 680 1618 quiseontralhat:
691 1556 810 1602 ceterum
817 1547 903 1618 siper
909 1546 1113 1615 'interpositam

159 1645 301 1703 personam
315 1623 604 1701 comparassei¹³rem
617 1633 910 1705 arguatur,ciumnum
921 1632 925 1698 Ι
932 1632 1046 1700 patitur
1057 1627 1114 1682 eius
1137 1635 1151 1676 t

234 1803 254 1872 ¹)
268 1821 302 1856 ex
317 1806 366 1855 Kr.
381 1807 420 1855 ed.
435 1809 510 1856 initio
524 1821 614 1857 uersus
626 1804 865 1873 *i(‘?)nq(?)u(?)o(?)t
880 1803 938 1855 0¹&
967 1805 1058 1854 Fuisse
1071 1818 1114 1852 su·

159 1880 248 1942 spicer
262 1877 374 1925 duntaxat
391 1876 477 1926 Antea
490 1878 533 1926 luia
547 1891 637 1926 uersus
651 1879 731 1927 iectus
748 1891 800 1926 non
814 1884 879 1925 erat.
912 1875 975 1925 Tota
987 1875 1115 1923 sententia

157 1949 255 2012 fuerit:
270 1944 394 2010 ‘Deserre
407 1962 434 1996 se
446 1954 531 2010 potest
544 1954 570 1996 et
582 1949 614 2004 is,
625 1950 670 2011 qui
679 1948 789 1996 solidum
798 1949 874 2010 cepit,
889 1947 1003 2009 quamuis
1013 1951 1115 2007 partem

161 2019 291 2068 duntaxat
305 2031 390 2080 capere
404 2019 490 2080 possit.
565 2014 585 2082 ἵ)
599 2033 634 2066 ecc
648 2017 698 2066 Kr.
713 2017 752 2065 ed.
766 2018 791 2064 ui
805 2031 819 2064 e
833 2017 886 2065 uita
899 2011 1003 2065 aedens'
1019 2014 1113 2064 Boeois.

159 2089 299 2138 seeundum
312 2087 418 2136 Lucium.
433 2101 464 2136 ne
480 2095 541 2152 apta
555 2088 656 2151 quidem
669 2088 803 2136 sententia.
831 2087 871 2149 qui
887 2088 939 2149 quit
952 2099 1042 2148 cepere
1056 2085 1113 2133 edd.

160 2173 230 2208 meae
244 2172 264 2210 1.
279 2169 299 2207 t.
318 2157 365 2207 sed
383 2159 484 2208 litteras
503 2159 524 2206 e'
544 2159 584 2222 qui
603 2173 694 2208 errore
712 2159 837 2220 repetitas
855 2155 982 2204 librarius
1000 2155 1114 2205 induxit.

160 2231 199 2279 De
209 2243 238 2278 re
249 2229 284 2291 os.
294 2228 325 2277 L.
337 2239 370 2278 ss.
382 2244 425 2291 pr.
440 2231 480 2290 ξ).
491 2240 512 2279 1.
522 2241 542 2279 e.
553 2240 574 2279 s.
584 2240 617 2279 1o.
632 2229 664 2276 L.
675 2238 709 2279 ιε.
724 2229 746 2288 ξ.
757 2239 778 2278 o.
796 2227 830 2276 D.
839 2227 872 2276 de
882 2229 933 2275 iun.
945 2227 1005 2288 fisci
1014 2223 1059 2290 (to,
1069 2224 1114 2291 tt).

161 2296 183 2364 8)
203 2299 314 2348 Addidit
332 2313 367 2348 eta
384 2297 487 2348 Saoinii
505 2301 538 2362 ρ).
558 2299 607 2347 Kr.
626 2299 666 2349 ed.
685 2298 753 2347 Ante
771 2314 793 2346 o.
813 2308 834 2346 2.
862 2294 931 2360 ‘Ipsi
948 2303 1046 2346 tantum
1063 2311 1115 2345 nan

161 2367 247 2420 etiam'
264 2371 440 2432 suppleverunt
454 2370 512 2419 edd.
526 2382 546 2419 ι.
562 2381 582 2418 u.
642 2366 664 2433 ⁴)
679 2368 711 2417 In
727 2365 784 2418 CK'.
803 2367 847 2417 Itie
857 2368 995 2430 perforato
1009 2373 1055 2415 aut
1068 2367 1115 2415 nisi

161 2442 184 2491 si
197 2440 291 2490 ostendi
304 2447 350 2490 aut
358 2439 405 2488 nisi
415 2439 526 2488 hostendi
536 2446 620 2504 potest
631 2439 722 2502 fuisse.
776 2435 797 2504 ⁶)
811 2438 844 2486 In
855 2438 881 2486 0.
895 2439 1020 2500 seriptum
1031 2437 1116 2499 fuisse

157 2519 224 2576 puta
241 2511 344 2572 uolunt,
364 2512 437 2559 utin
458 2510 523 2559 Gaio
543 2517 629 2572 potest.
649 2531 683 2551 =
701 2516 819 2572 potestate
838 2515 885 2558 ete.
913 2508 952 2571 Of.
971 2507 1067 2570 Pupin.
1087 2509 1115 2556 in

163 2581 253 2630 Coliat.
268 2592 289 2643 o,
304 2592 324 2632 o.
339 2588 364 2630 et
382 2581 414 2630 L.
428 2592 455 2633 tu
469 2579 516 2646 (46)
526 2597 570 2644 pr.
594 2580 626 2628 D.
642 2581 674 2629 de
687 2595 745 2644 nep.
758 2587 822 2644 pest.
838 2578 873 2644 (s,
887 2577 919 2644 ὅ).
984 2575 1005 2644 ⁰)
1020 2577 1114 2628 Boeels.

160 2657 263 2701 secutus
281 2651 387 2701 haalim.
403 2665 454 2714 pro
474 2653 613 2700 uoluntatis
628 2651 695 2714 fecit
714 2652 827 2715 uiporis,
844 2665 896 2712 pro
915 2651 990 2700 uellet
1009 2652 1114 2698 ualeret.

162 2722 250 2787 Neque
263 2723 324 2772 nera
339 2722 508 2780 Hadrianus,
527 2737 561 2770 an
576 2723 705 2784 potuerit,
724 2722 823 2770 sedan
841 2722 951 2770 noluerit
969 2720 1115 2782 defunctus,

161 2794 254 2857 quaeri
267 2795 356 2856 voluit,
370 2809 450 2857 neque
461 2794 525 2855 fiseo
539 2793 585 2840 sed
598 2793 689 2841 heredi
702 2793 819 2840 iniunxit
829 2791 1014 2854 probationem.
1034 2791 1066 2839 L.
1081 2803 1115 2842 18.

161 2866 185 2925 ς.
200 2873 221 2915 5.
235 2863 268 2912 D.
284 2863 316 2912 ib.
387 2861 408 2928 7)
425 2863 463 2926 tif.
479 2863 510 2910 L.
526 2873 552 2913 ss
562 2877 605 2925 pr.
625 2864 649 2923 ξ.
664 2874 697 2913 1o.
718 2862 750 2913 L.
765 2873 785 2912 s.
804 2865 828 2924 §-
843 2874 864 2913 τ.
887 2862 920 2910 D.
940 2862 971 2910 de
990 2863 1042 2910 iun.
1060 2863 1115 2923 fise.

161 2932 206 2999 (to,
222 2931 266 2998 ιι).
332 2931 353 2999 ⁸)
370 2933 408 2996 Cf.
426 2933 483 2983 Gai.
498 2945 519 2991 e,
534 2944 581 2984 eoo.
595 2943 642 2983 son.
658 2943 705 2984 ese.
729 2932 784 2996 tltp.
799 2946 820 2990 1.
835 2943 869 2984 ει,
884 2943 919 2989 so,
933 2943 967 2982 ιτ.
1031 2926 1054 2996 ⁹)
1068 2933 1115 2980 nisi

160 3002 243 3052 scribi
256 3005 310 3053 uult
324 3003 373 3053 Kr.
388 3005 460 3053 male.
515 3001 546 3068 ¹⁰)
563 3003 627 3052 Nam
642 3005 709 3052 alias
720 3005 801 3066 fiscus
814 3017 832 3051 a
845 3004 977 3066 deferente
990 3003 1116 3052 sesaitem

161 3073 296 3122 dimidium
309 3073 391 3123 habet.
442 3070 476 3139 ιι)
490 3073 535 3122 Ad
546 3076 697 3124 sententiam
704 3075 830 3138 supplevi,
844 3080 873 3122 ut
881 3079 1029 3136 appareret,
1039 3074 1116 3122 etiam

161 3150 305 3206 sequentem
322 3145 346 3205 §-
361 3159 439 3207 posse
457 3153 527 3194 reate
545 3147 686 3207 suppletam
704 3159 765 3194 esse.
793 3142 923 3206 Scriptum
937 3143 1021 3206 fuisse
1035 3150 1116 3205 puta:

162 3214 264 3264 relictui
278 3206 367 3274 imium
382 3216 444 3274 tert!
474 3215 512 3278 Cf.
528 3215 559 3264 L.
571 3227 604 3266 18.
619 3217 642 3277 ξ.
653 3228 674 3266 ι.
693 3215 725 3265 D.
736 3216 768 3265 de
781 3217 834 3264 tur.
846 3216 902 3277 fise.
917 3211 962 3278 (aa,
973 3211 1017 3277 14).
1044 3212 1115 3272 Quae

161 3283 257 3334 Buccis.
268 3287 415 3349 proposuit,
430 3293 481 3336 tres
496 3299 586 3335 nersnts
600 3288 733 3350 complent,
747 3301 813 3350 quae
826 3299 873 3349 epo
887 3284 945 3333 edd.
961 3297 981 3335 1.
996 3294 1026 3344 2.,
1041 3283 1114 3332 duos.

162 3355 201 3404 De
211 3356 295 3406 edicto
310 3356 342 3405 D.
361 3355 471 3405 Traiani
484 3371 545 3406 uero
559 3358 680 3406 inmunte
689 3359 717 3406 in
726 3373 777 3407 non
788 3354 992 3420 eapienteJGtus
1001 3354 1115 3403 dixerut.

164 3422 198 3490 ¹¹)
218 3426 314 3477 Vocum
334 3423 364 3476 ‘e
378 3424 534 3490 prouincia’
555 3426 639 3494 (epu-st)
656 3430 765 3493 oestipia
781 3434 921 3491 supersunt
938 3427 966 3475 in
986 3421 1044 3475 0¹³.

165 3492 198 3562 ¹⁸)
214 3497 300 3549 Etiam
312 3498 360 3549 ios
373 3498 439 3548 duos
452 3513 542 3548 uersas
555 3513 624 3548 nunc
638 3514 673 3549 ea
688 3497 738 3549 ΟΠ*
750 3499 860 3549 restitui.

1082 3585 1103 3623 0
