2542 3909
155 224 220 290 332
435 240 496 278 otu
515 242 617 277 neem.
635 223 684 282 ΙΙΙ.
704 227 844 277 tet-18⁷.

156 385 249 443 uerius
273 383 398 453 uidetur,
426 385 498 440 sieut
519 383 634 440 inierius
658 383 807 459 apparebit.
850 379 917 440 184.
940 381 1121 456 Manifestum

156 468 263 524 lurtum
280 468 389 541 quidam
403 467 430 523 id
446 484 507 524 esse
522 468 659 542 dixerunt,
675 467 825 542 quoddam
838 465 877 537 iit,
894 466 1121 540 deprehenditur:

156 551 204 609 alli
218 568 285 608 uero
301 551 427 628 ulterius,
449 553 523 626 quod
538 569 571 609 eo
591 553 652 610 loeo
674 552 902 629 deprehenditur,
919 551 964 606 ubi
981 549 1027 624 fit,
1046 551 1122 608 uelut

156 640 179 692 si
194 639 222 692 in
237 637 343 693 oliaeto
359 636 508 707 oliaarum,
532 639 559 692 iu
581 640 673 694 uiueto
689 653 802 695 uuarum
827 637 929 692 lurtum
951 635 1051 692 laetum
1070 646 1121 708 est,

157 720 284 794 quamdiu
305 722 332 775 tn
352 736 385 776 eo
408 721 512 777 oliaeto
535 731 582 778 aut
605 725 697 778 uineto
719 723 764 778 lur
784 723 834 790 sit3
859 729 905 776 aut
920 721 942 775 si
964 714 1070 777 'stratil
1094 722 1122 776 in

156 805 238 861 domo
254 805 357 861 lurtum
373 805 533 877 iaetum'sit,
550 807 677 880 quamdiu
692 809 720 863 in
736 821 766 863 ea
782 805 863 861 domo
886 805 929 860 iur
944 806 994 860 sit:
1017 804 1062 861 alii
1077 805 1122 860 ad·

154 888 209 946 hue
224 889 341 946 ulterius
356 888 504 963 ’caiusque
520 884 591 952 reti²
605 891 777 948 menifestum
793 889 896 946 lurtum
909 905 969 945 esse
985 890 1120 959 dixerunt,

155 973 242 1030 donee
262 966 464 1047 ’perterretur-³
479 991 523 1046 eo,
545 993 601 1048 quo
616 975 738 1049 perierre
760 975 805 1030 iur
819 974 997 1030 destinasset:
1018 973 1061 1030 alii
1077 973 1122 1028 ad·

154 1057 207 1114 hue
222 1057 350 1133 ulterius,
368 1057 532 1132 quandoque
545 1076 603 1115 eam
615 1075 672 1116 rem
686 1059 730 1115 iur
742 1070 839 1117 tenens
851 1060 926 1114 uisus
938 1058 1035 1132 fuerit3
1053 1074 1122 1132 quae

154 1143 289 1198 sententia
305 1158 360 1197 non
379 1144 512 1216 optinuit:
534 1152 577 1199 set
593 1153 621 1200 et
636 1143 745 1200 illorum
761 1145 906 1213 sententia,
926 1144 971 1216 qui
987 1143 1122 1198 existima-

154 1234 272 1298 uerunt,
295 1225 383 1282 donee
404 1221 606 1300 ’perferretar⁸
621 1245 670 1300 eo,
694 1247 748 1303 quo
765 1228 810 1283 lur
824 1228 1005 1298 destinasset,
1028 1227 1122 1302 depre-

157 1309 272 1364 hensum
290 1309 392 1366 lurtum
410 1311 582 1368 manifestum
598 1330 673 1384 esse,
696 1314 757 1370 ideo
775 1330 830 1370 uon
848 1320 852 1374 Ι
870 1311 979 1367 uidetur
1000 1311 1120 1386 probari,

84 1396 142 1445 tit.
157 1393 231 1466 quod
254 1410 378 1468 maguam
401 1397 497 1468 recipit
519 1395 733 1470 dubitationem,
761 1391 873 1453 utrum⁴
890 1389 894 1470 Ι
910 1397 990 1453 unius
1013 1396 1066 1452 diei
1089 1411 1122 1451 au

156 1479 237 1534 etiam
260 1478 379 1552 plurium
402 1478 506 1534 dierum
529 1482 617 1554 spatio
641 1481 667 1536 id
690 1481 888 1538 terminandum
912 1483 962 1550 sit3
992 1480 1066 1554 quod
1088 1497 1121 1536 eo

153 1563 288 1635 pertinet,
312 1564 373 1634 qaia
395 1579 475 1637 saepe
490 1565 518 1620 in
534 1564 592 1621 aliis
608 1565 763 1656 ciuitatibus
779 1575 927 1639 surreptas
942 1581 986 1620 res
1007 1567 1035 1620 ia
1056 1564 1121 1620 alias

155 1647 280 1702 ciuitates
297 1646 340 1701 uel
363 1647 391 1701 in
415 1647 479 1702 alias
502 1650 658 1722 prouincias
681 1649 818 1706 destinant
840 1650 915 1706 iures
931 1648 1065 1723 perierre:
1088 1664 1121 1704 ex

153 1729 257 1785 duabus
279 1731 371 1803 itaque
387 1731 575 1804 superioribus
597 1732 770 1807 opinionibus
787 1734 916 1790 alterutra
939 1731 1120 1807 adprobatum

152 1815 238 1888 magis
260 1822 350 1870 tamen
371 1815 495 1889 plerique
516 1819 699 1889 posteriorem
719 1818 846 1892 probant.
882 1815 947 1875 1ee.
969 1815 1023 1873 Nee
1039 1817 1122 1874 mani-

152 1897 253 1954 lestum
269 1897 373 1955 lurtum
388 1894 492 1973 'quod⁶
508 1901 560 1974 sit,
583 1918 616 1958 ea
630 1903 679 1974 ils,
703 1919 771 1976 quae
789 1902 914 1972 diximus,
937 1901 1121 1977 intellegitur:

152 1999 214 2038 uam
237 1979 312 2056 quod
327 1983 499 2040 maniiestum
515 2001 570 2042 non
590 1994 642 2059 est,
665 1987 692 2042 id
708 2003 758 2043 neo
781 1985 953 2042 manifestum
977 1995 1028 2048 est.
1057 1981 1121 2043 186.

152 2066 318 2141 Conceptum
337 2068 440 2124 lurtum
462 2067 570 2141 dieitur,
595 2087 655 2127 eum
679 2071 750 2145 apud
769 2071 885 2145 aliquem
906 2070 1022 2127 testibus
1042 2081 1188 2146 prae-1253]

150 2151 273 2208 sentibus
303 2151 404 2209 lurtiaa
427 2170 472 2210 res
501 2157 623 2227 quaesita
647 2162 675 2211 et
704 2157 815 2212 inuenta
838 2163 894 2211 est:
925 2170 986 2212 nam
1008 2157 1035 2211 in
1059 2171 1119 2211 euru

151 2238 261 2312 propria
277 2241 350 2294 aetio
366 2237 515 2293 constituta
532 2246 585 2309 est,
606 2239 732 2312 quamuis
748 2239 793 2294 iur
807 2255 862 2294 non
878 2241 923 2310 sit,
945 2256 1013 2313 quae
1029 2240 1120 2314 appel·

151 2319 224 2376 latur
239 2323 373 2393 concepti.
408 2315 473 2378 187.
490 2319 614 2379 Oblatum
630 2321 733 2380 lartum
749 2323 858 2396 dieitur,
882 2339 942 2379 oum
958 2339 1002 2379 res
1018 2323 1119 2380 iurtiaa

151 2403 199 2459 tibi
215 2402 354 2477 abaliquo
370 2403 459 2460 oblata
475 2407 520 2475 sit,
541 2422 627 2481 eaque
649 2408 723 2480 apud
742 2415 768 2463 te
785 2416 914 2481 concepta
930 2409 981 2476 sit3
1005 2400 1120 2481 utique⁶

151 2489 174 2542 si
189 2502 220 2543 ea
236 2495 326 2543 mente
342 2487 402 2543 data
414 2485 464 2543 tibi
477 2487 570 2563 iuerit,
586 2498 618 2546 ut
632 2493 707 2564 apud
722 2498 748 2546 te
763 2493 946 2565 potiusquam
959 2492 1030 2565 apud
1046 2507 1118 2562 eum,

152 2571 199 2645 qul
214 2570 331 2643 dederit,
347 2574 553 2645 conciperetur:
575 2590 636 2630 nam
655 2573 717 2646 tibi,
737 2573 808 2649 apud
825 2590 905 2649 quem
921 2585 1052 2649 concepta
1067 2583 1119 2645 est,

226 2702 246 2770 ¹)
261 2707 308 2755 tasi
324 2706 349 2756 0.
378 2703 431 2756 W.
452 2722 504 2771 pro
523 2708 571 2758 tab.
587 2707 638 2773 (oet
652 2709 715 2760 tabe
730 2711 771 2760 ael
789 2709 858 2774 qaod
877 2724 945 2759 nano
959 2715 988 2758 at
1007 2707 1118 2758 librario

150 2779 235 2826 minas
246 2779 376 2842 eopnitam
385 2780 466 2828 maim
475 2778 555 2842 strati)
570 2787 599 2829 at
607 2787 682 2844 pato.
702 2781 761 2830 edd.
771 2782 904 2838 omittant,·
918 2780 964 2830 sed
973 2779 1040 2829 ande
1055 2777 1118 2827 tasi?

150 2856 175 2898 et
189 2849 266 2897 etiam
281 2849 308 2897 ia
318 2849 528 2899 antecedentibus
537 2852 664 2914 exemptis
673 2853 722 2910 ret,
737 2867 803 2916 qaae
814 2852 889 2915 sarto
904 2851 991 2901 ablata
1001 2856 1046 2908 eet,
1062 2865 1118 2898 eam

150 2921 204 2970 loei
217 2926 314 2968 natare
329 2920 493 2970 cohaerentis
505 2920 586 2970 Gaiae
597 2923 748 2972 mentionem
755 2923 832 2986 facit.
888 2918 910 2986 ²)
925 2920 971 2971 Sic
985 2921 1118 2986 dependam

146 2997 220 3054 pato,
235 2993 350 3055 quamvis
364 2993 391 3041 in
411 2987 457 3040 Vit
465 3007 517 3056 pro
529 2993 623 3055 priore
632 3007 694 3042 oooe
708 2994 790 3058 maqis
805 3007 910 3056 eousque
920 3007 975 3042 esse
985 2992 1104 3042 videatur
1109 3008 1119 3046 ,·

152 3063 178 3110 in
193 3061 243 3112 bae
257 3062 325 3111 enim
339 3063 462 3125 opinione
476 3077 527 3112 non
542 3062 686 3126 referebat,
702 3070 730 3112 at
739 3066 766 3112 in
777 3066 880 3126 priore,
895 3063 1040 3113 cuiusmodi
1053 3069 1119 3112 esset

96 3129 104 3146 ⁰
150 3147 194 3182 ree
205 3133 281 3196 sarto
295 3131 390 3183 ablata.
420 3149 448 3182 eo
463 3147 539 3197 usque
553 3133 649 3198 absque
663 3135 698 3183 rei
713 3135 770 3185 edd.
786 3135 833 3186 sed
847 3136 882 3198 ef.
889 3141 982 3197 postea
992 3147 1044 3184 eam
1059 3148 1117 3182 rem.

150 3211 175 3253 et
189 3206 306 3254 ooaeatto
321 3206 349 3254 ia
363 3204 413 3253 bae
427 3205 549 3268 opinione
562 3206 684 3270 pancrati
697 3205 774 3255 verbo
789 3207 879 3254 alitor.
906 3204 1027 3255 Fortasse
1042 3206 1119 3254 etiarn

146 3290 199 3339 pro
214 3290 243 3324 eo
258 3290 333 3338 usque
348 3275 530 3339 teqendaneest
539 3276 663 3339 cuiusque.
721 3272 741 3338 ³)
754 3277 874 3339 perferret
885 3275 910 3327 Ο.
921 3276 980 3325 edd.
1036 3272 1059 3340 ⁴)
1073 3275 1119 3324 Ee

113 3404 117 3414 ¹
156 3341 208 3395 Vssi.
230 3345 268 3408 Of.
285 3342 394 3395 ‘Gaiae’
409 3361 435 3408 p.
450 3357 498 3396 102.
555 3342 576 3410 ὅ)
592 3345 864 3412 quidInst.Diq.edd.
922 3342 943 3411 θ)
959 3346 1079 3409 uelutique
1092 3345 1118 3394 G.

222 3447 418 3519 §§.184.1eo.
444 3451 483 3514 Cf.
502 3451 587 3516 Epio,
607 3450 685 3510 Inet,
706 3451 798 3510 Paret,
821 3451 883 3502 Geli.
899 3454 925 3501 u.
942 3468 979 3502 eo.
1000 3452 1032 3504 L.
1047 3463 1117 3504 8-8.

150 3521 310 3641 gehqqpppt
325 3519 370 3586 (tt,
385 3519 416 3586 t).
490 3518 534 3590 ἓξ.
551 3524 701 3575 teo-188.
717 3545 750 3565 =
765 3524 788 3585 ς.
798 3536 819 3574 t.
839 3521 861 3571 I.
878 3520 1005 3589 ib.(t,1).
1027 3523 1066 3586 Of.
1082 3523 1119 3572 ibi
