2542 3909
177 223 240 288 664
392 244 452 279 uos.
473 245 505 280 ss
522 244 582 280 aou.
602 244 818 282 xauvu‘coxasr.
840 227 871 281 V.
891 233 915 280 3.

175 388 287 489 suorum
310 373 450 444 multatur,
472 390 522 430 nec
537 382 727 432 testamentum
743 376 767 431 ei
782 389 813 430 ex
829 376 928 431 maiore
949 382 1026 448 parte
1041 374 1131 432 iacere

174 455 246 512 licet.

260 539 1131 617 Hwfflmmmmmwmmwwm

175 619 1130 700 Moysisimperatorislheodosiicoustssutio²adple·

174 723 248 763 num
271 716 390 764 secuta
413 712 656 781 cognoscitur:

238 785 1130 868 mmmwmmmfflmfflmmm

173 875 343 932 Theodosius
367 884 394 931 et
416 876 544 932 Arcadius
567 878 643 933 tlt.
675 877 708 933 ad
729 876 878 932 Orientium
900 877 1030 934 uicarium
1053 877 1130 934 urbis

172 959 281 1017 Romae.
325 958 350 1017 t.
375 959 434 1016 Non
455 962 573 1034 patimur
595 961 689 1018 urbem
711 962 829 1028 Romam,
852 962 986 1017 uirtutum
1009 963 1130 1018 omnium

173 1050 294 1115 matrem,
317 1044 418 1100 diutius
440 1043 593 1100 ’effeminati
614 1047 641 1101 in
659 1047 731 1101 uiros
753 1038 881 1116 pudoris⁴
902 1047 1130 1101 contaminatione

174 1126 285 1198 foedari,
307 1136 335 1182 et
357 1135 465 1201 agreste
487 1128 553 1183 illud
576 1130 701 1201 apriscis
723 1127 909 1184 conditoribus
930 1129 1021 1200 robur,
1044 1129 1130 1185 fracta

173 1210 291 1266 molliter
312 1206 406 1284 'pube⁵
426 1221 576 1283 tenuatum,
599 1214 751 1268 conuicium
766 1212 880 1267 saeculis
896 1212 941 1268 uel
955 1212 1126 1268 conditorum
1141 1231 1206 1280 [aaa]

172 1296 314 1368 inrogare,
337 1296 381 1350 uel
404 1297 570 1368 principum,
593 1295 693 1352 Orienti
716 1296 863 1351 ’karissime
877 1312 907 1351 ac
921 1289 1131 1352 iucundissime⁶

173 1377 259 1434 uobis.
302 1375 331 1436 2.
354 1378 496 1435 Laudanda
525 1381 610 1451 igitur
639 1380 802 1452 experientia
823 1386 871 1434 tua
894 1396 1001 1455 ornnes,
1030 1379 1128 1452 quibus

173 1461 323 1533 flagitiosus
353 1462 430 1517 luxus
460 1471 502 1517 est
529 1462 606 1518 uirile
634 1478 733 1535 corpus
760 1462 928 1519 muliebriter
950 1465 1128 1520 constitutum

178 1546 257 1602 alieni
273 1561 353 1600 sexus
369 1544 492 1600 damnare
507 1545 644 1617 patientia,
660 1545 780 1618 nihilque
794 1546 940 1602 discretum
954 1547 1052 1603 babere
1068 1563 1129 1603 cum

173 1631 279 1686 leminis
292 1621 462 1701 occupatos‚⁷
480 1637 509 1683 ut
521 1628 616 1701 flagitii
627 1632 716 1703 poscit
729 1631 868 1684 inmanitas
881 1639 963 1703 atque
977 1625 1129 1705 ’(odium)‚⁸

173 1711 295 1770 omuibus
309 1712 431 1782 eductos,
447 1711 530 1784 pudet
542 1712 642 1784 dicere,
658 1715 780 1768 uirorum
792 1713 974 1786 lupanaribus,
988 1723 1130 1787 spectante

173 1796 274 1872 populo
298 1793 411 1851 llammis
434 1794 583 1852 uindicibus
606 1796 736 1870 expiabit:
761 1806 792 1853 ut
814 1798 934 1853 uniuersi
956 1799 1129 1871 intellegant,

172 1888 373 1937 sacrosanctum
395 1881 501 1936 cuuctis
524 1896 583 1936 esse
606 1879 704 1937 debere
729 1882 876 1954 hospitium
904 1882 991 1938 uirilis
1013 1885 1127 1952 animae,

172 1981 222 2022 nec
239 1966 297 2020 sine
311 1980 417 2020 summo
433 1964 567 2040 supplicio
583 1965 698 2022 alienum
713 1968 848 2038 expetisse
862 1981 966 2036 sexum,
986 1967 1033 2038 qui
1047 1981 1129 2020 suum

173 2051 290 2123 turpiter
312 2048 482 2163 perdidisset.
526 2049 606 2122 Prop.
630 2050 717 2122 pridie
739 2048 778 2107 ld.
793 2047 872 2104 llaias
887 2049 986 2105 liomae
1007 2050 1035 2104 in
1057 2050 1130 2104 atrio

173 2132 317 2191 Mineruae.

428 2212 530 2276 Explicit
543 2212 625 2261 titulus
641 2213 670 2261 de
685 2213 868 2276 stupratoribus.

348 2321 386 2328 ,--.

246 2387 266 2455 ¹)
280 2389 339 2438 Hoc
352 2391 391 2438 sio
406 2391 532 2453 intellepe,
547 2396 575 2438 ut
588 2395 613 2437 et
627 2404 691 2452 quae
700 2390 842 2438 sententiae
852 2395 877 2438 et
886 2404 952 2453 quae
962 2389 1053 2439 mortis
1066 2395 1129 2438 tem·

171 2476 235 2525 pore
249 2459 354 2517 babeat,
369 2474 455 2509 eorum
470 2459 577 2508 dimidia
593 2474 660 2520 pars
675 2459 831 2522 publicetur.
859 2455 918 2509 'Hoc
931 2458 1053 2508 Seuerum
1066 2474 1128 2509 cou-

172 2532 294 2587 stituisse,
309 2543 344 2578 era
359 2529 448 2578 Zosim.
464 2541 484 2592 1,
499 2541 519 2578 8.
535 2531 595 2578 licet
609 2531 739 2594 collipere.
766 2529 881 2579 Ceterum
896 2529 930 2592 cs.
946 2527 1079 2578 Scbrader
1093 2529 1131 2578 ad

174 2601 237 2650 Inst.
249 2615 277 2663 p.
293 2609 339 2649 ⁷58.
406 2595 426 2663 ²)
445 2597 514 2658 Quae
529 2605 615 2648 exstat
629 2599 661 2646 L.
676 2611 696 2650 o.
720 2599 764 2648 lb.
781 2599 807 2649 0.
822 2600 858 2647 od
871 2601 919 2665 lep.
935 2599 985 2647 Iul.
1000 2599 1032 2648 de
1046 2600 1127 2649 adult.

173 2671 203 2736 (a,
214 2667 245 2735 t),
259 2669 306 2718 sed
320 2670 412 2718 omissa
423 2670 445 2730 ξ.
457 2681 476 2718 1.
493 2677 578 2718 cetera
592 2676 653 2718 sunt
666 2677 770 2719 mutata.
819 2667 839 2734 ⁸)
854 2668 912 2718 Hoc
921 2671 978 2719 sine
988 2668 1065 2719 dubio
1076 2684 1128 2719 non

175 2741 312 2790 Gottectori
320 2739 368 2787 sed
376 2739 494 2788 librariis
504 2739 617 2796 debetur,
628 2742 740 2802 capitum
747 2739 960 2803 fabricatoribus.
977 2739 1015 2802 Cf.
1026 2739 1130 2788 Haenel

173 2811 208 2860 ad
225 2809 269 2858 Tb.
282 2809 307 2858 C.
319 2825 347 2872 p.
359 2821 404 2860 846.
457 2806 479 2874 ⁴)
493 2812 581 2858 iaia
596 2812 693 2873 intepri
706 2812 826 2874 corporis
839 2811 976 2860 masculini
989 2810 1025 2859 ad
1038 2812 1127 2859 mutie-

173 2881 230 2930 bria
245 2896 261 2929 a
275 2881 341 2929 uiris
350 2881 476 2943 patienda
486 2882 617 2943 praestiti.
642 2880 714 2944 Erpa
728 2881 794 2930 nibil
808 2881 962 2930 mutandum.
1014 2878 1035 2944 ⁶)
1050 2878 1126 2930 uel.

175 2951 292 3014 Gotbofr.
313 2953 345 3014 ej.
365 2951 433 3013 plebe
448 2949 479 3002 B,
500 2951 556 3000 edd.
576 2951 642 3012 ploro
662 2951 704 2999 Vi.
723 2952 792 3014 pleue
812 2951 856 3000 Ve.
922 2947 944 3017 ⁰)
958 2949 1003 2998 Eae
1016 2948 1062 3013 B.,
1083 2951 1129 3014 qui

173 3030 223 3072 tam
236 3022 280 3072 bio
294 3037 368 3085 quam
383 3023 409 3069 ia
425 3022 511 3070 indice
526 3023 638 3084 capitum
652 3036 702 3071 non
718 3036 776 3082 agua
791 3021 878 3082 babet,
892 3023 938 3070 sed
951 3022 1032 3078 acius,
1048 3036 1127 3084 prae.-

173 3093 276 3142 cedente
289 3093 305 3140 lx
320 3093 346 3140 in
360 3093 458 3155 bopitis
468 3092 669 3155 desipaationem
679 3099 781 3141 mutato.
807 3090 885 3142 Recte
895 3093 1081 3154 interpretatos
1090 3097 1128 3140 est

173 3163 342 3212 Mommsenus
356 3162 395 3211 ed.
408 3163 446 3225 fr.
464 3162 548 3212 Vatia.
560 3177 588 3224 p.
599 3174 646 3213 aas.
661 3162 701 3210 Bi.
717 3163 773 3211 ed..⁴
785 3162 823 3210 uir
838 3163 969 3211 carissime.
1022 3159 1043 3225 7)
1058 3160 1126 3209 Edu.

172 3239 231 3282 ante
245 3240 374 3295 occupatos
384 3247 479 3282 comma
490 3239 599 3295 ponunt,
614 3235 690 3296 quasi
700 3233 729 3281 id
736 3233 897 3296 sipniflearet
906 3248 923 3282 a
932 3248 1009 3281 manu
1019 3231 1129 3280 militari

172 3309 268 3366 captos.
301 3301 354 3350 Sed
370 3302 418 3352 boc
438 3305 465 3352 in
484 3304 573 3365 quovis
592 3304 701 3364 capitali
722 3303 830 3352 crimine
849 3305 956 3367 culpare
975 3316 1025 3350 non
1040 3303 1128 3364 poscit

170 3373 266 3436 flapa'tii
280 3373 432 3421 immanitas.
466 3372 502 3420 At
514 3377 614 3434 spectat
628 3374 777 3422 constitutio
792 3387 849 3429 eoa,
864 3374 909 3436 qui
923 3374 949 3421 ia
963 3373 1012 3421 boc
1024 3371 1128 3435 flagitio

171 3443 292 3504 occupati
304 3447 371 3500 suat,
386 3449 414 3490 ut
424 3443 513 3505 palam
528 3447 659 3504 quaestum
673 3443 733 3491 inde
744 3443 855 3504 faciant.
908 3439 928 3506 ⁸)
945 3442 1002 3491 Hoc
1016 3441 1047 3491 ob
1057 3442 1127 3489 simi-

177 3511 304 3559 ''tudiaem
317 3514 447 3574 sequentis
461 3512 531 3560 uocis
545 3511 651 3560 eccidit.
703 3509 725 3576 ⁹)
740 3524 823 3563 afsto.
845 3512 882 3562 De
895 3512 1085 3574 subscriptione
1100 3512 1128 3559 ia

236 3579 261 3628 0.
277 3581 381 3628 diversa
395 3582 445 3629 uid.
459 3580 483 3630 J.
502 3579 618 3644 Gotbofr.
634 3588 659 3630 et
672 3582 780 3631 Haenel.
