<?xml version="1.0" encoding="UTF-8"?>
<!DOCTYPE html PUBLIC "-//W3C//DTD XHTML 1.0 Transitional//EN"
    "http://www.w3.org/TR/xhtml1/DTD/xhtml1-transitional.dtd">
<html xmlns="http://www.w3.org/1999/xhtml" xml:lang="en" lang="en">
 <head>
  <title>
</title>
<meta http-equiv="Content-Type" content="text/html;charset=utf-8" />
  <meta name='ocr-system' content='tesseract 3.04.00' />
  <meta name='ocr-capabilities' content='ocr_page ocr_carea ocr_par ocr_line ocrx_word'/>
</head>
<body>
  <div class='ocr_page' id='page_1' title='image "./iurisprudentiae01huscgoog_0149.png"; bbox 0 0 2542 3909; ppageno 0'>
   <div class='ocr_carea' id='block_1_1' title="bbox 476 204 1089 261">
    <p class='ocr_par' dir='ltr' id='par_1_1' title="bbox 476 204 1089 261">
     <span class='ocr_line' id='line_1_1' title="bbox 476 204 1089 261; baseline 0.003 -16"><span class='ocrx_word' id='word_1_1' title='bbox 476 210 606 247; x_wconf 69' lang='lat' dir='ltr'><strong>usuros</strong></span> <span class='ocrx_word' id='word_1_2' title='bbox 624 210 742 247; x_wconf 68' lang='lat' dir='ltr'><strong>sununs.</strong></span> <span class='ocrx_word' id='word_1_3' title='bbox 1027 204 1089 261; x_wconf 78' lang='lat'><strong>125</strong></span> 
     </span>
    </p>
   </div>
   <div class='ocr_carea' id='block_1_2' title="bbox 125 335 1093 497">
    <p class='ocr_par' dir='ltr' id='par_1_2' title="bbox 125 335 1093 497">
     <span class='ocr_line' id='line_1_2' title="bbox 125 335 1093 410; baseline 0 -17"><span class='ocrx_word' id='word_1_4' title='bbox 125 336 205 394; x_wconf 87' lang='lat' dir='ltr'><strong>utilia</strong></span> <span class='ocrx_word' id='word_1_5' title='bbox 220 338 334 410; x_wconf 77' lang='lat' dir='ltr'><strong>cognitu</strong></span> <span class='ocrx_word' id='word_1_6' title='bbox 348 353 437 410; x_wconf 89' lang='lat' dir='ltr'><strong>neque</strong></span> <span class='ocrx_word' id='word_1_7' title='bbox 450 336 594 393; x_wconf 85' lang='lat' dir='ltr'><strong>iniucunda</strong></span> <span class='ocrx_word' id='word_1_8' title='bbox 607 338 654 410; x_wconf 91' lang='lat' dir='ltr'><strong>qui</strong></span> <span class='ocrx_word' id='word_1_9' title='bbox 665 336 758 410; x_wconf 80' lang='lat' dir='ltr'><strong>legere</strong></span> <span class='ocrx_word' id='word_1_10' title='bbox 770 335 855 409; x_wconf 87' lang='lat' dir='ltr'><strong>uolet,</strong></span> <span class='ocrx_word' id='word_1_11' title='bbox 871 339 992 395; x_wconf 90' lang='lat' dir='ltr'><strong>inueniet</strong></span> <span class='ocrx_word' id='word_1_12' title='bbox 1002 336 1093 393; x_wconf 86' lang='lat' dir='ltr'><strong>Sabini</strong></span> 
     </span>
     <span class='ocr_line' id='line_1_3' title="bbox 125 413 1092 497; baseline 0 -20"><span class='ocrx_word' id='word_1_13' title='bbox 125 422 236 492; x_wconf 90' lang='lat' dir='ltr'><strong>librum,</strong></span> <span class='ocrx_word' id='word_1_14' title='bbox 260 422 303 477; x_wconf 91' lang='lat' dir='ltr'><strong>cui</strong></span> <span class='ocrx_word' id='word_1_15' title='bbox 318 421 414 477; x_wconf 90' lang='lat' dir='ltr'><strong>titulus</strong></span> <span class='ocrx_word' id='word_1_16' title='bbox 429 428 472 477; x_wconf 90' lang='lat' dir='ltr'><strong>est</strong></span> <span class='ocrx_word' id='word_1_17' title='bbox 487 421 521 477; x_wconf 86' lang='lat' dir='ltr'><strong>de</strong></span> <span class='ocrx_word' id='word_1_18' title='bbox 535 413 646 477; x_wconf 87' lang='lat' dir='ltr'><strong>iurtis.¹</strong></span> <span class='ocrx_word' id='word_1_19' title='bbox 678 420 708 475; x_wconf 91' lang='lat' dir='ltr'><strong>ln</strong></span> <span class='ocrx_word' id='word_1_20' title='bbox 724 437 778 494; x_wconf 89' lang='lat' dir='ltr'><strong>quo</strong></span> <span class='ocrx_word' id='word_1_21' title='bbox 794 421 822 477; x_wconf 91' lang='lat' dir='ltr'><strong>id</strong></span> <span class='ocrx_word' id='word_1_22' title='bbox 837 438 947 497; x_wconf 90' lang='lat' dir='ltr'><strong>quoque</strong></span> <span class='ocrx_word' id='word_1_23' title='bbox 961 423 1092 495; x_wconf 89' lang='lat' dir='ltr'><strong>scriptum</strong></span> 
     </span>
    </p>
   </div>
   <div class='ocr_carea' id='block_1_3' title="bbox 126 504 1094 1165">
    <p class='ocr_par' dir='ltr' id='par_1_3' title="bbox 126 504 1094 1165">
     <span class='ocr_line' id='line_1_4' title="bbox 127 504 1092 579; baseline -0.001 -18"><span class='ocrx_word' id='word_1_24' title='bbox 127 513 181 576; x_wconf 88' lang='lat' dir='ltr'><strong>est,</strong></span> <span class='ocrx_word' id='word_1_25' title='bbox 204 504 279 577; x_wconf 89' lang='lat' dir='ltr'><strong>quod</strong></span> <span class='ocrx_word' id='word_1_26' title='bbox 295 504 379 579; x_wconf 84' lang='lat' dir='ltr'><strong>uolgo</strong></span> <span class='ocrx_word' id='word_1_27' title='bbox 394 507 562 579; x_wconf 88' lang='lat' dir='ltr'><strong>inopinatum</strong></span> <span class='ocrx_word' id='word_1_28' title='bbox 577 513 630 576; x_wconf 88' lang='lat' dir='ltr'><strong>est,</strong></span> <span class='ocrx_word' id='word_1_29' title='bbox 651 520 706 561; x_wconf 91' lang='lat' dir='ltr'><strong>non</strong></span> <span class='ocrx_word' id='word_1_30' title='bbox 724 504 864 561; x_wconf 87' lang='lat' dir='ltr'><strong>hominum</strong></span> <span class='ocrx_word' id='word_1_31' title='bbox 885 513 989 561; x_wconf 88' lang='lat' dir='ltr'><strong>tautum</strong></span> <span class='ocrx_word' id='word_1_32' title='bbox 1005 521 1092 578; x_wconf 90' lang='lat' dir='ltr'><strong>neque</strong></span> 
     </span>
     <span class='ocr_line' id='line_1_5' title="bbox 126 588 1092 665; baseline -0.002 -20"><span class='ocrx_word' id='word_1_33' title='bbox 126 606 220 645; x_wconf 88' lang='lat' dir='ltr'><strong>rerum</strong></span> <span class='ocrx_word' id='word_1_34' title='bbox 235 589 412 665; x_wconf 85' lang='lat' dir='ltr'><strong>mouentium,</strong></span> <span class='ocrx_word' id='word_1_35' title='bbox 428 605 497 663; x_wconf 84' lang='lat' dir='ltr'><strong>quae</strong></span> <span class='ocrx_word' id='word_1_36' title='bbox 512 589 613 645; x_wconf 77' lang='lat' dir='ltr'><strong>auferri</strong></span> <span class='ocrx_word' id='word_1_37' title='bbox 628 588 734 644; x_wconf 83' lang='lat' dir='ltr'>occulte</span> <span class='ocrx_word' id='word_1_38' title='bbox 749 597 777 644; x_wconf 90' lang='lat' dir='ltr'><strong>et</strong></span> <span class='ocrx_word' id='word_1_39' title='bbox 787 588 891 662; x_wconf 86' lang='lat' dir='ltr'>subripi</span> <span class='ocrx_word' id='word_1_40' title='bbox 903 597 1029 663; x_wconf 77' lang='lat' dir='ltr'><strong>possunt,</strong></span> <span class='ocrx_word' id='word_1_41' title='bbox 1044 588 1092 645; x_wconf 90' lang='lat' dir='ltr'><strong>sed</strong></span> 
     </span>
     <span class='ocr_line' id='line_1_6' title="bbox 127 671 1093 747; baseline -0.001 -19"><span class='ocrx_word' id='word_1_42' title='bbox 127 672 206 728; x_wconf 82' lang='lat' dir='ltr'><strong>fundi</strong></span> <span class='ocrx_word' id='word_1_43' title='bbox 228 688 338 746; x_wconf 91' lang='lat' dir='ltr'><strong>quoque</strong></span> <span class='ocrx_word' id='word_1_44' title='bbox 360 681 388 728; x_wconf 90' lang='lat' dir='ltr'><strong>et</strong></span> <span class='ocrx_word' id='word_1_45' title='bbox 407 672 512 728; x_wconf 84' lang='lat' dir='ltr'><strong>aedium</strong></span> <span class='ocrx_word' id='word_1_46' title='bbox 526 671 585 729; x_wconf 83' lang='lat' dir='ltr'><strong>fieri</strong></span> <span class='ocrx_word' id='word_1_47' title='bbox 600 672 718 740; x_wconf 84' lang='lat' dir='ltr'><strong>lurtum3</strong></span> <span class='ocrx_word' id='word_1_48' title='bbox 741 673 968 747; x_wconf 76' lang='lat' dir='ltr'><strong>condempnatum</strong></span> <span class='ocrx_word' id='word_1_49' title='bbox 983 688 1093 746; x_wconf 86' lang='lat' dir='ltr'><strong>quoque</strong></span> 
     </span>
     <span class='ocr_line' id='line_1_7' title="bbox 127 755 1093 830; baseline 0 -19"><span class='ocrx_word' id='word_1_50' title='bbox 127 757 196 812; x_wconf 88' lang='lat' dir='ltr'><strong>lurti</strong></span> <span class='ocrx_word' id='word_1_51' title='bbox 209 755 349 827; x_wconf 88' lang='lat' dir='ltr'><strong>colonum,</strong></span> <span class='ocrx_word' id='word_1_52' title='bbox 365 758 412 829; x_wconf 91' lang='lat' dir='ltr'><strong>qui</strong></span> <span class='ocrx_word' id='word_1_53' title='bbox 426 755 521 827; x_wconf 83' lang='lat' dir='ltr'><strong>lunio,</strong></span> <span class='ocrx_word' id='word_1_54' title='bbox 544 772 624 830; x_wconf 90' lang='lat' dir='ltr'><strong>quem</strong></span> <span class='ocrx_word' id='word_1_55' title='bbox 640 755 816 827; x_wconf 77' lang='lat' dir='ltr'><strong>conduxerat,</strong></span> <span class='ocrx_word' id='word_1_56' title='bbox 840 756 962 829; x_wconf 86' lang='lat' dir='ltr'><strong>uendito,</strong></span> <span class='ocrx_word' id='word_1_57' title='bbox 984 772 1093 829; x_wconf 90' lang='lat' dir='ltr'><strong>posses·</strong></span> 
     </span>
     <span class='ocr_line' id='line_1_8' title="bbox 127 838 1092 914; baseline 0.001 -19"><span class='ocrx_word' id='word_1_58' title='bbox 127 842 206 896; x_wconf 88' lang='lat' dir='ltr'><strong>sione</strong></span> <span class='ocrx_word' id='word_1_59' title='bbox 217 840 276 895; x_wconf 88' lang='lat' dir='ltr'><strong>cius</strong></span> <span class='ocrx_word' id='word_1_60' title='bbox 294 838 432 896; x_wconf 88' lang='lat' dir='ltr'><strong>dominum</strong></span> <span class='ocrx_word' id='word_1_61' title='bbox 448 842 658 897; x_wconf 89' lang='lat' dir='ltr'><strong>interuertlsset.</strong></span> <span class='ocrx_word' id='word_1_62' title='bbox 681 841 770 913; x_wconf 80' lang='lat' dir='ltr'><strong>Atque</strong></span> <span class='ocrx_word' id='word_1_63' title='bbox 781 839 808 895; x_wconf 90' lang='lat' dir='ltr'><strong>id</strong></span> <span class='ocrx_word' id='word_1_64' title='bbox 820 842 907 908; x_wconf 84' lang='lat' dir='ltr'><strong>etiam,</strong></span> <span class='ocrx_word' id='word_1_65' title='bbox 922 840 994 913; x_wconf 86' lang='lat' dir='ltr'><strong>quod</strong></span> <span class='ocrx_word' id='word_1_66' title='bbox 1006 842 1092 914; x_wconf 82' lang='lat' dir='ltr'><strong>magis</strong></span> 
     </span>
     <span class='ocr_line' id='line_1_9' title="bbox 127 922 1092 997; baseline -0.001 -18"><span class='ocrx_word' id='word_1_67' title='bbox 127 922 294 997; x_wconf 81' lang='lat' dir='ltr'>inopinabile</span> <span class='ocrx_word' id='word_1_68' title='bbox 316 932 368 994; x_wconf 88' lang='lat' dir='ltr'><strong>est,</strong></span> <span class='ocrx_word' id='word_1_69' title='bbox 391 922 507 979; x_wconf 80' lang='lat' dir='ltr'><strong>Sabinus</strong></span> <span class='ocrx_word' id='word_1_70' title='bbox 521 925 595 994; x_wconf 85' lang='lat' dir='ltr'><strong>dicit,</strong></span> <span class='ocrx_word' id='word_1_71' title='bbox 617 924 705 979; x_wconf 86' lang='lat' dir='ltr'><strong>iurem</strong></span> <span class='ocrx_word' id='word_1_72' title='bbox 729 940 789 979; x_wconf 89' lang='lat' dir='ltr'><strong>esse</strong></span> <span class='ocrx_word' id='word_1_73' title='bbox 804 924 920 979; x_wconf 84' lang='lat' dir='ltr'><strong>hominis</strong></span> <span class='ocrx_word' id='word_1_74' title='bbox 935 925 1092 995; x_wconf 87' lang='lat' dir='ltr'><strong>iudicatum,</strong></span> 
     </span>
     <span class='ocr_line' id='line_1_10' title="bbox 128 1006 1094 1081; baseline -0.001 -19"><span class='ocrx_word' id='word_1_75' title='bbox 128 1008 260 1081; x_wconf 89' lang='lat' dir='ltr'><strong>quicum</strong></span> <span class='ocrx_word' id='word_1_76' title='bbox 282 1006 416 1080; x_wconf 77' lang='lat' dir='ltr'><strong>fugitiuus</strong></span> <span class='ocrx_word' id='word_1_77' title='bbox 436 1014 546 1080; x_wconf 90' lang='lat' dir='ltr'><strong>praeter</strong></span> <span class='ocrx_word' id='word_1_78' title='bbox 567 1008 663 1065; x_wconf 90' lang='lat' dir='ltr'><strong>oculos</strong></span> <span class='ocrx_word' id='word_1_79' title='bbox 685 1006 756 1062; x_wconf 83' lang='lat' dir='ltr'><strong>forte</strong></span> <span class='ocrx_word' id='word_1_80' title='bbox 778 1006 880 1063; x_wconf 89' lang='lat' dir='ltr'><strong>domini</strong></span> <span class='ocrx_word' id='word_1_81' title='bbox 895 1008 956 1077; x_wconf 80' lang='lat' dir='ltr'><strong>iret,</strong></span> <span class='ocrx_word' id='word_1_82' title='bbox 980 1006 1094 1061; x_wconf 85' lang='lat' dir='ltr'><strong>obtentu</strong></span> 
     </span>
     <span class='ocr_line' id='line_1_11' title="bbox 128 1088 1093 1165; baseline -0.002 -18"><span class='ocrx_word' id='word_1_83' title='bbox 128 1099 220 1165; x_wconf 79' lang='lat' dir='ltr'><strong>togae,</strong></span> <span class='ocrx_word' id='word_1_84' title='bbox 243 1098 379 1163; x_wconf 76' lang='lat' dir='ltr'><strong>tamquam</strong></span> <span class='ocrx_word' id='word_1_85' title='bbox 400 1107 430 1146; x_wconf 88' lang='lat' dir='ltr'><strong>se</strong></span> <span class='ocrx_word' id='word_1_86' title='bbox 453 1093 588 1161; x_wconf 76' lang='lat' dir='ltr'><strong>amiciens,</strong></span> <span class='ocrx_word' id='word_1_87' title='bbox 611 1107 646 1147; x_wconf 89' lang='lat' dir='ltr'><strong>ne</strong></span> <span class='ocrx_word' id='word_1_88' title='bbox 668 1089 808 1146; x_wconf 90' lang='lat' dir='ltr'><strong>uideretur</strong></span> <span class='ocrx_word' id='word_1_89' title='bbox 830 1108 845 1147; x_wconf 88' lang='lat' dir='ltr'><strong>a</strong></span> <span class='ocrx_word' id='word_1_90' title='bbox 867 1090 987 1161; x_wconf 86' lang='lat' dir='ltr'><strong>domino,</strong></span> <span class='ocrx_word' id='word_1_91' title='bbox 1010 1088 1093 1145; x_wconf 88' lang='lat' dir='ltr'><strong>obsti·</strong></span> 
     </span>
    </p>
   </div>
   <div class='ocr_carea' id='block_1_4' title="bbox 129 1173 686 1247">
    <p class='ocr_par' dir='ltr' id='par_1_4' title="bbox 129 1173 686 1247">
     <span class='ocr_line' id='line_1_12' title="bbox 129 1173 686 1247; baseline -0.005 -16"><span class='ocrx_word' id='word_1_92' title='bbox 129 1176 215 1231; x_wconf 72' lang='lat' dir='ltr'><strong>isset</strong></span> <span class='ocrx_word' id='word_1_93' title='bbox 231 1204 274 1215; x_wconf 90' lang='lat'><em>-</em></span> <span class='ocrx_word' id='word_1_94' title='bbox 288 1174 357 1231; x_wconf 75' lang='lat' dir='ltr'><strong>eeu.</strong></span> <span class='ocrx_word' id='word_1_95' title='bbox 375 1174 425 1246; x_wconf 88' lang='lat'><strong>11,</strong></span> <span class='ocrx_word' id='word_1_96' title='bbox 442 1173 492 1231; x_wconf 79' lang='lat' dir='ltr'><strong>se.</strong></span> <span class='ocrx_word' id='word_1_97' title='bbox 504 1176 535 1247; x_wconf 81' lang='lat'><strong>§-</strong></span> <span class='ocrx_word' id='word_1_98' title='bbox 552 1174 686 1231; x_wconf 83' lang='lat'>11-14.</span> 
     </span>
    </p>
   </div>
   <div class='ocr_carea' id='block_1_5' title="bbox 518 1308 706 1365">
    <p class='ocr_par' dir='ltr' id='par_1_5' title="bbox 518 1308 706 1365">
     <span class='ocr_line' id='line_1_13' title="bbox 518 1308 706 1365; baseline 0.011 -2"><span class='ocrx_word' id='word_1_99' title='bbox 518 1308 706 1365; x_wconf 80' lang='lat' dir='ltr'><strong>Fastorum.</strong></span> 
     </span>
    </p>
   </div>
   <div class='ocr_carea' id='block_1_6' title="bbox 82 1413 1148 2582">
    <p class='ocr_par' dir='ltr' id='par_1_6' title="bbox 128 1413 1092 1734">
     <span class='ocr_line' id='line_1_14' title="bbox 192 1413 1092 1492; baseline 0.002 -19"><span class='ocrx_word' id='word_1_100' title='bbox 192 1416 221 1473; x_wconf 88' lang='grc'><strong>8.</strong></span> <span class='ocrx_word' id='word_1_101' title='bbox 244 1417 376 1473; x_wconf 78' lang='lat' dir='ltr'><strong>Masurius</strong></span> <span class='ocrx_word' id='word_1_102' title='bbox 398 1413 531 1474; x_wconf 83' lang='lat' dir='ltr'><strong>laetorum</strong></span> <span class='ocrx_word' id='word_1_103' title='bbox 552 1417 672 1474; x_wconf 88' lang='lat' dir='ltr'><strong>secundo</strong></span> <span class='ocrx_word' id='word_1_104' title='bbox 695 1417 873 1476; x_wconf 82' lang='lat' dir='ltr'><strong>‘Vinaliorum</strong></span> <span class='ocrx_word' id='word_1_105' title='bbox 889 1416 970 1490; x_wconf 88' lang='lat' dir='ltr'><strong>dies&#39;‚</strong></span> <span class='ocrx_word' id='word_1_106' title='bbox 993 1420 1092 1492; x_wconf 86' lang='lat' dir='ltr'><strong>inquit,</strong></span> 
     </span>
     <span class='ocr_line' id='line_1_15' title="bbox 128 1500 1090 1576; baseline 0.002 -19"><span class='ocrx_word' id='word_1_107' title='bbox 128 1502 199 1557; x_wconf 81' lang='lat' dir='ltr'><strong>‘loui</strong></span> <span class='ocrx_word' id='word_1_108' title='bbox 220 1518 296 1559; x_wconf 89' lang='lat' dir='ltr'><strong>sacer</strong></span> <span class='ocrx_word' id='word_1_109' title='bbox 318 1507 370 1571; x_wconf 89' lang='lat' dir='ltr'><strong>est,</strong></span> <span class='ocrx_word' id='word_1_110' title='bbox 393 1517 459 1574; x_wconf 85' lang='lat' dir='ltr'><strong>nou,</strong></span> <span class='ocrx_word' id='word_1_111' title='bbox 482 1509 512 1557; x_wconf 89' lang='lat' dir='ltr'><strong>ut</strong></span> <span class='ocrx_word' id='word_1_112' title='bbox 534 1501 642 1575; x_wconf 82' lang='lat' dir='ltr'><strong>quidam</strong></span> <span class='ocrx_word' id='word_1_113' title='bbox 656 1509 762 1576; x_wconf 88' lang='lat' dir='ltr'><strong>putant,</strong></span> <span class='ocrx_word' id='word_1_114' title='bbox 779 1500 898 1558; x_wconf 90' lang='lat' dir='ltr'><strong>Veneri’.</strong></span> <span class='ocrx_word' id='word_1_115' title='bbox 917 1530 954 1541; x_wconf 92' lang='lat'>-</span> <span class='ocrx_word' id='word_1_116' title='bbox 972 1501 1090 1559; x_wconf 87' lang='lat' dir='ltr'><strong>Macrob.</strong></span> 
     </span>
     <span class='ocr_line' id='line_1_16' title="bbox 128 1583 1090 1734; baseline 0 -9"><span class='ocrx_word' id='word_1_117' title='bbox 128 1585 232 1725; x_wconf 39' lang='lat' dir='ltr'><strong>smol?</strong></span> <span class='ocrx_word' id='word_1_118' title='bbox 245 1583 378 1725; x_wconf 57' lang='lat' dir='ltr'><strong>Maslurllrs</strong></span> <span class='ocrx_word' id='word_1_119' title='bbox 405 1669 485 1725; x_wconf 88' lang='lat' dir='ltr'><strong>etiam</strong></span> <span class='ocrx_word' id='word_1_120' title='bbox 511 1669 632 1725; x_wconf 87' lang='lat' dir='ltr'><strong>secundo</strong></span> <span class='ocrx_word' id='word_1_121' title='bbox 660 1668 794 1725; x_wconf 78' lang='lat' dir='ltr'><strong>fastorum</strong></span> <span class='ocrx_word' id='word_1_122' title='bbox 816 1668 987 1726; x_wconf 79' lang='lat' dir='ltr'><strong>‘liberalium</strong></span> <span class='ocrx_word' id='word_1_123' title='bbox 1010 1669 1090 1734; x_wconf 87' lang='lat' dir='ltr'><strong>dies’,</strong></span> 
     </span>
    </p>

    <p class='ocr_par' dir='ltr' id='par_1_7' title="bbox 82 1750 1148 2079">
     <span class='ocr_line' id='line_1_17' title="bbox 82 1750 1148 1827; baseline 0.002 -20"><span class='ocrx_word' id='word_1_124' title='bbox 82 1755 227 1827; x_wconf 63' lang='lat' dir='ltr'><strong>[relinquit</strong></span> <span class='ocrx_word' id='word_1_125' title='bbox 251 1753 279 1808; x_wconf 77' lang='lat' dir='ltr'><strong>‘a</strong></span> <span class='ocrx_word' id='word_1_126' title='bbox 300 1750 474 1826; x_wconf 87' lang='lat' dir='ltr'><strong>pontificibus</strong></span> <span class='ocrx_word' id='word_1_127' title='bbox 496 1754 624 1827; x_wconf 74' lang='lat' dir='ltr'><strong>agonium</strong></span> <span class='ocrx_word' id='word_1_128' title='bbox 646 1752 767 1809; x_wconf 83' lang='lat' dir='ltr'><strong>Martiale</strong></span> <span class='ocrx_word' id='word_1_129' title='bbox 789 1752 963 1827; x_wconf 87' lang='lat' dir='ltr'><strong>appellatur’.</strong></span> <span class='ocrx_word' id='word_1_130' title='bbox 980 1783 1017 1793; x_wconf 95' lang='lat'>-</span> <span class='ocrx_word' id='word_1_131' title='bbox 1039 1754 1092 1809; x_wconf 91' lang='lat' dir='ltr'><strong>Ma·</strong></span> <span class='ocrx_word' id='word_1_132' title='bbox 1144 1788 1148 1796; x_wconf 55' lang='grc' dir='ltr'><em>ι</em></span> 
     </span>
     <span class='ocr_line' id='line_1_18' title="bbox 129 1834 1091 1995; baseline -0.001 -17"><span class='ocrx_word' id='word_1_133' title='bbox 129 1834 463 1978; x_wconf 40' lang='lat' dir='ltr'><strong>crohighllt‘ilrrbeodem</strong></span> <span class='ocrx_word' id='word_1_134' title='bbox 484 1919 568 1976; x_wconf 80' lang='lat' dir='ltr'><strong>libro:</strong></span> <span class='ocrx_word' id='word_1_135' title='bbox 590 1918 665 1977; x_wconf 77' lang='lat' dir='ltr'><strong>‘Eam</strong></span> <span class='ocrx_word' id='word_1_136' title='bbox 687 1928 795 1977; x_wconf 87' lang='lat' dir='ltr'><strong>noctem</strong></span> <span class='ocrx_word' id='word_1_137' title='bbox 817 1921 1000 1995; x_wconf 81' lang='lat' dir='ltr'><strong>deincepsque</strong></span> <span class='ocrx_word' id='word_1_138' title='bbox 1022 1923 1091 1977; x_wconf 86' lang='lat' dir='ltr'><strong>inse·</strong></span> 
     </span>
     <span class='ocr_line' id='line_1_19' title="bbox 130 2003 897 2079; baseline 0 -18"><span class='ocrx_word' id='word_1_139' title='bbox 130 2014 258 2079; x_wconf 91' lang='lat' dir='ltr'><strong>quentem</strong></span> <span class='ocrx_word' id='word_1_140' title='bbox 275 2004 357 2077; x_wconf 85' lang='lat' dir='ltr'><strong>diem,</strong></span> <span class='ocrx_word' id='word_1_141' title='bbox 373 2006 420 2079; x_wconf 90' lang='lat' dir='ltr'><strong>qui</strong></span> <span class='ocrx_word' id='word_1_142' title='bbox 432 2010 475 2060; x_wconf 91' lang='lat' dir='ltr'><strong>est</strong></span> <span class='ocrx_word' id='word_1_143' title='bbox 488 2003 654 2060; x_wconf 79' lang='lat' dir='ltr'><strong>lucarium’.</strong></span> <span class='ocrx_word' id='word_1_144' title='bbox 670 2034 712 2045; x_wconf 93' lang='grc'><strong>-</strong></span> <span class='ocrx_word' id='word_1_145' title='bbox 726 2004 844 2061; x_wconf 86' lang='lat' dir='ltr'><strong>Macroh.</strong></span> <span class='ocrx_word' id='word_1_146' title='bbox 860 2003 897 2061; x_wconf 92' lang='lat' dir='ltr'><strong>ib.</strong></span> 
     </span>
    </p>

    <p class='ocr_par' dir='ltr' id='par_1_8' title="bbox 131 2082 1093 2582">
     <span class='ocr_line' id='line_1_20' title="bbox 192 2082 1091 2161; baseline -0.002 -15"><span class='ocrx_word' id='word_1_147' title='bbox 192 2085 231 2146; x_wconf 87' lang='lat' dir='ltr'><strong>ll.</strong></span> <span class='ocrx_word' id='word_1_148' title='bbox 254 2082 403 2144; x_wconf 84' lang='lat' dir='ltr'><strong>²Masurius</strong></span> <span class='ocrx_word' id='word_1_149' title='bbox 419 2095 446 2142; x_wconf 91' lang='lat' dir='ltr'><strong>ct</strong></span> <span class='ocrx_word' id='word_1_150' title='bbox 462 2088 506 2143; x_wconf 87' lang='lat' dir='ltr'><strong>alii</strong></span> <span class='ocrx_word' id='word_1_151' title='bbox 522 2104 576 2143; x_wconf 92' lang='lat' dir='ltr'><strong>uno</strong></span> <span class='ocrx_word' id='word_1_152' title='bbox 592 2087 646 2158; x_wconf 82' lang='lat' dir='ltr'><strong>die,</strong></span> <span class='ocrx_word' id='word_1_153' title='bbox 662 2088 689 2143; x_wconf 90' lang='lat' dir='ltr'><strong>ld</strong></span> <span class='ocrx_word' id='word_1_154' title='bbox 704 2097 746 2144; x_wconf 88' lang='lat' dir='ltr'><strong>est</strong></span> <span class='ocrx_word' id='word_1_155' title='bbox 761 2098 858 2161; x_wconf 86' lang='lat' dir='ltr'><strong>quarto</strong></span> <span class='ocrx_word' id='word_1_156' title='bbox 874 2087 978 2145; x_wconf 88' lang='lat' dir='ltr'><strong>decimo</strong></span> <span class='ocrx_word' id='word_1_157' title='bbox 996 2088 1091 2145; x_wconf 85' lang='lat' dir='ltr'><strong>Kalen·</strong></span> 
     </span>
     <span class='ocr_line' id='line_1_21' title="bbox 131 2170 1093 2241; baseline -0.001 -13"><span class='ocrx_word' id='word_1_158' title='bbox 131 2172 178 2229; x_wconf 83' lang='lat' dir='ltr'><strong>das</strong></span> <span class='ocrx_word' id='word_1_159' title='bbox 191 2172 326 2228; x_wconf 85' lang='lat' dir='ltr'><strong>Ianuarias</strong></span> <span class='ocrx_word' id='word_1_160' title='bbox 341 2171 427 2228; x_wconf 84' lang='lat' dir='ltr'><strong>luisse</strong></span> <span class='ocrx_word' id='word_1_161' title='bbox 441 2172 592 2228; x_wconf 77' lang='lat' dir='ltr'><strong>Saturnalia</strong></span> <span class='ocrx_word' id='word_1_162' title='bbox 606 2172 787 2232; x_wconf 83' lang='lat' dir='ltr'><strong>crediderunt.</strong></span> <span class='ocrx_word' id='word_1_163' title='bbox 807 2201 841 2211; x_wconf 97' lang='lat'><em>-</em></span> <span class='ocrx_word' id='word_1_164' title='bbox 860 2170 975 2227; x_wconf 88' lang='lat' dir='ltr'><strong>Macrob.</strong></span> <span class='ocrx_word' id='word_1_165' title='bbox 992 2171 1048 2227; x_wconf 87' lang='lat' dir='ltr'><strong>Sat.</strong></span> <span class='ocrx_word' id='word_1_166' title='bbox 1064 2174 1093 2241; x_wconf 85' lang='lat'><strong>1,</strong></span> 
     </span>
     <span class='ocr_line' id='line_1_22' title="bbox 137 2255 1093 2412; baseline -0.001 -15"><span class='ocrx_word' id='word_1_167' title='bbox 137 2255 388 2399; x_wconf 36' lang='lat' dir='ltr'><strong>lo&#39;1825Masurius</strong></span> <span class='ocrx_word' id='word_1_168' title='bbox 410 2339 500 2395; x_wconf 90' lang='lat' dir='ltr'><strong>adiicit</strong></span> <span class='ocrx_word' id='word_1_169' title='bbox 514 2340 692 2397; x_wconf 88' lang='lat' dir='ltr'><strong>simulacrum</strong></span> <span class='ocrx_word' id='word_1_170' title='bbox 714 2340 795 2395; x_wconf 91' lang='lat' dir='ltr'><strong>huius</strong></span> <span class='ocrx_word' id='word_1_171' title='bbox 818 2338 883 2395; x_wconf 86' lang='lat' dir='ltr'><strong>deae</strong></span> <span class='ocrx_word' id='word_1_172' title='bbox 905 2336 954 2411; x_wconf 88' lang='lat' dir='ltr'><strong>(sc.</strong></span> <span class='ocrx_word' id='word_1_173' title='bbox 970 2341 1093 2412; x_wconf 81' lang='lat' dir='ltr'><strong>Angero-</strong></span> 
     </span>
     <span class='ocr_line' id='line_1_23' title="bbox 133 2420 1093 2498; baseline 0 -19"><span class='ocrx_word' id='word_1_174' title='bbox 133 2420 203 2498; x_wconf 88' lang='lat' dir='ltr'><strong>niae)</strong></span> <span class='ocrx_word' id='word_1_175' title='bbox 225 2440 272 2479; x_wconf 92' lang='lat' dir='ltr'><strong>ore</strong></span> <span class='ocrx_word' id='word_1_176' title='bbox 294 2423 418 2496; x_wconf 79' lang='lat' dir='ltr'><strong>obligato</strong></span> <span class='ocrx_word' id='word_1_177' title='bbox 440 2432 523 2496; x_wconf 89' lang='lat' dir='ltr'><strong>atque</strong></span> <span class='ocrx_word' id='word_1_178' title='bbox 545 2425 654 2497; x_wconf 79' lang='lat' dir='ltr'><strong>signato</strong></span> <span class='ocrx_word' id='word_1_179' title='bbox 677 2425 705 2479; x_wconf 92' lang='lat' dir='ltr'><strong>in</strong></span> <span class='ocrx_word' id='word_1_180' title='bbox 726 2440 773 2480; x_wconf 88' lang='lat' dir='ltr'><strong>ara</strong></span> <span class='ocrx_word' id='word_1_181' title='bbox 796 2422 926 2496; x_wconf 84' lang='lat' dir='ltr'><strong>Volupiee</strong></span> <span class='ocrx_word' id='word_1_182' title='bbox 949 2433 1093 2498; x_wconf 90' lang='lat' dir='ltr'><strong>propterea</strong></span> 
     </span>
     <span class='ocr_line' id='line_1_24' title="bbox 133 2506 1093 2582; baseline 0.002 -19"><span class='ocrx_word' id='word_1_183' title='bbox 133 2506 303 2578; x_wconf 88' lang='lat' dir='ltr'><strong>collocatum,</strong></span> <span class='ocrx_word' id='word_1_184' title='bbox 325 2506 399 2580; x_wconf 90' lang='lat' dir='ltr'><strong>quod</strong></span> <span class='ocrx_word' id='word_1_185' title='bbox 420 2509 468 2582; x_wconf 91' lang='lat' dir='ltr'><strong>qui</strong></span> <span class='ocrx_word' id='word_1_186' title='bbox 487 2524 552 2563; x_wconf 92' lang='lat' dir='ltr'><strong>suos</strong></span> <span class='ocrx_word' id='word_1_187' title='bbox 571 2507 680 2564; x_wconf 87' lang='lat' dir='ltr'><strong>dolores</strong></span> <span class='ocrx_word' id='word_1_188' title='bbox 696 2508 899 2580; x_wconf 82' lang='lat' dir='ltr'><strong>anxietatesque</strong></span> <span class='ocrx_word' id='word_1_189' title='bbox 915 2507 1093 2579; x_wconf 88' lang='lat' dir='ltr'><strong>dissimulant,</strong></span> 
     </span>
    </p>
   </div>
   <div class='ocr_carea' id='block_1_7' title="bbox 132 2590 1090 2747">
    <p class='ocr_par' dir='ltr' id='par_1_9' title="bbox 132 2590 1090 2747">
     <span class='ocr_line' id='line_1_25' title="bbox 132 2590 1090 2747; baseline 0.003 -101"><span class='ocrx_word' id='word_1_190' title='bbox 132 2592 291 2731; x_wconf 55' lang='lat' dir='ltr'><strong>pierueqianp</strong></span> <span class='ocrx_word' id='word_1_191' title='bbox 310 2593 455 2747; x_wconf 61' lang='lat' dir='ltr'><strong>pptipntiae</strong></span> <span class='ocrx_word' id='word_1_192' title='bbox 476 2590 607 2648; x_wconf 84' lang='lat' dir='ltr'><strong>beneficio</strong></span> <span class='ocrx_word' id='word_1_193' title='bbox 631 2591 665 2647; x_wconf 91' lang='lat' dir='ltr'><strong>ad</strong></span> <span class='ocrx_word' id='word_1_194' title='bbox 687 2593 825 2649; x_wconf 71' lang='lat' dir='ltr'><strong>maximam</strong></span> <span class='ocrx_word' id='word_1_195' title='bbox 850 2590 1027 2666; x_wconf 86' lang='lat' dir='ltr'><strong>uoluptatem.</strong></span> <span class='ocrx_word' id='word_1_196' title='bbox 1054 2624 1090 2633; x_wconf 91' lang='lat'>—</span> 
     </span>
     <span class='ocr_line' id='line_1_26' title="bbox 157 2691 392 2732; baseline 0.004 -2"><span class='ocrx_word' id='word_1_197' title='bbox 157 2691 218 2732; x_wconf 89' lang='lat' dir='ltr'><strong>acro</strong></span> <span class='ocrx_word' id='word_1_198' title='bbox 238 2691 272 2732; x_wconf 78' lang='grc' dir='ltr'><strong>,ι</strong></span> <span class='ocrx_word' id='word_1_199' title='bbox 292 2714 301 2731; x_wconf 90' lang='grc'><strong>.</strong></span> <span class='ocrx_word' id='word_1_200' title='bbox 338 2714 346 2730; x_wconf 92' lang='grc'><strong>.</strong></span> <span class='ocrx_word' id='word_1_201' title='bbox 384 2716 392 2731; x_wconf 93' lang='grc'><strong>.</strong></span> 
     </span>
    </p>
   </div>
   <div class='ocr_carea' id='block_1_8' title="bbox 489 2792 735 2866">
    <p class='ocr_par' dir='ltr' id='par_1_10' title="bbox 489 2792 735 2866">
     <span class='ocr_line' id='line_1_27' title="bbox 489 2792 735 2866; baseline 0 -19"><span class='ocrx_word' id='word_1_202' title='bbox 489 2793 530 2849; x_wconf 88' lang='lat' dir='ltr'><strong>lle</strong></span> <span class='ocrx_word' id='word_1_203' title='bbox 550 2792 735 2866; x_wconf 79' lang='lat' dir='ltr'><strong>indigenis.</strong></span> 
     </span>
    </p>
   </div>
   <div class='ocr_carea' id='block_1_9' title="bbox 132 2908 1094 3235">
    <p class='ocr_par' dir='ltr' id='par_1_11' title="bbox 132 2908 1094 3235">
     <span class='ocr_line' id='line_1_28' title="bbox 192 2908 1094 2985; baseline 0.001 -17"><span class='ocrx_word' id='word_1_204' title='bbox 192 2908 236 2968; x_wconf 82' lang='grc'><strong>13.</strong></span> <span class='ocrx_word' id='word_1_205' title='bbox 258 2909 390 2966; x_wconf 76' lang='lat' dir='ltr'><strong>Masurius</strong></span> <span class='ocrx_word' id='word_1_206' title='bbox 412 2917 502 2966; x_wconf 87' lang='lat' dir='ltr'><strong>autem</strong></span> <span class='ocrx_word' id='word_1_207' title='bbox 518 2908 630 2965; x_wconf 87' lang='lat' dir='ltr'><strong>Sabinus</strong></span> <span class='ocrx_word' id='word_1_208' title='bbox 651 2912 679 2965; x_wconf 88' lang='lat' dir='ltr'><strong>in</strong></span> <span class='ocrx_word' id='word_1_209' title='bbox 694 2912 903 2982; x_wconf 81' lang='lat' dir='ltr'><strong>commentariis,</strong></span> <span class='ocrx_word' id='word_1_210' title='bbox 920 2928 989 2985; x_wconf 94' lang='lat' dir='ltr'><strong>quos</strong></span> <span class='ocrx_word' id='word_1_211' title='bbox 1005 2912 1094 2969; x_wconf 91' lang='lat' dir='ltr'><strong>dein·</strong></span> 
     </span>
     <span class='ocr_line' id='line_1_29' title="bbox 133 2991 1094 3071; baseline 0.001 -21"><span class='ocrx_word' id='word_1_212' title='bbox 133 2994 239 3069; x_wconf 77' lang='lat' dir='ltr'><strong>digenis</strong></span> <span class='ocrx_word' id='word_1_213' title='bbox 262 2994 430 3067; x_wconf 84' lang='lat' dir='ltr'><strong>composuit:</strong></span> <span class='ocrx_word' id='word_1_214' title='bbox 467 2992 667 3067; x_wconf 79' lang='lat' dir='ltr'><strong>‘Religiosum’‚</strong></span> <span class='ocrx_word' id='word_1_215' title='bbox 684 2994 782 3067; x_wconf 81' lang='lat' dir='ltr'><strong>inquit,</strong></span> <span class='ocrx_word' id='word_1_216' title='bbox 798 2991 863 3067; x_wconf 74' lang='lat' dir='ltr'><strong>‘est,</strong></span> <span class='ocrx_word' id='word_1_217' title='bbox 887 2996 959 3068; x_wconf 86' lang='lat' dir='ltr'><strong>quod</strong></span> <span class='ocrx_word' id='word_1_218' title='bbox 982 3009 1094 3071; x_wconf 88' lang='lat' dir='ltr'><strong>propter</strong></span> 
     </span>
     <span class='ocr_line' id='line_1_30' title="bbox 132 3078 1094 3151; baseline 0.003 -19"><span class='ocrx_word' id='word_1_219' title='bbox 132 3080 302 3136; x_wconf 84' lang='lat' dir='ltr'><strong>sanctitatem</strong></span> <span class='ocrx_word' id='word_1_220' title='bbox 324 3078 440 3151; x_wconf 84' lang='lat' dir='ltr'><strong>aliquam</strong></span> <span class='ocrx_word' id='word_1_221' title='bbox 462 3085 596 3133; x_wconf 90' lang='lat' dir='ltr'><strong>remotum</strong></span> <span class='ocrx_word' id='word_1_222' title='bbox 618 3095 650 3134; x_wconf 89' lang='lat' dir='ltr'><strong>ac</strong></span> <span class='ocrx_word' id='word_1_223' title='bbox 671 3079 822 3151; x_wconf 91' lang='lat' dir='ltr'><strong>sepositum</strong></span> <span class='ocrx_word' id='word_1_224' title='bbox 836 3095 851 3133; x_wconf 90' lang='lat' dir='ltr'><strong>a</strong></span> <span class='ocrx_word' id='word_1_225' title='bbox 865 3080 942 3135; x_wconf 84' lang='lat' dir='ltr'><strong>nobis</strong></span> <span class='ocrx_word' id='word_1_226' title='bbox 959 3087 1016 3149; x_wconf 90' lang='lat' dir='ltr'><strong>est;</strong></span> <span class='ocrx_word' id='word_1_227' title='bbox 1035 3098 1094 3137; x_wconf 88' lang='lat' dir='ltr'><strong>uer·</strong></span> 
     </span>
     <span class='ocr_line' id='line_1_31' title="bbox 132 3160 1094 3235; baseline 0.005 -19"><span class='ocrx_word' id='word_1_228' title='bbox 132 3160 194 3218; x_wconf 86' lang='lat' dir='ltr'><strong>hum</strong></span> <span class='ocrx_word' id='word_1_229' title='bbox 216 3179 231 3217; x_wconf 92' lang='lat' dir='ltr'><strong>a</strong></span> <span class='ocrx_word' id='word_1_230' title='bbox 253 3161 431 3235; x_wconf 86' lang='lat' dir='ltr'><strong>relinquendo</strong></span> <span class='ocrx_word' id='word_1_231' title='bbox 453 3162 575 3232; x_wconf 84' lang='lat' dir='ltr'><strong>dictum,&#39;</strong></span> <span class='ocrx_word' id='word_1_232' title='bbox 588 3169 713 3235; x_wconf 86' lang='lat' dir='ltr'><strong>tanquam</strong></span> <span class='ocrx_word' id='word_1_233' title='bbox 737 3163 912 3219; x_wconf 82' lang='lat' dir='ltr'><strong>caerimoniae</strong></span> <span class='ocrx_word' id='word_1_234' title='bbox 928 3180 942 3218; x_wconf 88' lang='lat' dir='ltr'><strong>e</strong></span> <span class='ocrx_word' id='word_1_235' title='bbox 957 3163 1094 3222; x_wconf 89' lang='lat' dir='ltr'><strong>carendo&#39;.</strong></span> 
     </span>
    </p>
   </div>
   <div class='ocr_carea' id='block_1_10' title="bbox 132 3324 1095 3604">
    <p class='ocr_par' dir='ltr' id='par_1_12' title="bbox 132 3324 1095 3604">
     <span class='ocr_line' id='line_1_32' title="bbox 204 3324 1095 3392; baseline 0.002 -17"><span class='ocrx_word' id='word_1_236' title='bbox 204 3324 225 3392; x_wconf 84' lang='grc'><strong>1)</strong></span> <span class='ocrx_word' id='word_1_237' title='bbox 241 3326 354 3376; x_wconf 64' lang='lat' dir='ltr'><strong>mosera</strong></span> <span class='ocrx_word' id='word_1_238' title='bbox 366 3327 488 3391; x_wconf 58' lang='lat' dir='ltr'><strong>euntque</strong></span> <span class='ocrx_word' id='word_1_239' title='bbox 499 3326 676 3389; x_wconf 76' lang='lat' dir='ltr'><strong>honeportem</strong></span> <span class='ocrx_word' id='word_1_240' title='bbox 687 3328 771 3391; x_wconf 82' lang='lat' dir='ltr'><strong>foisse</strong></span> <span class='ocrx_word' id='word_1_241' title='bbox 785 3326 910 3376; x_wconf 81' lang='lat' dir='ltr'><strong>librorum</strong></span> <span class='ocrx_word' id='word_1_242' title='bbox 918 3327 1095 3377; x_wconf 81' lang='lat' dir='ltr'><strong>deiureeioili</strong></span> 
     </span>
     <span class='ocr_line' id='line_1_33' title="bbox 132 3395 1093 3463; baseline -0.001 -15"><span class='ocrx_word' id='word_1_243' title='bbox 132 3401 283 3463; x_wconf 81' lang='lat' dir='ltr'><strong>opinantur.</strong></span> <span class='ocrx_word' id='word_1_244' title='bbox 306 3395 351 3445; x_wconf 72' lang='lat' dir='ltr'><strong>Ex</strong></span> <span class='ocrx_word' id='word_1_245' title='bbox 360 3412 438 3463; x_wconf 84' lang='lat' dir='ltr'><strong>eoque</strong></span> <span class='ocrx_word' id='word_1_246' title='bbox 452 3397 484 3446; x_wconf 85' lang='lat' dir='ltr'><strong>de</strong></span> <span class='ocrx_word' id='word_1_247' title='bbox 495 3398 579 3461; x_wconf 81' lang='lat' dir='ltr'><strong>sortis</strong></span> <span class='ocrx_word' id='word_1_248' title='bbox 588 3397 654 3448; x_wconf 83' lang='lat' dir='ltr'><strong>libro</strong></span> <span class='ocrx_word' id='word_1_249' title='bbox 664 3400 741 3447; x_wconf 85' lang='lat' dir='ltr'><strong>etiam</strong></span> <span class='ocrx_word' id='word_1_250' title='bbox 747 3399 818 3463; x_wconf 78' lang='lat' dir='ltr'><strong>furti</strong></span> <span class='ocrx_word' id='word_1_251' title='bbox 828 3398 959 3461; x_wconf 76' lang='lat' dir='ltr'><strong>neonisesti</strong></span> <span class='ocrx_word' id='word_1_252' title='bbox 966 3399 1093 3460; x_wconf 80' lang='lat' dir='ltr'><strong>definitio-</strong></span> 
     </span>
     <span class='ocr_line' id='line_1_34' title="bbox 132 3465 1094 3532; baseline -0.004 -13"><span class='ocrx_word' id='word_1_253' title='bbox 132 3486 187 3519; x_wconf 81' lang='lat' dir='ltr'><strong>nem</strong></span> <span class='ocrx_word' id='word_1_254' title='bbox 203 3469 313 3519; x_wconf 82' lang='lat' dir='ltr'><strong>Gellium</strong></span> <span class='ocrx_word' id='word_1_255' title='bbox 322 3469 437 3531; x_wconf 77' lang='lat' dir='ltr'><strong>petiisse,</strong></span> <span class='ocrx_word' id='word_1_256' title='bbox 452 3474 521 3518; x_wconf 85' lang='lat' dir='ltr'><strong>certe</strong></span> <span class='ocrx_word' id='word_1_257' title='bbox 539 3469 678 3518; x_wconf 80' lang='lat' dir='ltr'><strong>uerisimile</strong></span> <span class='ocrx_word' id='word_1_258' title='bbox 697 3476 742 3518; x_wconf 83' lang='lat' dir='ltr'><strong>est.</strong></span> <span class='ocrx_word' id='word_1_259' title='bbox 782 3465 803 3532; x_wconf 73' lang='lat'><strong>²)</strong></span> <span class='ocrx_word' id='word_1_260' title='bbox 820 3468 879 3516; x_wconf 85' lang='lat' dir='ltr'><strong>Cum</strong></span> <span class='ocrx_word' id='word_1_261' title='bbox 897 3468 1028 3516; x_wconf 82' lang='lat' dir='ltr'><strong>Dirlcseoo</strong></span> <span class='ocrx_word' id='word_1_262' title='bbox 1044 3482 1094 3517; x_wconf 84' lang='lat' dir='ltr'><strong>non</strong></span> 
     </span>
     <span class='ocr_line' id='line_1_35' title="bbox 132 3536 1094 3604; baseline -0.003 -15"><span class='ocrx_word' id='word_1_263' title='bbox 132 3540 228 3601; x_wconf 80' lang='lat' dir='ltr'><strong>dubito,</strong></span> <span class='ocrx_word' id='word_1_264' title='bbox 247 3541 310 3604; x_wconf 82' lang='lat' dir='ltr'><strong>quin</strong></span> <span class='ocrx_word' id='word_1_265' title='bbox 324 3545 348 3587; x_wconf 87' lang='lat' dir='ltr'><strong>ct</strong></span> <span class='ocrx_word' id='word_1_266' title='bbox 362 3538 410 3589; x_wconf 84' lang='lat' dir='ltr'><strong>ltoc</strong></span> <span class='ocrx_word' id='word_1_267' title='bbox 424 3547 449 3589; x_wconf 85' lang='lat' dir='ltr'><strong>et</strong></span> <span class='ocrx_word' id='word_1_268' title='bbox 460 3554 569 3603; x_wconf 80' lang='lat' dir='ltr'><strong>sequens</strong></span> <span class='ocrx_word' id='word_1_269' title='bbox 580 3540 617 3603; x_wconf 79' lang='lat' dir='ltr'><strong>fr.</strong></span> <span class='ocrx_word' id='word_1_270' title='bbox 637 3540 674 3589; x_wconf 87' lang='lat' dir='ltr'><strong>od</strong></span> <span class='ocrx_word' id='word_1_271' title='bbox 687 3540 793 3588; x_wconf 82' lang='lat' dir='ltr'><strong>eundem</strong></span> <span class='ocrx_word' id='word_1_272' title='bbox 807 3536 899 3585; x_wconf 83' lang='lat' dir='ltr'><strong>tiorum</strong></span> <span class='ocrx_word' id='word_1_273' title='bbox 910 3538 1094 3600; x_wconf 80' lang='lat' dir='ltr'><strong>pertinuerint.</strong></span> 
     </span>
    </p>
   </div>
   <div class='ocr_carea' id='block_1_11' title="bbox 0 0 1277 3909">
    <p class='ocr_par' dir='ltr' id='par_1_13' title="bbox 0 0 1277 3909">
     <span class='ocr_line' id='line_1_36' title="bbox 0 0 1277 3909; baseline 0 0"><span class='ocrx_word' id='word_1_274' title='bbox 0 0 1277 3909; x_wconf 95' lang='lat' dir='ltr'><strong> </strong></span> 
     </span>
    </p>
   </div>
  </div>
 </body>
</html>
