2542 3909
437 201 623 241 un11nssr1n.
648 182 669 237 I.
692 172 830 242 tto-32⁸)
1050 186 1111 251 179

139 345 274 401 Romanas
290 344 334 399 uel
350 344 458 400 Latinas
474 343 634 400 cotoniarias
648 342 692 399 uei
704 343 824 399 eiusdem
840 342 1019 414 condicionis,
1032 346 1110 401 cuius

140 439 169 485 et
188 430 242 503 ipsi
257 438 360 498 essent,
382 428 465 501 idque
484 430 577 484 testati
596 427 700 485 inerint
715 427 840 485 adhibitis
855 444 910 483 non
925 430 1014 483 minus
1030 446 1110 502 quam

115 579 119 595 Ι
140 521 247 588 septem
268 512 383 570 testibus
399 512 502 569 ciuibus
518 512 646 569 Romanis
661 512 818 586 puberibus,
841 520 868 569 et
884 512 967 569 fliium
984 530 1110 587 procrea·

142 600 241 668 norint,
258 615 319 655 curn
334 599 357 653 is
373 597 446 654 filins
461 597 605 654 anniculus
617 613 678 654 csse
691 599 821 671 coeperit,
837 597 919 653 datur
933 598 972 653 eis
988 607 1111 671 potestas

140 700 191 756 per
206 699 264 739 eam
279 682 383 756 legem,
406 682 480 739 adire
501 692 656 756 praetorem
675 683 719 737 uei
739 684 767 738 in
788 683 938 755 prouinciis
959 683 1111 755 praesidem

140 769 298 842 prouinciae
313 775 340 822 et
351 765 512 841 adprobare,
524 782 554 823 se
565 783 598 822 ex
613 767 676 841 iege
687 765 761 823 Aelia
773 765 865 823 Sentia
877 782 989 823 uxorem
1001 767 1111 824 duxisse

139 862 169 908 et
183 868 216 907 en
230 868 261 907 ea
282 850 367 907 fliium
383 852 539 907 anniculum
555 851 668 909 babere:
689 860 717 907 ot
738 852 760 906 si
781 852 821 923 is,
843 851 913 924 apud
935 867 1015 925 quem
1031 868 1110 909 cause

139 937 253 1011 probata
276 945 328 1008 est,
348 937 376 992 id
397 938 435 992 ita
454 953 515 993 esse
529 937 762 1010 pronuntiauerit‚
785 944 889 991 tunoet
904 937 963 1009 ipse
978 931 1109 991 Latinus¹

139 1031 169 1078 et
183 1038 252 1078 uxor
267 1024 336 1093 eius,
359 1022 382 1077 si
403 1029 430 1077 ct
450 1022 509 1094 ipsa
524 1021 646 1077 ciusdem
661 1018 852 1095 (condicionis
866 1022 912 1089 sit,
934 1028 962 1076 ct
982 1022 1111 1091 ipsorum

138 1108 226 1179 fitius,
248 1110 275 1162 si
295 1114 324 1163 ct
342 1110 405 1177 ipsc
427 1099 566 1181 eiusdem)
581 1105 749 1161 condicionis
764 1106 807 1174 sit,
830 1105 905 1161 cinos
922 1103 1034 1161 Romani
1049 1122 1110 1161 esse

138 1190 278 1249 iubentur.
316 1186 367 1248 30.
387 1190 451 1246 ideo
478 1200 568 1247 autem
589 1189 626 1245 'in
653 1191 780 1262 ipsorum
803 1183 882 1261 filio²
902 1189 1046 1246 adiecimus
1075 1187 1109 1245 ‘si

138 1278 241 1350 etipse
257 1276 380 1332 eiusdem
394 1275 562 1332 condicionis
576 1274 634 1343 sit',
659 1276 727 1347 quia
749 1276 771 1329 si
787 1291 857 1329 uror
871 1274 959 1330 Latini
973 1274 1040 1331 ciuis
1057 1273 1108 1329 iio·

139 1376 218 1417 mana
235 1368 286 1431 est,
303 1363 349 1433 qui
365 1378 397 1415 ex
412 1361 588 1429 connascitur,
611 1376 644 1415 er
659 1374 733 1415 nouo
749 1368 860 1415 senatus
875 1359 1012 1431 consulto,
1035 1360 1108 1432 quod

138 1454 253 1501 auctore
277 1445 342 1501 diuo
364 1444 500 1501 Hadriano
523 1432 624 1501 iactum
648 1451 705 1513 est,
728 1445 796 1501 ciuis
819 1443 955 1500 Romanus
977 1446 1107 1501 nascitur.

137 1525 184 1587 31.
205 1528 264 1586 Hoc
285 1538 374 1585 tamen
394 1532 437 1585 ius
452 1530 641 1603 adipiscendae
656 1530 772 1585 ciuitatis
787 1530 921 1585 Romanae
937 1530 1042 1584 etiamsi
1057 1530 1109 1584 soti

71 1626 128 1674 [108]
138 1616 259 1670 minores
280 1615 394 1687 triginta
416 1631 549 1670 annorum
566 1615 723 1671 manumissi
746 1622 773 1669 et
795 1612 883 1669 Latini
905 1612 969 1669 iacti
992 1628 1024 1667 cx
1047 1613 1108 1686 iege

139 1698 214 1755 Aelia
229 1698 324 1754 Sentio
338 1698 503 1771 habuerunt,
525 1707 614 1755 tamen
635 1706 730 1772 postea
747 1705 858 1754 senatus
874 1698 1014 1769 consulto,
1035 1698 1108 1772 quod

138 1782 243 1857 Pegaso
259 1793 288 1840 et
299 1784 418 1840 Pusione
433 1784 592 1840 consulibus
608 1784 710 1840 iactum
726 1792 779 1855 est,
795 1792 822 1841 et
835 1782 981 1839 maioribus
998 1784 1109 1857 triginta

138 1884 271 1925 annorum
294 1870 466 1924 manumissis
481 1868 582 1925 Latinis
601 1868 679 1925 iactis
701 1884 860 1925 concessum
881 1877 932 1925 est.
966 1864 1016 1929 32.
1033 1868 1110 1926 Cete-

139 1969 199 2008 rum
215 1954 320 2009 etiamsi
335 1962 397 2009 ante
412 1953 560 2009 decesserit
571 1951 693 2026 Latinus,
710 1969 789 2027 quam
805 1952 922 2008 anniculi
938 1950 986 2009 iiiii
1002 1970 1109 2010 causam

140 2037 274 2113 probarit,
290 2046 383 2111 potest
395 2047 481 2094 muter
492 2039 551 2093 eius
563 2054 671 2093 causam
685 2035 813 2112 probare,
829 2044 856 2093 et
869 2038 908 2093 sio
923 2044 951 2093 et
966 2040 1022 2111 ipsa
1039 2036 1086 2094 det
1103 2030 1106 2115 i

139 2124 207 2179 ciuis
221 2121 352 2194 Romana,
372 2124 396 2177 si
412 2115 520 2178 Latina³
541 2122 633 2193 suerit,
654 2132 682 2179 et
704 2120 786 2191 filius,
807 2122 882 2177 ouius
899 2138 1019 2178 causam
1039 2141 1108 2195 pro·
1120 2123 1144 2171 8.

138 2199 247 2284 babit.4
278 2209 439 2279 permissum
459 2214 619 2278 praetereo
635 2213 679 2263 cst
697 2210 758 2279 filio
772 2206 877 2262 Latino
892 2209 978 2262 ctiam
994 2210 1055 2277 soti,
1078 2214 1108 2263 ut
1147 2266 1154 2279 ,

138 2293 213 2347 ciuis
227 2290 379 2348 Romanus
391 2285 459 2369 filib
480 2308 521 2349 ex
535 2291 696 2363 quibusdam
713 2294 811 2349 cous's
829 2306 949 2347 causam
966 2293 1108 2363 probare,

139 2383 167 2432 et
183 2393 349 2449 quanquam
369 2372 374 2451 Ι
393 2378 452 2449 ipse
467 2374 539 2432 iilius
554 2377 623 2432 ciuis
639 2376 774 2433 Romanus
790 2377 835 2447 sit,
857 2376 919 2449 quia
935 2391 967 2430 ex
982 2377 1042 2432 ciue
1056 2375 1108 2432 Ro-

138 2476 218 2515 mana
234 2468 415 2517 matronatus
437 2470 488 2532 est,
513 2470 602 2518 tamen
618 2461 699 2517 debet
714 2478 820 2518 causam
841 2459 970 2535 probaro,
992 2470 1022 2515 ut
1041 2478 1109 2516 suus

138 2545 219 2601 heres
234 2547 306 2618 patri
320 2543 375 2601 fiat.
421 2541 484 2605 82⁸.
499 2539 611 2626 (Quae)
625 2563 694 2602 uero
709 2539 833 2625 diinimns
849 2546 881 2601 de
897 2543 954 2600 filio
971 2545 1109 2613 anniculo,

212 2712 232 2779 ¹)
252 2715 317 2765 Post
334 2715 357 2766 Ιι.
377 2732 398 2765 o.
413 2717 440 2763 in
459 2711 506 2765 Vst
523 2718 684 2767 correctoris
697 2732 773 2765 uranu
787 2732 869 2779 supra
883 2716 978 2765 tineam
991 2717 1110 2765 additum

139 2782 278 2855 [iuni]anus
288 2787 405 2849 insipida
414 2789 498 2852 mapis
505 2789 594 2851 plossa
604 2802 679 2851 quom
689 2790 819 2838 correctio
828 2788 939 2837 videtur.
980 2783 1001 2852 ²)
1017 2787 1110 2837 Possis

137 2859 215 2907 etiam
234 2860 320 2922 tepere
338 2858 363 2906 in
381 2871 486 2921 persona
504 2858 547 2906 iilii
566 2856 617 2924 (sic
635 2859 675 2908 ed.
695 2856 795 2923 Polen.)
814 2861 853 2908 vet
871 2859 896 2907 in
914 2858 985 2908 huius
1004 2874 1108 2923 persons

137 2926 187 2992 (sic
202 2928 241 2979 ed.
254 2928 304 2977 Kr.
320 2927 361 2994 2.)·
428 2924 450 2993 Β)
464 2928 568 2978 Abhinc
581 2929 650 2979 banc
664 2931 686 2991 ὅ.
701 2946 778 2989 nunc,
797 2931 903 2979 reiectis
913 2930 1059 2993 prioribus,
1073 2946 1110 2979 eae

136 2998 228 3063 Suppi.
243 2998 280 3050 St.
290 3016 318 3063 p.
338 2999 396 3048 XX
408 3000 447 3051 cd.
459 3012 480 3051 s.
495 3000 587 3062 refeci,
597 3002 698 3063 partim
712 3008 810 3050 tantum
822 3003 964 3051 sententiae
979 3004 1006 3049 in
1021 3002 1108 3051 eodem

136 3074 223 3134 spatio
241 3071 431 3135 sipnificandoe
448 3072 547 3136 pratia.
575 3071 625 3119 Kr.
646 3072 685 3121 ed.
706 3084 718 3122 a
736 3080 835 3121 tantum
853 3072 928 3122 babet
949 3073 1028 3133 inerit,
1052 3086 1108 3135 per-

137 3144 247 3204 missum,
261 3142 404 3206 quibusdam
414 3148 439 3191 et
452 3143 504 3205 ipse
520 3142 583 3190 iilius
594 3158 650 3191 cum
659 3157 710 3207 seq.
748 3139 769 3207 ⁴)
780 3144 812 3192 Io
824 3143 849 3193 0.
858 3144 962 3193 uidetur
968 3144 1054 3205 foisse
1064 3144 1108 3191 iuit

137 3220 162 3261 et
176 3214 239 3262 diius
255 3214 294 3263 cui
309 3227 406 3262 cansam
417 3208 506 3278 pbarit.
532 3211 641 3263 Scilicet
654 3216 731 3263 etiam
745 3216 812 3265 aiios
822 3216 893 3278 filios
907 3213 1002 3263 tatere
1012 3221 1107 3277 potest.

209 3351 233 3424 §-
249 3358 291 3408 30.
311 3355 350 3416 Cf.
366 3356 502 3416 §bosso
526 3354 653 3419 mpms.
727 3352 752 3423 ξ.
767 3358 811 3406 31.
833 3356 871 3419 Of.
896 3357 951 3421 Uip.
970 3368 991 3415 a,
1010 3368 1030 3406 t.
1052 3356 1107 3417 Peg.

136 3435 160 3475 et
175 3424 241 3493 Pus]
262 3427 297 3488 ef.
313 3438 333 3483 a,
348 3437 395 3476 254.
424 3427 446 3487 ὅ.
463 3438 485 3477 5.
514 3425 536 3474 I.
556 3427 588 3475 de
608 3427 695 3489 fideic.
714 3427 803 3476 hored.
824 3429 855 3492 (2,
875 3428 911 3495 tte)
935 3426 1108 3491 ‘Vespasiani

135 3498 206 3561 Any.
221 3494 398 3561 temporibus&
421 3534 426 3542 .
463 3497 489 3561 5,
505 3498 548 3547 32.
569 3498 608 3559 Cf.
625 3498 716 3547 Cotton.
732 3510 800 3557 1o,3.
821 3500 858 3561 ἐξ.
873 3512 892 3551 r.
909 3510 942 3551 15.
962 3500 1036 3563 infra
1050 3510 1071 3550 s.
1085 3510 1105 3549 5.

135 3570 160 3631 ξ.
176 3570 233 3619 32⁸.
254 3567 294 3631 Of.
309 3568 383 3629 infra
402 3579 422 3626 1,
437 3580 471 3619 tit.

853 3654 903 3705 12·
