2542 3909
161 200 203 257 54
506 207 533 239 M.
552 206 663 241 'rvnmva
681 205 781 239 CICERO.

161 337 231 391 enim
249 332 353 407 populo
374 330 510 403 Romano,
538 330 586 386 sed
613 329 737 386 omnibus
757 328 836 387 bonis
855 330 994 405 firmisque
1014 331 1128 405 populis

160 419 236 491 leges
252 416 356 472 damus.

222 495 270 558 86.
292 502 327 555 A.
349 498 465 572 Excipis,
481 497 574 568 credo,
587 497 643 567 illa,
659 496 756 571 quibus
771 498 823 571 ipsi
838 500 934 553 initiati
948 514 1052 555 sumus.

223 585 265 641 M.
288 582 346 657 ligo
363 599 429 638 uero
445 584 589 656 excipiam:
610 598 672 637 nam
690 582 756 637 mihi
771 598 831 637 cum
847 582 932 638 multa
946 584 1042 639 eximia
1056 584 1127 639 diui-

160 685 248 742 naque
270 668 398 722 uidentur
420 667 541 723 Athenae
564 674 625 721 tuae
647 668 785 739 peperisse
801 674 883 740 atque
897 668 925 722 in
942 668 1024 722 uitam
1039 668 1129 723 homi·

160 769 225 807 num
237 751 372 822 attulisse,
389 760 446 807 tum
455 751 522 806 nihil
534 750 630 805 melius
642 749 696 804 illis
708 751 853 823 mysteriis,
869 750 966 824 quibus
979 768 1012 806 er
1023 753 1128 825 agresti

160 838 322 910 immanique
351 837 408 891 uita
436 835 535 891 exculti
557 834 591 889 ad
612 834 806 889 humanitatem
828 843 856 890 et
878 836 994 909 mitigati
1016 852 1128 900 sumus;

160 922 289 995 initiaque
303 929 335 976 ut
346 919 525 993 appellantur,
540 920 619 973 itare
632 934 696 973 uera
707 920 837 991 principia
848 920 920 974 uitae
931 921 1127 993 cognouimus,

160 1021 249 1079 neque
276 1004 364 1061 solum
394 1020 454 1060 oum
477 1002 577 1058 laetitia
599 1001 709 1057 uiuendi
730 1002 864 1058 rationem
886 1006 1055 1076 accepimus,
1076 1003 1127 1059 sed

161 1092 241 1145 etiam
262 1106 325 1145 oum
346 1104 396 1161 spe
417 1086 529 1143 meliore
550 1085 691 1142 moriendi.
723 1086 787 1159 quid
802 1095 891 1142 autem
906 1088 972 1142 mihi
986 1087 1129 1160 displiceat

160 1176 188 1229 in
202 1174 353 1247 nocturnis,
374 1176 471 1244 poetae
489 1170 608 1227 indicant
629 1171 738 1238 comici3
759 1187 811 1244 qua
826 1170 934 1227 licentia
948 1170 1048 1227 Romae
1064 1171 1128 1227 data

161 1255 288 1331 quidnam
303 1257 406 1328 egisset
420 1253 477 1325 ille,
493 1256 539 1327 qui
554 1256 581 1309 in
597 1253 757 1310 sacrificium
772 1256 917 1325 cogitatam
932 1253 1069 1310 libidinem
1085 1256 1128 1311 in·

161 1341 235 1412 tulit,
251 1356 306 1414 quo
321 1355 356 1395 ne
373 1337 571 1411 inprudentiam
588 1337 695 1411 quidem
712 1337 855 1394 oculorum
870 1339 938 1394 adici
954 1339 994 1393 fas
1010 1339 1078 1395 fuiti

224 1426 258 1481 A.
282 1423 323 1479 'lu
342 1437 408 1479 uero
423 1424 502 1478 istam
516 1422 615 1479 Romae
630 1422 720 1496 legem
733 1431 846 1495 rogato:
867 1422 944 1478 nobis
960 1431 1069 1478 nostras
1086 1440 1128 1480 ue

161 1509 303 1565 ademeris.

223 1591 277 1651 XV,
300 1586 347 1648 37.
368 1590 409 1648 Μ.
433 1590 473 1645 dd
495 1599 589 1647 nostra
611 1592 697 1664 igitur
717 1598 856 1665 reuertor:
880 1590 979 1663 quibus
1000 1590 1128 1664 proiecto

162 1676 368 1750 diligentissime
390 1673 565 1731 sanciendum
587 1681 639 1745 est,
661 1682 693 1731 ut
707 1674 849 1729 mulierum
864 1674 961 1730 lamam
977 1674 1128 1731 multorum

161 1760 247 1816 oculis
270 1759 316 1814 lun
337 1759 407 1815 clara
428 1758 572 1829 custodiat,
595 1759 791 1832 initienturque
814 1775 847 1814 eo
868 1760 923 1814 ritu
945 1758 1047 1830 Cereri,
1069 1776 1127 1832 quo

160 1845 259 1901 Romae
272 1844 428 1911 initiantur3
450 1859 505 1915 quo
519 1843 548 1897 in
562 1858 663 1915 genere
677 1844 852 1898 seueritatem
867 1844 997 1899 maiorum
1012 1851 1128 1899 senatus

161 1936 241 1983 uetus
262 1928 409 1983 auotoritas
431 1926 464 1981 de
478 1925 685 1983 Bacchanalibus
706 1934 734 1983 et
755 1926 898 1983 consulum
913 1930 1035 1983 exercitu
1050 1927 1127 1983 adhi-

161 2010 219 2066 bito
247 2012 370 2084 quaestio
394 2006 667 2084 animaduersioque)
691 2010 817 2071 declarat.
860 2020 942 2083 atque
965 2012 1054 2067 omnia
1075 2028 1127 2067 no-

162 2104 267 2167 cturna,
282 2112 316 2151 ne
335 2111 385 2150 uos
401 2094 525 2150 duriores
541 2093 613 2150 iorte
629 2094 779 2166 uideamur,
799 2096 827 2150 in
841 2095 928 2150 media
943 2094 1052 2151 Graecia
1066 2094 1127 2150 bia-

161 2179 265 2253 gondas
280 2177 421 2234 Thebanus
441 2177 503 2253 lege
523 2185 655 2252 perpetua
676 2178 802 2246 sustulit3
823 2195 911 2235 nouos
933 2196 999 2235 uero
1016 2179 1083 2235 deos
1097 2186 1128 2235 et

161 2264 189 2318 in
204 2262 246 2318 his
262 2262 382 2318 colendis
397 2271 543 2317 nocturnas
553 2262 776 2335 peruigilationes
785 2264 824 2318 sic
832 2264 1035 2337 Aristophanes,
1051 2262 1127 2319 iace-

161 2347 291 2401 tissumns
306 2351 386 2419 poeta
401 2347 502 2400 ueteris
518 2345 683 2417 comoediae,
696 2356 786 2417 uexat,
803 2355 832 2402 ut
844 2346 914 2420 apud
926 2364 986 2403 eum
996 2345 1127 2403 Sabazius

162 2438 190 2486 et
205 2428 314 2503 quidam
331 2428 374 2484 alii
390 2428 433 2484 dei
447 2430 583 2502 peregrini
598 2429 707 2486 iudicati
723 2446 738 2485 e
753 2432 862 2487 ciuitate
877 2432 1019 2489 eiciantur.

224 2511 351 2568 Publicus
374 2519 463 2567 autem
486 2512 610 2569 sacerdos
633 2514 837 2587 inprudentiam
854 2515 968 2571 consilio
991 2514 1125 2589 expiatam

163 2604 238 2653 metu
260 2595 369 2667 liberet,
392 2596 526 2652 audaciam
549 2599 625 2653 etin
647 2597 814 2654 inmittendis
830 2598 1007 2671 religionibus
1022 2592 1123 2656 loedis¹

162 2681 271 2736 damnet
286 2687 368 2753 atque
383 2681 489 2753 impiam
505 2681 616 2737 iudicet.

224 2765 277 2819 lam
292 2763 349 2820 ludi
366 2763 466 2838 publici
482 2767 609 2840 quoniam
623 2774 689 2821 sunt
705 2781 786 2822 cauea
802 2768 929 2840 circoque
944 2761 1049 2837 diuisi,²
1065 2783 1125 2823 cor·

161 2864 259 2923 porum
274 2850 432 2915 certatione,
449 2866 531 2905 cursu
546 2856 575 2904 et
588 2848 724 2924 pugillatu
736 2858 763 2905 et
773 2850 1125 2925 luctationecurriculisque

161 2948 294 3005 equorum
307 2949 393 3005 usque
401 2933 434 2989 ad
440 2942 539 2989 certam
548 2934 690 2989 uictoriam
697 2936 770 2990 circo
778 2936 944 3006 constitutis,
955 2950 1037 2991 cauea
1044 2943 1125 2992 cantu

162 3008 300 3085 mulceat‚³
317 3014 413 3073 [idibus
428 3025 455 3074 et
470 3016 552 3088 tibiis,
569 3016 632 3071 dum
649 3017 730 3074 modo
746 3032 776 3073 ea
791 3018 929 3075 moderata
940 3020 1003 3090 sint,
1020 3028 1052 3075 ut
1062 3020 1124 3091 lege

160 3100 360 3174 praescribitur.
389 3102 528 3157 adsentior
547 3102 617 3157 enim
633 3100 739 3157 Platoni
758 3102 825 3158 nibil
846 3111 900 3158 tam
920 3102 997 3159 iacile
1017 3105 1045 3159 in
1066 3104 1124 3159 ani·

183 3278 189 3295 ⁸
233 3287 254 3357 ¹)
268 3289 388 3341 audatiam
402 3290 452 3338 lnet
467 3289 608 3338 inmitendas
619 3290 644 3337 A
658 3288 793 3355 (audaciam
802 3292 852 3341 inet
861 3291 1009 3340 inmittendis
1018 3289 1054 3358 B)
1068 3292 1125 3341 reli·

160 3361 269 3422 gionibns
284 3362 367 3410 foedas
381 3358 433 3409 AB
445 3360 567 3408 andaciam
585 3370 693 3410 ruentem
712 3362 736 3411 in
751 3363 859 3411 licentias
873 3361 1028 3441 religionibus
1041 3363 1125 3412 foedas

160 3466 238 3586 cjdV.
268 3463 389 3586 yidlinisi
411 3466 458 3513 siut
480 3463 745 3515 auertissent<
783 3463 805 3532 ⁸)
823 3467 876 3515 uice
895 3431 926 3528 ad
946 3465 972 3514 B
987 3468 1126 3517 uiceacA

177 3546 293 3587 ·aate.
339 3572 345 3584 .
