2542 3909
180 204 242 269 800
390 219 488 256 ranam
507 220 561 256 ire.
580 220 642 255 aori.
662 219 747 256 varro.
767 208 915 256 eet-294.

179 352 264 425 patris
287 350 369 406 rebus
397 351 457 405 inre
482 350 643 406 donationis
668 344 843 406 uindicant.¹
884 350 950 406 Noti
968 351 1056 423 ipitnr
1076 364 1140 406 me-

180 442 262 492 inere
289 426 438 505 ’fratrum²
463 440 574 488 tuorum
600 434 829 505 inquietudinem,
851 433 875 488 si
900 450 952 505 qua
978 434 1093 490 donatio
1117 452 1140 490 a

176 525 265 591 patre
286 525 334 574 tao
347 520 377 573 in
393 524 421 573 tc
436 519 543 573 coliata
559 524 663 590 aequet
676 521 845 589 portionem,
861 532 929 589 quae
945 515 992 573 tibi
1008 532 1040 572 ex
1054 515 1140 573 bonis

179 601 265 676 patris
286 602 323 658 ab
349 605 484 658 intestato
503 602 632 670 debetur,
660 616 779 673 eamque
802 604 832 657 in
854 602 926 657 diem
952 604 1140 658 nouissimum

145 686 149 689 ’
179 684 309 742 uoluntas
326 700 503 759 perseuerans
515 686 657 740 adinstar
670 689 767 741 mortis
778 700 869 741 causo
880 687 1041 742 donationis
1052 685 1140 741 rede-

179 766 231 843 pit{
246 769 291 825 uel
312 771 392 825 etiam
407 768 484 825 iuudi
500 785 533 825 en
543 770 658 842 pecunia
674 776 776 841 epatre
792 770 844 825 tibi
853 769 961 826 donata
973 772 1142 840 comparati

178 857 323 926 possessio
348 854 458 925 pridem
479 851 527 909 tibi
549 851 660 923 tradita,
682 869 712 909 ac
734 852 906 927 postmodum
923 859 1062 908 reuocata
1077 868 1140 908 non

180 944 233 994 est.
265 936 355 994 Tuam
375 940 463 1010 ipitnr
477 938 553 1010 qnod
566 952 606 993 ea
620 937 773 994 donatione
795 929 941 1008 competit³
957 936 1026 991 iacta
1041 951 1139 991 uume-

180 1035 255 1089 rans,
270 1020 343 1094 quod
363 1035 447 1094 penes
460 1028 575 1092 patrem
590 1024 738 1091 remansit,
751 1037 814 1077 cnm
823 1020 971 1091 fratribus
987 1034 1026 1077 ccc
1041 1014 1138 1093 aequo

180 1106 283 1162 dioride.
314 1104 370 1163 liat.
386 1104 427 1160 lll.
443 1104 495 1165 lral.
512 1102 569 1161 Oct.
600 1104 705 1159 Verona
721 1143 849 1161 ......

242 1183 305 1245 291.
327 1186 349 1243 ⁴.
368 1229 376 1243 .
392 1229 398 1241 .
417 1232 423 1243 .
443 1188 569 1260 Apatre
588 1202 687 1243 rernm
706 1190 883 1245 donationem
905 1190 932 1243 in
948 1197 975 1243 te
991 1187 1136 1256 conlatam,

179 1272 243 1329 licet
256 1273 285 1327 in
300 1279 436 1345 potestate
448 1272 547 1343 fueris
560 1276 739 1342 constitutus,
757 1277 783 1328 si
802 1280 896 1328 tamen
910 1276 939 1328 in
952 1273 1024 1328 diem
1038 1273 1137 1328 nanis·

179 1358 277 1411 simum
292 1358 363 1411 uitae
376 1354 504 1411 uoluntas
520 1358 581 1411 eins
595 1357 730 1426 duranti,
751 1372 808 1412 non
828 1357 895 1413 licet
913 1356 1063 1427 fratribus
1078 1359 1137 1412 tuis

179 1444 356 1513 impnpnare:
379 1436 444 1493 'sed
468 1447 497 1493 tu
523 1432 651 1509 eorum,⁵
672 1455 740 1510 quae
765 1440 932 1513 praetulisti,
954 1442 1038 1511 fidem
1052 1443 1138 1496 iestis

174 1524 396 1596 probationibus
413 1521 544 1593 faciens,
564 1538 602 1577 ne
622 1524 692 1594 quid
712 1521 758 1578 lint
783 1530 884 1580 contra·
899 1524 1066 1579 uoluntatem
1087 1522 1136 1579 de·

180 1607 275 1675 iuncti,
292 1608 429 1662 obtinebis
444 1606 481 1661 ab
496 1621 539 1674 eo,
554 1622 637 1678 anem
647 1622 769 1677 praeses
780 1611 954 1679 prouinciae
968 1607 1137 1663 hereditatis

180 1690 320 1746 arbitrum
332 1688 458 1745 diuisioni
470 1688 557 1744 dabit:
572 1691 618 1762 qui
631 1692 657 1744 in
674 1694 815 1753 sententia
825 1692 947 1747 dicenda
958 1692 1013 1747 boc
1025 1691 1137 1746 scilicet

179 1775 310 1844 inprimis
329 1782 461 1845 spectare
481 1771 604 1842 debebit,
627 1781 657 1828 ut
678 1774 725 1829 tibi
747 1776 814 1830 istae
829 1789 873 1830 res
884 1778 1068 1846 praecipuae
1084 1776 1134 1830 ad-

180 1859 352 1928 iudicentnr,
369 1865 397 1913 et
409 1864 565 1929 praeterea
576 1861 674 1929 portio
690 1857 839 1931 exlegibus
858 1858 890 1914 ab
901 1860 1030 1913 intestato
1042 1857 1135 1914 debita

181 1956 220 1997 ex
241 1942 327 1998 rebus
347 1942 533 1998 hereditariis
554 1945 667 2014 intepra
690 1950 834 2000 seruetur.
877 1940 926 1998 PP.
950 1940 979 1997 V.
1003 1940 1054 1997 kal.
1077 1940 1133 1997 lan.

181 2023 329 2081 Treueris.
347 2067 355 2081 .
372 2066 378 2079 .
394 2066 402 2082 .
421 2069 427 2082 .
445 2018 470 2081 ‚⁰
497 2024 527 2079 ll.
542 2040 634 2081 conss.

87 2096 166 2175 υἱοῖσι·
243 2103 310 2165 292.
339 2102 360 2165 ⁷.
379 2150 385 2163 .
403 2150 433 2163 ..
455 2108 573 2165 lionatio
595 2108 738 2180 quideme
763 2116 840 2183 patre
867 2111 894 2165 in
922 2108 1134 2181 filiumfamilias

85 2180 167 2219 Μετ’
182 2194 288 2249 coliata
303 2196 366 2265 ipso
380 2196 445 2248 inre
461 2208 517 2248 non
532 2194 627 2254 nalet3
642 2193 694 2248 sed
708 2195 730 2247 si
746 2193 772 2248 in
796 2193 888 2249 eadem
904 2193 1044 2249 uoluntate
1058 2200 1134 2265 pater

179 2280 383 2349 perseuerauit
403 2279 547 2345 usquein
570 2277 643 2331 diem
669 2270 978 2342 aitae‘nam'ssimam,⁸
998 2276 1132 2345 uoluntas,

181 2354 260 2433 quam
281 2361 309 2415 in
329 2366 483 2416 extremam
498 2374 589 2431 nsque
603 2376 660 2416 non
676 2365 813 2429 mntanit,
835 2362 1020 2418 custodiendo
1036 2364 1089 2428 est,
1103 2366 1134 2415 nt

77 2438 212 2508 [tihi-bet
223 2444 330 2516 portio,
342 2459 412 2516 quae
426 2442 458 2497 ab
474 2443 601 2498 intestato
613 2442 738 2515 debetur,
752 2436 881 2522 'inlibata
899 2452 1035 2500 seruetur.
1060 2444 1133 2498 lunis

182 2543 251 2600 quae
266 2526 308 2581 adi
323 2533 506 2582 correctorem
521 2526 611 2581 uirum
622 2524 812 2599 clarissimum,
828 2529 940 2583 amicum
959 2535 1095 2594 nostrum,
1107 2534 1134 2582 et

183 2625 224 2680 ea,
240 2610 349 2683 quaein
364 2624 470 2682 precem
487 2608 638 2678 contulisti,
654 2609 764 2684 adlega3
787 2612 875 2682 quiin
896 2608 1133 2667 examinationibus
1253 2676 1254 2681 ἵ

182 2709 241 2750 eam
251 2694 411 2750 seutentiam
423 2700 540 2765 promet,
550 2708 627 2763 quam
640 2692 706 2747 iuris
719 2702 799 2767 atque
811 2695 952 2767 aequitatis
969 2695 1036 2751 ratio
1050 2693 1130 2750 dicta·
1140 2698 1199 2749 [⁷0⁷]

181 2776 263 2833 uerit.
288 2776 339 2834 PP.
355 2776 514 2846 Mediolano,
527 2775 579 2832 Vll.
594 2774 646 2831 kal.
662 2776 715 2833 lan.
742 2778 830 2834 Tusco
850 2787 878 2834 et
892 2778 1019 2835 Anullino
1031 2772 1133 2835 conss.⁹

254 2977 275 3044 l)
297 2980 457 3031 Postremam
476 2981 627 3029 sententiam
649 2980 709 3029 inde
730 2996 746 3029 a
768 2980 852 3029 verbis
875 2978 986 3029 ‘etiamsi
1006 2977 1044 3029 id’
1067 2996 1132 3030 nnnc

177 3053 268 3115 pantio
283 3053 360 3100 aliter
375 3066 449 3113 qnam
464 3052 490 3098 in
501 3052 594 3112 priore
608 3051 721 3099 editione
732 3050 854 3112 formavi.
915 3047 935 3111 ²)
955 3050 982 3099 V
983 3048 1002 3098 ἃ.
1017 3065 1056 3099 res
1076 3050 1131 3099 Vnt.

183 3119 261 3188 ⁸)Ita
274 3122 313 3169 oet
327 3128 361 3170 tat
380 3121 438 3170 Vat.
453 3121 480 3168 tii
500 3120 528 3168 V
527 3119 547 3169 ἅ.
599 3117 620 3185 ⁴)
636 3120 754 3169 Restitoi.
776 3120 814 3183 Cf.
829 3120 861 3169 L.
872 3132 898 3172 18
908 3136 952 3183 pr.
974 3121 999 3171 O.
1007 3122 1071 3183 sam.
1081 3136 1131 3171 erc.

182 3192 214 3256 (s,
228 3189 273 3256 so).
288 3192 311 3252 ὅ.
326 3201 373 3242 seo.
429 3187 451 3255 Β)
465 3190 497 3239 In
517 3190 547 3240 V.
560 3192 644 3253 faerit
658 3192 797 3239 s’tumorum
808 3193 895 3254 prima
910 3204 932 3239 m
947 3198 1066 3243 correcta
1080 3192 1106 3240 in
1120 3204 1131 3239 e

181 3280 368 3341 superscripto.
396 3292 450 3326 nam
465 3276 543 3341 (puta
557 3276 681 3341 notatam)
695 3292 777 3326 eorum
797 3278 854 3328 Vat.
870 3280 916 3329 istu
931 3268 1024 3328 mir'rum
1043 3277 1070 3327 V
1070 3276 1089 3327 ⁴.

183 3345 204 3412 ⁶)
221 3345 376 3397 ‘Ualeriano
390 3347 442 3396 III.
457 3355 483 3396 et
498 3345 626 3396 Gallieno'
642 3350 769 3410 supplevit
782 3348 889 3405 Bucar„
909 3356 937 3399 nt
951 3350 1036 3411 suerit
1049 3364 1072 3399 a.
1087 3358 1131 3400 iit.

181 3416 235 3466 Sed
247 3419 357 3479 spatium
371 3418 435 3467 baec
449 3433 499 3466 non
515 3419 626 3479 coaptent.
680 3414 700 3481 ⁷)
715 3418 762 3467 Est
772 3418 930 3468 Diocletiani
944 3427 968 3470 et
979 3420 1132 3469 Maximiani
1250 3404 1251 3452 l

182 3485 228 3550 (of.
248 3489 271 3547 ὅ.
286 3485 331 3551 ss).
360 3486 518 3536 Sententiam
536 3488 645 3535 restitui.
677 3487 715 3550 Cf.
735 3488 773 3551 ἐξ.
793 3500 839 3540 aso.
859 3501 905 3540 nst.
980 3488 1000 3555 ⁸)
1016 3490 1057 3538 Ita
1076 3489 1131 3539 Vat.

182 3555 313 3604 nouissima
332 3556 379 3605 Vi.
431 3553 491 3621 ⁹)a.
506 3566 553 3605 295.
