2542 3909
451 242 720 281 murmurante.
739 226 773 279 V.
793 231 817 280 6.
1050 225 1113 291 537

157 388 207 429 sus
221 374 267 429 sit.
310 371 338 431 o.
364 368 419 429 ¹De
440 374 504 429 uaui
519 374 548 429 ui
561 372 683 429 deiectus
699 372 753 429 hoc
766 372 911 430 interdicto
929 375 1046 448 experiri
1061 391 1117 430 oon

157 465 266 530 potest3
287 456 337 513 sed
359 457 433 512 utitis
455 459 480 513 ei
502 458 572 513 actio
594 456 629 511 de
651 455 732 512 rebus
759 458 965 529 recuperandis,
993 458 1119 531 etetupio

158 532 279 595 ’iudicii²
295 542 323 595 ui
337 539 472 597 bonorum
487 548 638 614 raptorum,
654 539 743 596 datur.
787 540 913 613 idemque
929 541 963 597 de
979 557 1012 598 ea
1028 542 1118 599 dicen·

159 623 225 679 dum
240 631 292 690 est,
307 626 354 696 qui
368 640 479 681 carruca
493 632 540 680 aut
554 628 626 696 equo
642 623 781 691 deiicitur3
798 623 896 696 quibus
913 640 968 681 non
984 624 1118 696 abductis,

157 708 318 762 iniuriarum
344 708 416 765 aetio
438 707 527 763 datur.
572 702 601 763 0.
624 700 674 762 ³vt
696 706 818 763 deiectus
835 707 949 764 uidetur
971 717 1000 765 et
1024 712 1070 783 qui
1092 711 1120 765 in

159 790 270 864 praedio
288 791 314 845 ui
328 792 479 861 retinetur,
495 797 523 847 ct
538 790 585 861 qui
598 791 628 844 iu
642 790 686 844 uia
700 790 811 846 territus
828 797 886 863 cst,
907 806 941 847 ne
957 791 990 847 ad
1006 792 1120 848 fundum

158 890 239 930 suum
255 874 404 932 accederet.
441 870 468 930 t.
493 868 564 941 ⁴Qui
579 874 605 928 ui
629 880 676 928 aut
699 872 766 929 clam
789 881 836 929 aut
858 876 981 946 precario
996 876 1120 948 possidet

158 958 194 1014 ah
215 957 388 1028 aduersario,
411 960 521 1031 impune
542 956 678 1013 deiicitur.
726 954 756 1013 8.
781 951 828 1011 'Eia
850 951 981 1013 aedibus⁵
1005 960 1032 1014 ui
1055 976 1118 1034 pos·

158 1042 243 1097 sessis
265 1044 289 1096 si
311 1042 415 1114 aliquae
438 1057 481 1097 res
504 1042 635 1109 arserint,
659 1040 703 1095 uei
719 1042 792 1096 serui
808 1040 990 1113 decesserint,
1013 1042 1076 1099 iicet
1090 1042 1117 1099 id

158 1126 218 1181 sine
240 1123 305 1181 doio
327 1126 400 1195 eius,
423 1126 469 1197 qui
492 1124 605 1194 deiecit,
628 1124 728 1180 iactum
750 1125 803 1195 stt,
826 1126 1013 1182 aestimatione
1029 1135 1118 1183 tamen

159 1208 379 1265 condemnandus
395 1216 446 1273 est,
463 1209 510 1281 qui
525 1210 562 1264 ita
575 1207 665 1264 uoluit
680 1207 791 1281 adipisci
806 1224 862 1264 rem
878 1210 945 1265 iuris
960 1209 1048 1266 alieni.

289 1288 336 1367 [L.
352 1292 394 1350 60
406 1310 456 1365 pr.
473 1292 502 1364 S.
520 1292 548 1349 1.
570 1292 606 1351 D.
621 1294 657 1348 de
672 1290 829 1363 usufructu
845 1285 888 1371 (7,
906 1287 950 1371 1).

289 1376 321 1433 L.
338 1377 366 1433 7.
388 1377 425 1433 D.
442 1378 478 1433 dc
492 1394 570 1450 aqua
585 1378 694 1449 quatiat.
709 1368 776 1453 (43,
792 1372 858 1451 20).

288 1460 321 1517 L.
338 1460 389 1521 21.
404 1460 455 1518 23.
472 1460 524 1517 25.
546 1460 583 1516 D.
599 1462 758 1533 quemadm.
774 1464 872 1518 serait.
889 1465 977 1523 amitt.
994 1461 1043 1537 (8,
1060 1456 1119 1580 6).)

224 1539 254 1606 0.
271 1543 301 1600 Si
314 1546 387 1601 iuter
398 1544 503 1602 uicinos
519 1560 552 1601 er
567 1540 703 1601 communi
718 1546 778 1600 riuo
789 1560 856 1617 aqua
869 1544 993 1615 ducatur,
1004 1546 1099 1603 ’diuidi

162 1629 240 1703 prius
262 1622 371 1685 ’decct⁷
394 1630 432 1685 'et
454 1621 517 1685 his⁸
540 1627 654 1699 uicibus,
677 1628 776 1701 quibus
799 1645 813 1685 a
836 1628 950 1701 singuiis
974 1630 1037 1687 duci
1053 1647 1117 1687 con-

162 1714 263 1783 sueuit,
278 1712 387 1770 ducenti
402 1704 527 1786 'aquam9
543 1714 585 1767 uis
600 1710 659 1767 fieri
670 1706 870 1785 prohibetur.¹⁰
904 1714 1016 1771 alienam
1029 1723 1119 1772 autern

162 1802 259 1869 aquam
274 1799 415 1869 usurpanti
431 1797 578 1852 nummaria
599 1811 687 1868 pecua
708 1798 856 1869 irrogatur.
894 1796 975 1853 Cuius
991 1800 1031 1854 rei
1054 1815 1117 1855 cura

162 1879 195 1935 ad
210 1879 420 1937 sollicitudiuem
435 1879 566 1954 praesidis
581 1874 725 1952 spectat.ll
760 1875 806 1935 10.
824 1879 948 1937 ’Reddite
963 1882 1119 1953 interdicto,

161 1965 232 2020 actio
247 1979 401 2037 quanquam
416 1955 618 2038 proponatur¹²
642 1978 673 2017 cx
689 1979 738 2033 eo,
760 1972 792 2020 ut
808 1965 883 2037 quis,
907 1964 980 2037 quod
995 1968 1119 2038 precario

86 2055 150 2104 [⁴4²]
161 2045 253 2117 habet,
268 2046 413 2119 ’restituat,
430 2039 554 2104 tamcu¹³
568 2055 596 2102 ct
611 2046 699 2102 ciuilis
715 2048 785 2103 actio
801 2047 880 2103 huius
895 2049 945 2118 rei,
961 2050 1032 2105 sicut
1046 2065 1119 2105 eom·

161 2122 308 2201 modati,¹4
332 2133 473 2204 competit:
496 2146 530 2186 eo
552 2130 597 2187 uei
619 2133 741 2201 maxime,
765 2131 839 2204 quod
862 2146 893 2186 ex
915 2129 1045 2188 beneficio
1067 2148 1120 2188 suo

163 2216 348 2289 unusquisque
369 2216 492 2271 iniuriam
515 2215 570 2288 pati
592 2230 648 2270 nou
662 2213 750 2275 debet.
794 2211 834 2271 ll.
861 2208 1015 2272 ¹⁵Precario
1031 2218 1119 2290 possi-

159 2297 226 2355 dere
249 2298 358 2354 uidetur
379 2315 434 2355 non
449 2305 571 2367 tantum,
594 2300 640 2371 qui
664 2314 713 2373 per
732 2298 874 2372 epistolam
891 2298 934 2354 uel
949 2316 1120 2374 quacumque

236 2454 256 2523 1)
271 2457 310 2521 Os.
325 2458 357 2507 L.
372 2468 393 2507 1.
407 2459 446 2519 ἐξ.
455 2468 477 2508 6.
488 2470 508 2509 t.
525 2458 556 2507 D.
571 2458 604 2507 de
616 2460 644 2507 oi
657 2456 757 2524 (4416).
805 2454 826 2523 ²)
841 2458 870 2507 de
883 2458 944 2509 cdd.
955 2458 1022 2519 edd,
1032 2465 1119 2508 natum

160 2542 197 2578 ac.
212 2543 248 2578 erc
261 2527 319 2586 iud,
334 2528 409 2577 caiae
418 2530 524 2591 priores
539 2530 641 2579 litterae
656 2544 672 2577 a
687 2546 709 2577 o.
726 2528 844 2591 exemp-lo
859 2528 996 2593 absorptae
1010 2536 1076 2578 sant.

162 2595 239 2664 ⁸)Gf.
254 2598 286 2647 L.
301 2612 321 2649 t.
337 2600 376 2660 ξς.
390 2610 425 2649 aa.
441 2609 474 2648 ra.
494 2598 734 2664 D.deei(se,1a).
795 2596 816 2663 ⁴)
834 2598 872 2663 Cf.
890 2598 947 2649 Gai.
961 2612 984 2658 4,
1000 2610 1045 2651 tos.

162 2666 232 2734 ³)Eu
247 2670 319 2718 rebus
335 2670 398 2719 Gdd.
413 2670 471 2718 edd.
493 2669 530 2733 Cf.
546 2669 578 2718 L.
594 2681 614 2719 1.
628 2672 667 2731 ἐξ.
683 2681 716 2721 64.
731 2680 765 2720 ao.
780 2669 812 2718 L.
823 2681 856 2721 19.
876 2670 909 2719 D.
924 2671 955 2720 de
970 2672 1003 2719 oi.
1014 2668 1059 2734 (44,
1071 2669 1117 2736 to).

162 2735 274 2805 ⁶)indici
287 2742 327 2789 oet
340 2740 421 2789 induci
441 2739 504 2789 Ddd.
524 2739 634 2789 interdici
653 2754 688 2788 err
709 2740 796 2790 Ouiae.
816 2741 848 2803 ci.
869 2742 926 2790 edd.
946 2741 979 2790 A.
995 2748 1019 2791 et
1034 2740 1118 2791 Haeo.

161 2812 346 2873 ineptoseosa.
377 2811 416 2873 Cf.
430 2809 463 2860 L.
476 2823 498 2861 4.
517 2810 549 2857 D.
564 2811 597 2859 de
611 2824 679 2873 aqua
694 2816 762 2873 quot.
777 2808 822 2872 (46,
836 2810 882 2875 eo).
909 2811 941 2860 L.
957 2823 990 2862 19.
1006 2812 1028 2873 i.
1044 2814 1065 2861 4.
1085 2812 1110 2859 Ι)

160 2895 248 2931 comm.
263 2882 315 2931 dio.
330 2880 375 2946 (to,
389 2880 421 2945 4).
481 2877 561 2943 ¹)Sic
575 2882 649 2929 matti
663 2880 735 2938 Cdd„
750 2880 822 2930 debet
835 2883 895 2939 atii,
909 2882 968 2931 edd.
1037 2878 1058 2946 8)
1072 2881 1119 2931 Sic

160 2953 234 3000 matti
249 2950 311 3001 Ddd.
326 2966 354 3000 ex
367 2952 406 3000 his
422 2949 472 3016 (oet
485 2950 533 3016 iris)
548 2952 605 3009 atii,
618 2952 677 3001 edd.
751 2948 772 3017 ⁹)
787 2958 865 3000 autem
881 2950 959 3016 (puta
972 2946 1001 2999 H
1009 2966 1061 3015 pro
1076 2950 1118 3016 a'q')

163 3020 227 3072 Gdd.
241 3023 300 3071 edds
314 3036 367 3071 eam
380 3021 522 3085 Scirtari.
572 3018 605 3087 ¹⁰)
621 3022 755 3071 Adversas
765 3036 945 3085 quemcunque.
970 3020 1009 3069 De
1019 3022 1119 3083 duplici

161 3092 230 3142 inter
244 3093 341 3143 rioaka
354 3094 494 3147 interdicto
508 3093 543 3155 cf.
558 3092 590 3144 L.
605 3106 625 3143 t.
640 3094 664 3154 ξ.
679 3103 713 3143 46.
737 3092 769 3143 D.
785 3092 817 3141 de
835 3106 904 3156 aqua
922 3097 990 3156 quot.
1007 3089 1056 3157 (44,
1072 3089 1117 3157 4ο).
1146 3090 1149 3099 “

164 3159 199 3229 ²¹)
215 3162 253 3226 Cf.
268 3163 301 3213 L.
315 3174 336 3215 4.
357 3163 383 3213 0.
398 3164 578 3213 deeatraord.
593 3178 668 3229 copo.
682 3162 727 3228 (aa,
742 3162 786 3227 ta).
811 3161 842 3210 L.
857 3174 878 3212 4.
894 3173 914 3213 6.
940 3161 966 3211 D.
981 3162 1116 3211 deservit.

161 3231 193 3297 (a,
207 3233 254 3300 44).
321 3230 356 3299 ¹²)
369 3234 485 3283 Redditur
497 3234 618 3283 interdicti
633 3232 780 3299 (interdictio
797 3232 840 3281 Cd.
856 3232 901 3297 to.)
917 3233 979 3281 actio
995 3244 1054 3295 quae
1070 3230 1116 3297 (sc.

158 3307 238 3368 (ipro
252 3305 294 3369 (ῖς)
308 3306 450 3368 proponitur
468 3303 626 3369 (proponatur
646 3304 708 3353 Odd.
723 3314 748 3353 4.
763 3301 794 3367 6.)
816 3302 877 3353 Cdd.
897 3302 954 3353 edat.
983 3302 1118 3352 Actionem

160 3377 201 3423 oet
214 3377 259 3440 api
272 3389 307 3424 eac
321 3375 459 3425 interdicto
474 3376 528 3424 dici
536 3377 628 3433 sotere,
638 3373 736 3426 Sodali.
748 3374 930 3424 animaduertit
939 3388 974 3423 ea
982 3372 1116 3436 Spartica.

163 3444 237 3495 Pesc.
254 3445 313 3510 Nip.
328 3456 349 3497 4.
421 3441 453 3508 ¹³)
467 3445 585 3497 restituat.
605 3460 659 3495 uam
680 3445 741 3495 Cdd.
761 3445 818 3497 edd.
890 3440 923 3511 ¹⁴)
940 3444 1118 3505 Praescrtptie

160 3514 247 3565 verbis
261 3517 296 3565 ad
308 3517 502 3566 similitudinem
520 3516 679 3572 commodati.
709 3514 747 3578 Of.
763 3514 794 3565 L.
810 3526 830 3565 4.
856 3514 887 3564 L.
903 3526 935 3566 19.
956 3516 978 3576 ἓ.
994 3524 1015 3563 4.
1040 3513 1071 3565 D.
1087 3513 1119 3563 de

155 3601 265 3650 precor.
280 3584 325 3651 (44,
339 3586 384 3652 46).
437 3584 469 3651 ¹⁶)
486 3586 524 3649 Cf.
539 3587 571 3635 L.
585 3599 606 3637 4.
621 3588 645 3649 ἕ.
659 3597 680 3635 4.
701 3584 732 3633 D.
748 3586 778 3635 de
789 3600 895 3648 precor.
911 3583 955 3650 (44,
969 3590 1014 3650 46).
