2542 3909
142 162 206 225 146
504 179 559 213 sex.
577 177 732 213 rouronrvs.

203 307 231 368 n.-
253 309 318 364 ltem
337 309 365 363 in
381 307 475 363 eodem
491 306 560 361 libro
581 305 634 360 boe
649 306 779 378 scriptum
799 314 855 362 est:
877 304 942 361 Cum
964 322 997 361 ex
1012 321 1095 380 gene·

139 393 214 449 ribus
229 394 367 449 bominum
383 390 541 463 sullragium
556 387 674 458 seratur,
697 391 797 445 curiata
813 391 921 446 comitia
936 406 1011 459 esse;
1034 406 1095 446 curn

140 494 173 533 er
188 493 272 533 censu
288 484 315 531 et
330 483 427 545 aetate,
442 474 602 542 centuriata,
618 488 678 527 cum
694 488 726 527 ex
742 472 900 547 regionibus
916 481 942 528 et
953 473 1029 544 loeis,
1046 476 1094 529 tri·

140 560 213 620 buta.
250 560 398 618 centuriata
423 565 512 613 autem
539 557 647 616 comitia
672 557 742 613 intra
763 558 912 630 pomerium
937 555 995 612 lieri
1019 556 1094 613 nefas

140 662 211 710 osse,
228 644 290 716 quia
305 644 451 699 exereitum
468 647 543 697 entra
558 638 651 696 urbem
667 641 791 713 imperari
807 647 946 713 oporteat,
963 641 1034 697 intra
1049 656 1095 701 ut·

140 728 199 784 bem
213 728 339 801 imperari
350 728 391 781 ius
403 742 458 782 non
470 726 515 781 sit.
538 732 681 798 propterea
693 725 842 782 centuriata
852 726 880 780 in
893 742 989 799 campo
1001 724 1094 780 llartio

140 812 233 870 haberi
248 812 448 883 exercitumque
461 809 586 881 imperari
600 807 726 880 praesidii
743 824 821 867 causa
832 808 952 875 solitum,
969 810 1094 882 quoniam

140 883 258 969 populns
279 901 352 951 esset
369 895 397 949 in
417 892 555 966 suffragiis
577 889 697 947 serendis
719 900 876 965 occupatus.
900 922 934 936 -
958 892 1027 951 Geli.
1046 890 1149 963 15,th

141 980 191 1037 tt.
209 978 237 1049 S.
254 977 283 1035 4.

203 1112 233 1171 4.
253 1112 284 1188 (i)
307 1113 450 1170 libertinis
465 1128 532 1170 uero
555 1112 631 1168 nullo
648 1114 706 1167 iure
721 1114 761 1167 uti
776 1115 921 1185 praetextis
935 1112 1043 1185 licebat,
1066 1130 1096 1169 ac

140 1199 330 1256 multominus
345 1197 511 1270 peregrinis,
531 1194 629 1267 quibus
652 1194 726 1251 nulla
745 1202 818 1251 esset
833 1213 893 1253 cum
909 1196 1033 1253 liomanis
1049 1212 1095 1252 ne·

141 1282 287 1340 cessitudo.
331 1280 383 1336 Sed
403 1289 498 1354 postea
518 1279 707 1335 libertinorum
734 1295 843 1353 quoque
869 1280 930 1336 liliis
955 1288 1096 1353 praetexta

141 1382 268 1423 concessa
284 1374 327 1421 est
341 1381 373 1421 ex
388 1381 467 1420 causa
478 1364 536 1432 tali,
553 1379 631 1436 quam
643 1360 677 1418 Μ.
688 1360 794 1421 Laelius
810 1358 910 1436 augur1
925 1364 1020 1420 reiert.
1050 1366 1096 1437 qui

141 1449 212 1506 bello
233 1449 334 1504 Punico
360 1446 480 1504 seeundo
502 1440 699 1502 'decemuiros²
720 1446 784 1503 dicit
805 1464 837 1503 ex
859 1447 1096 1504 senatusconsulto

140 1543 254 1610 propter
274 1532 358 1588 multa
378 1530 501 1605 prodigia
520 1530 604 1587 libros
620 1528 766 1603 Sibyllinos
782 1530 880 1587 adiisse
901 1541 943 1603 et,
967 1532 1095 1605 inspectis

141 1620 198 1687 bis,
215 1618 372 1685 nunciasse,
393 1617 420 1670 in
435 1614 563 1689 capitolio
579 1614 783 1688 supplicandum
798 1614 1050 1689 lectisterniumque
1064 1630 1096 1671 eu

142 1701 239 1757 collata
254 1702 324 1773 stipe
340 1698 506 1771 iaciendum,
527 1700 565 1753 ita
580 1706 610 1753 nt
625 1698 764 1755 libertinae
781 1712 907 1771 quoque,
922 1715 990 1772 quae
1013 1700 1096 1773 longa

142 1791 219 1841 ueste
234 1792 393 1853 uterentur,
414 1783 442 1840 in
457 1798 514 1838 eam
529 1798 585 1837 rem
601 1783 742 1855 pecuniam
761 1780 1008 1840 subministrarent.
1039 1791 1097 1839 aeta

142 1870 226 1943 igitur
244 1866 395 1924 obsecratio
411 1875 452 1923 est
467 1868 558 1940 pueris
579 1867 722 1939 ingenuis,
741 1866 861 1938 itemque
882 1865 1027 1937 libertinis,
1048 1866 1096 1921 sed

141 1960 169 2008 et
183 1951 347 2026 uirginibus,
362 1952 484 2025 patrimis
500 1951 700 2022 matrimisque,
723 1950 963 2023 pronunciantibus
978 1966 1094 2007 carmen.

141 2053 173 2093 er
191 2051 245 2110 quo
261 2050 435 2105 eoncessum,
457 2043 488 2089 ut
501 2033 689 2090 libertinorum
705 2049 814 2106 quoque
829 2031 896 2105 filii,
918 2036 964 2107 qui
979 2051 1010 2089 er
1025 2036 1096 2090 iusta

141 2120 271 2181 duntaxat
295 2117 492 2178 matrefamilias
518 2118 574 2174 nati
600 2116 733 2188 luissent,
762 2126 854 2193 togam
881 2126 1046 2192 praetentam
1069 2126 1097 2174 et

140 2204 230 2260 lorum
253 2205 280 2258 in
295 2201 366 2259 collo
388 2219 439 2277 pro
455 2201 543 2258 bullae
565 2201 663 2257 decore
684 2206 834 2272 gestarent.
848 2230 888 2241 -
907 2200 1023 2259 Macrob.
1038 2202 1095 2258 Sat.

142 2290 171 2359 1,
187 2288 215 2347 e.
254 2332 260 2345 .
280 2286 328 2343 13.

232 2287 250 2360 S
447 2398 538 2465 SEX.
560 2396 811 2464 POMPONIVS

290 2495 346 2561 (sub
364 2496 484 2547 Hadriano
503 2504 527 2545 et
545 2496 724 2561 insequentibus
743 2496 945 2565 imperatoribus).

353 2595 457 2653 Libro
478 2596 652 2671 singulari
674 2597 884 2670 regularum.

204 2698 229 2759 l.
255 2698 288 2755 Et
303 2698 450 2755 seruitutes
467 2697 551 2754 diuidi
565 2714 619 2753 iton
635 2706 766 2771 possunt;
787 2715 847 2754 nam
863 2716 953 2755 earum
973 2714 1039 2755 usus
1060 2700 1097 2755 ita

142 2800 282 2842 connexus
297 2791 349 2853 est,
364 2790 405 2851 ut,
422 2784 467 2855 qui
484 2798 544 2837 eum
555 2783 697 2856 partiatur,
716 2790 837 2838 naturam
847 2784 905 2839 eius
917 2776 1097 2855 corrumpat.³

215 2932 235 3001 ¹)
243 2934 350 2984 Minime
358 2934 480 2998 spondeo,
488 2934 556 2983 bunc
563 2934 669 2983 eundem
678 2935 748 2983 illum
756 2932 874 2982 Laelium
884 2932 993 2982 Felicem
998 2933 1097 2996 fuisse:

141 3011 317 3071 argumentum
324 3012 406 3054 tamen
413 3005 496 3053 simile
505 3011 544 3054 est
550 3004 697 3062 etLoelius,
706 3020 723 3053 a
732 3003 802 3053 lctis
804 3002 995 3067 posterioribus
1003 3005 1030 3053 in
1040 3006 1098 3054 iure
1113 2999 1115 3004 ’

141 3078 214 3126 ciuili
219 3078 295 3126 semel
304 3082 401 3125 tantum
411 3077 450 3124 vei
459 3075 498 3125 bia
508 3076 610 3133 citatus,
621 3077 702 3139 magis
712 3076 779 3123 iuris
785 3073 887 3136 publici
897 3076 937 3123 uei
949 3076 1022 3124 sueri
1030 3078 1097 3125 onti-

141 3147 281 3211 quitatibus
289 3161 393 3210 operum
402 3146 621 3195 dedisseoidetur.
641 3144 764 3195 Eiusdem
770 3143 859 3194 Laelii
866 3160 901 3194 em
908 3158 964 3194 neos.
974 3144 1098 3196 librorum

138 3219 280 3281 fidepocsit
288 3219 364 3266 etiam
371 3230 434 3273 eree,
444 3217 607 3280 quodsuprm
615 3215 808 3265 Laebmannnm
816 3230 865 3266 non
873 3216 930 3265 sine
939 3214 1099 3266 dubitatione

140 3290 230 3349 secuti,
243 3288 269 3338 0.
279 3286 355 3337 Aelio
370 3286 443 3336 Gallo
451 3298 471 3337 o.
482 3285 802 3352 tribuimurfrupmentum.
820 3286 902 3337 Multo
911 3288 1044 3351 antiquior
1052 3296 1098 3345 est,

141 3358 210 3421 uid.
222 3357 323 3407 Aelium
337 3355 459 3406 Stilonem
471 3365 577 3416 taceam,
589 3358 626 3406 nd
640 3374 712 3422 quem
726 3359 802 3407 etiam
813 3358 967 3421 referendus
982 3358 1051 3407 Ptin.
1066 3358 1097 3407 Ν.

141 3427 176 3478 Η.
193 3430 361 3489 1t,1t.§.15.,
376 3427 400 3476 C.
414 3427 514 3486 Aelius,
527 3430 602 3478 cuius
618 3430 689 3491 apud
704 3427 804 3477 Festum
818 3429 944 3493 quaedam
958 3435 1048 3477 entant
1065 3444 1100 3478 em

141 3500 260 3549 oratione
272 3499 429 3562 fragmenta.
460 3495 480 3563 ¹)
495 3498 540 3546 Ecc
549 3498 610 3547 Iani
625 3501 673 3561 tiu·
688 3499 826 3548 duumuiros
836 3500 894 3549 edd.
922 3496 943 3565 ⁸)
956 3496 1011 3548 ‘Em
1024 3499 1101 3549 libris
