2542 3909
157 207 222 270 272
437 226 495 262 onrr
512 225 606 261 marm.
626 206 660 259 ΙΙ.
681 211 829 260 221-226.

158 354 220 416 221,
234 356 288 413 Sed
305 358 435 411 diuersae
446 355 562 411 sclrolae
574 362 698 409 auctores
710 360 815 426 putant,
829 353 907 408 etiam
920 359 1046 407 extraneo
1059 369 1110 425 per

159 441 375 514 praeceptionem
385 438 470 512 legari
484 454 565 512 posse
575 437 700 511 proinde,
716 437 779 492 acsi
792 437 829 492 ita
843 436 988 492 scribatur:
1003 451 1109 496 ntnrvo

158 539 300 580 nonrnnn
317 536 455 580 smonvm
469 536 594 593 onemo,
606 536 774 594 superuacuo
789 519 891 575 adiecta
901 535 981 576 enan
993 519 1110 593 syllaba3

159 607 275 680 ideoque
291 621 340 680 per
354 605 561 662 uindicationem
578 621 634 660 eam
646 619 706 660 rem
721 604 835 677 legatam
849 603 948 659 uideri:
964 619 1032 676 quae
1047 620 1109 660 sen·

161 691 243 746 tentia
269 689 367 746 elicitur
393 689 448 745 diui
475 689 599 745 lladriani
630 690 827 745 constitutione
858 687 1011 743 confirmata
1041 705 1109 744 esse.

160 769 226 830 222.
251 773 402 830 Secundum
419 774 487 831 banc
502 775 585 846 igitur
607 774 760 846 opinionem
782 773 804 827 si
820 787 851 827 ea
866 787 910 826 res
925 787 958 826 ex
971 772 1032 827 iuro
1047 770 1110 839 put-

161 859 252 914 ritium
274 856 395 915 defuncti
417 857 515 932 luerit,
536 864 628 931 potest
649 874 663 912 a
684 855 815 929 legatario
837 854 980 926 uindicari,
1007 857 1066 911 slue
1087 858 1111 912 is

160 958 229 997 unus
245 957 277 997 ex
294 941 439 998 heredibus
454 943 499 1011 sit,
515 943 574 997 siue
590 947 746 1008 extraneus3
768 946 811 996 set
826 940 849 994 si
863 941 890 993 in
911 938 989 994 bonis
1004 948 1111 996 tantum

160 1028 300 1082 testatoris
316 1025 413 1095 luerit,
434 1034 560 1082 extraneo
582 1024 690 1097 quidem
711 1039 744 1079 en
765 1029 875 1079 senatus
896 1023 1021 1079 consulto
1044 1024 1111 1080 utile

159 1112 210 1167 erit
226 1111 361 1182 legatum,
378 1109 470 1165 heredi
485 1125 551 1165 uero
567 1108 681 1164 familiae
697 1105 889 1164 herciscundae
908 1106 1004 1163 iudicis
1020 1105 1111 1164 officio

159 1192 352 1269 praestabitur;
373 1192 470 1265 quodsi
491 1193 566 1248 nullo
585 1194 644 1248 iure
665 1191 748 1248 luerit
766 1190 922 1262 testatoris,
944 1201 997 1246 tam
1017 1191 1112 1248 heredi

161 1294 238 1351 quam
261 1284 388 1332 extraneo
411 1291 442 1331 er
467 1284 576 1332 senatus
604 1275 731 1332 consulto
755 1274 822 1331 utile
847 1276 906 1330 erit.
956 1270 1024 1332 223.
1048 1275 1112 1333 Siue

160 1371 250 1418 tamen
267 1357 427 1433 heredibus,
442 1360 588 1416 secundnm
604 1367 762 1416 nostrorum
778 1360 942 1434 opinionem,
958 1361 1016 1416 siue
1031 1361 1112 1417 etiam

160 1444 309 1514 extraneis,
335 1443 480 1499 secundnm
502 1442 609 1498 illorum
631 1444 802 1516 opinionem,
828 1441 934 1498 duobus
954 1443 1112 1516 pluribusne

160 1528 251 1583 eadem
267 1542 311 1581 res
326 1527 488 1608 coniunctim
510 1534 555 1581 aut
575 1526 729 1583 disiunctio]
751 1527 841 1604 legata
862 1527 958 1599 luerit,
981 1528 1082 1602 singuli
1106 1521 1111 1606 Ι

91 1618 151 1666 112.
160 1620 249 1685 partes
264 1610 362 1666 habore
371 1609 485 1666 'debent

224 1699 259 1748 td
277 1699 353 1761 tegern
368 1698 507 1748 Falcidiam.
545 1689 613 1750 224.
638 1693 690 1749 Sed
706 1693 772 1750 olim
788 1695 896 1768 quidem
910 1693 1007 1752 licebat
1024 1703 1111 1752 totum

160 1779 351 1852 patrimonium
366 1778 465 1852 legatis
481 1787 561 1852 atque
577 1776 744 1834 libertatibus
759 1794 890 1852 erogare,
905 1795 955 1836 nec
970 1781 1112 1853 quicquam

161 1861 253 1918 heredi
269 1862 422 1936 relinquere
437 1871 623 1935 praeterquam
639 1863 718 1917 inane
730 1879 827 1919 nomen
841 1863 960 1926 beredis;
977 1865 1058 1938 idque
1068 1864 1111 1920 lex

160 1963 206 2003 xtr
227 1944 376 2002 tabularum
398 1947 555 2020 permittere
575 1944 730 2014 uidebatur,
758 1963 809 2021 qua
829 1955 955 2019 cauetur,
980 1956 1012 2003 ut
1038 1948 1111 2021 quod

161 2031 276 2103 quisque
292 2030 324 2086 de
340 2046 369 2087 re
384 2047 433 2087 sua
449 2039 564 2089 testatus
579 2039 661 2103 essct,
677 2030 704 2086 id
719 2039 806 2087 ratum
822 2032 977 2104 baberetur,
992 2033 1034 2088 bis
1050 2049 1112 2088 uer·

159 2114 214 2170 bis:
237 2113 289 2170 ‘uti
304 2114 416 2189 legassit
431 2131 496 2172 strae
511 2119 566 2187 rei,
587 2117 625 2171 ita
646 2116 689 2171 ius
711 2113 803 2172 estoz'
819 2109 933 2188 ’quarc¹
955 2117 1000 2189 qui
1016 2118 1112 2188 scripti

160 2197 273 2254 heredes
288 2209 374 2268 erant,
392 2198 424 2256 ab
440 2199 589 2255 hereditate
600 2215 630 2254 se
641 2197 817 2272 abstinebant,
833 2207 861 2256 et
877 2199 976 2256 idcirco
988 2199 1111 2275 plerique

159 2282 280 2338 intestati
295 2283 486 2339 moriebantur.
531 2278 597 2345 225.
620 2282 713 2355 ltaque
733 2283 784 2338 lata
805 2290 847 2339 est
865 2283 907 2340 lex
929 2283 1025 2360 Furia,
1049 2301 1111 2358 qua,

161 2368 279 2440 exceptis
300 2369 424 2438 personis
440 2365 613 2440 quibusdam,
635 2367 733 2423 ceteris
748 2365 809 2440 plus
829 2366 892 2423 mile
911 2367 1015 2424 assibus
1037 2367 1180 2445 lega-[29⁶]

160 2456 251 2504 torum
266 2450 374 2506 nomine
390 2451 520 2506 mortisue
535 2466 613 2506 causa
630 2465 726 2524 capere
740 2453 901 2524 permissum
913 2467 967 2508 non
980 2461 1031 2509 est.
1064 2452 1112 2508 sed

161 2539 188 2587 et
204 2531 331 2588 boecler
347 2549 400 2589 non
416 2533 547 2607 perfecit,
563 2533 635 2607 quod
651 2533 752 2590 uoluit:
773 2536 819 2608 qui
841 2536 911 2591 enim
934 2535 1008 2591 uerbi
1025 2538 1112 2610 gratia

161 2615 281 2687 quinque
296 2614 397 2672 milium
414 2617 486 2673 aeris
502 2619 692 2690 patrimonium
713 2616 842 2689 babebat,
863 2627 971 2692 poterat
992 2622 1112 2693 quinque

161 2699 312 2754 bominibus
328 2699 442 2774 singulis
465 2702 578 2757 milenos
599 2717 673 2757 asses
688 2701 803 2776 legando
819 2710 906 2758 totum
922 2704 1111 2775 patrimonium

161 2798 283 2856 erogare.
322 2778 390 2840 226.
414 2784 476 2840 ldeo
492 2793 588 2858 postea
603 2784 657 2841 lata
673 2793 715 2840 est
730 2787 772 2842 lea
789 2786 918 2856 Voconia,
935 2801 987 2858 qua
1002 2794 1113 2842 cautum

235 2946 254 3016 ¹)
268 2965 311 3015 qae
325 2954 505 3016 superscripta
519 2967 531 3001 a
547 2955 649 3003 litterae
663 2969 679 3018 q
692 2970 739 3004 aec
758 2956 810 3003 ullo
829 2960 904 3003 notae
922 2954 997 3019 cippo
1017 2956 1113 3007 litteris

161 3035 189 3070 ae
203 3022 292 3072 addito
312 3022 339 3071 V
340 3019 372 3085 ’ῖς
387 3022 547 3087 quamobrem
561 3040 629 3074 nunc
644 3040 700 3074 cum
714 3026 809 3076 ceteris
817 3024 874 3074 edd.
884 3026 1019 3075 emendavi
1028 3042 1112 3090 quare.

231 3195 255 3268 ξ.
271 3202 330 3250 222.
359 3200 397 3264 Cf.
418 3201 628 3262 §§.4o.1oc.1or.
653 3247 661 3261 ,
705 3197 730 3270 ξ.
746 3204 806 3254 223.
835 3202 873 3266 Os.
888 3202 959 3267 Epic.
979 3216 1034 3264 aa.
1054 3206 1113 3266 §.a

160 3269 192 3319 L.
208 3285 250 3319 un.
266 3272 288 3332 ξ.
300 3283 332 3321 11.
351 3271 375 3320 C.
391 3271 423 3320 de
437 3272 527 3321 caduc.
539 3270 570 3337 (o,
580 3269 625 3338 51).
676 3267 701 3340 ᾗ.
712 3275 772 3322 224.
790 3273 828 3336 Cf.
837 3289 881 3337 pr.
896 3273 918 3322 I.
933 3274 965 3325 de
975 3277 1030 3340 lepe
1042 3274 1112 3325 Falc.

161 3339 193 3406 (2,
207 3337 243 3406 22)
259 3355 315 3392 cum
333 3341 441 3405 Theoplt.
457 3343 491 3391 uti
505 3339 614 3409 legassit]
630 3342 664 3405 cf.
675 3342 790 3393 Dirlreen
807 3343 869 3392 XII
878 3343 945 3394 tabo.
960 3356 981 3404 5,
991 3356 1011 3396 a.
1026 3344 1114 3396 Sabelli

156 3426 185 3474 p.
201 3421 246 3462 ltt.
310 3407 335 3479 ξ.
352 3414 411 3462 225.
438 3412 963 3477 02122221ΤὴεορΙι.ῑ.ο.ἰηΙναι,22.
988 3416 1042 3480 Uip.
1057 3428 1078 3477 1,
1093 3429 1113 3468 2.

160 3493 192 3534 28,
209 3492 229 3532 t.
255 3481 298 3531 to.
319 3482 377 3533 Vnt.
392 3494 438 3535 tot.
468 3483 548 3532 Varr.
565 3482 661 3547 sraqm.
684 3482 726 3532 lib.
741 3483 794 3531 III.
809 3485 841 3533 de
855 3486 898 3534 ait.
910 3501 972 3549 pop.
989 3486 1059 3538 Rom.
1074 3488 1114 3537 ed.

160 3550 218 3614 Bip.
234 3567 262 3615 p.
282 3564 329 3603 217.
402 3549 427 3622 ξ.
447 3556 507 3604 226.
534 3552 572 3616 Of.
592 3552 657 3601 tneo.
676 3559 701 3601 et
723 3552 832 3616 Tbeopb.
852 3557 869 3603 l.
885 3571 907 3604 c.
931 3557 978 3605 Lex
997 3553 1114 3625 Voconia]
