2542 3909
179 221 239 287 ‘196
389 238 488 276 ruore.
506 237 561 274 rvr.
578 237 643 276 son.
661 237 747 274 vasto.
766 224 916 276 tet-285.

180 371 249 428 aeris
264 368 342 426 alieni
357 361 547 440 solutionem,¹
569 371 596 425 ei
609 367 646 424 ob
661 367 789 424 intestato
808 383 870 424 oum
889 367 973 423 iretre
993 374 1041 424 tuo
1057 369 1144 424 matri

180 453 259 510 ireres
280 453 424 519 exstitisti,
445 443 603 509 'reuocare²
624 467 680 507 non
702 459 793 524 potes.
830 450 899 508 Dot.
920 449 1092 508 Nicomediae
1109 451 1140 508 V.

179 552 245 592 non.
261 534 337 591 liart.
353 537 444 609 Augg.
460 528 712 595 bitettinum.

240 615 307 678 281.
331 611 429 674 ‘iidem
444 617 554 674 Aurelio
569 617 674 674 Seuero
689 617 865 678 Alexandro.
902 616 1024 674 Peterin
1039 615 1138 684 filium,
1153 629 1216 678 tros]

178 717 258 776 quem
272 703 300 759 in
315 710 453 776 potestate
468 700 558 771 habet,
574 701 719 758 conferens
735 702 795 774 ipso
810 702 869 756 iure
884 700 1065 759 donationem
1080 717 1139 758 uon

73 783 261 858 [nites-iactu
283 785 332 842 sed
347 801 380 842 es
394 785 547 858 praeceptis
563 792 727 841 statutorum
751 794 860 857 recepta
876 777 880 862 Ι
897 784 1063 842 humanitate
1077 785 1138 859 pia·

178 863 261 936 cuit,⁸
282 869 305 925 si
319 870 348 925 ln
362 867 458 925 eodem
480 867 579 924 iudicio
601 883 777 941 perseuerans
800 866 935 925 inlatum
957 871 1137 939 concesserit,

178 952 365 1010 liberalitatem
380 953 438 1008 eius
450 951 525 1008 salua
540 951 602 1027 iege
613 950 727 1008 Falcidia
741 950 858 1024 probari.
881 951 997 1008 Proinde
1009 954 1031 1008 si
1047 959 1136 1024 pater,

179 1037 225 1111 qui
236 1051 285 1110 per
295 1035 438 1109 epistulam
450 1049 494 1090 res
506 1034 553 1092 tibi
565 1035 638 1092 dono
651 1033 735 1104 dedit,
751 1051 806 1090 non
821 1043 949 1092 reuocata
964 1033 1135 1106 iiberalitate,

178 1135 229 1176 nec
249 1127 349 1176 mutata
373 1118 530 1188 uoluntate,
552 1117 659 1176 laniem
680 1117 751 1174 diem
772 1119 901 1174 intestato
918 1117 1001 1190 obiit,
1023 1118 1136 1176 inlibata

179 1202 289 1260 donatio
311 1212 460 1276 permanet,
482 1202 543 1258 ’nisi
557 1211 647 1258 temen
665 1201 733 1274 legis
751 1200 881 1258 Falcidiae
902 1203 973 1258 ratio
989 1204 1136 1260 comminui

178 1301 236 1344 eam
258 1278 413 1359 exerenti,
436 1284 509 1358 quod
531 1285 658 1342 siiocum
679 1283 776 1354 lubet,
798 1291 910 1342 eatenus
932 1300 965 1340 es
987 1284 1135 1344 donatione

178 1368 276 1426 iratres
291 1371 332 1426 tui
342 1368 485 1438 deducent,
504 1377 637 1443 quatenus
648 1368 675 1424 id
687 1367 745 1424 lieri
760 1368 921 1425 indemnitas
933 1374 961 1424 et
971 1369 1039 1424 iuris
1049 1362 1134 1426 retio⁷

177 1455 206 1510 iu
214 1451 367 1526 optinendis
376 1451 560 1525 portionibus,
569 1467 635 1526 quas
644 1467 692 1508 eos
703 1451 801 1508 habere
813 1467 924 1508 necesse
932 1460 985 1519 est,
996 1447 1136 1526 erigunt.⁸

178 1536 254 1592 luxta
269 1536 337 1591 banc
351 1536 418 1590 ioris
433 1534 547 1590 iormam
562 1550 671 1607 praeses
693 1537 848 1607 prouinciae
863 1535 897 1591 ad
912 1535 999 1591 uicem
1018 1535 1134 1592 iamiiiae

178 1616 370 1676 herciscundae
386 1615 505 1673 oiiicium
519 1619 669 1674 sententiae
684 1633 747 1674 suae
762 1617 870 1692 iegibus
885 1617 1052 1690 temperabit.
1081 1617 1134 1680 PP.

178 1701 316 1776 Byzantio,
332 1698 373 1760 lii.
388 1699 440 1756 imi.
456 1702 519 1773 ripr.
535 1700 646 1757 ilaaiuro
662 1709 690 1756 et
703 1701 830 1775 Aquilino
847 1696 951 1760 conss.i

240 1779 312 1843 282.
327 1784 408 1840 iidem
419 1783 577 1857 Calpurniae
588 1785 766 1841 dristenetae.
789 1783 921 1852 Quoniam
935 1801 991 1841 non
1005 1794 1135 1843 contenta

178 1870 322 1942 rescripto,
337 1868 411 1943 quod
426 1869 572 1942 adprimus
586 1883 682 1942 preces
698 1883 849 1941 acceperas,
868 1870 966 1924 iterato
981 1868 1134 1942 supplicare

179 1953 302 2024 uoluisti,
324 1969 357 2009 ex
371 1954 429 2008 iure
450 1954 614 2026 rescriptum
628 1951 789 2025 reportabis.
832 1946 1025 2010 Communes¹⁰
1046 1969 1090 2008 res
1106 1955 1134 2010 in

179 2035 295 2094 solidum
307 2036 401 2092 donari
416 2045 565 2110 nequeunt,
579 2035 628 2092 sed
639 2036 779 2108 portiones
791 2051 896 2106 eorum,
912 2035 959 2107 qui
971 2035 1084 2107 donant,
1100 2035 1134 2092 ad

179 2135 237 2191 eos,
254 2120 301 2194 qui
312 2119 384 2175 dono
396 2121 540 2192 accipiunt,
556 2119 699 2175 transitum
715 2117 825 2175 iaciunt.
849 2112 926 2175 nec¹¹
942 2119 1040 2192 ambigi
1052 2135 1134 2193 opor·

178 2212 229 2278 tet,
244 2203 404 2261 donationes
416 2205 494 2258 etiam
504 2204 577 2258 inter
588 2201 726 2273 absentes,
741 2203 764 2258 si
776 2218 808 2258 ex
825 2202 966 2259 uoluntate
975 2201 1136 2258 donantium

178 2289 378 2360 possessionem
401 2288 435 2356 ii,
458 2284 555 2359 quibus
577 2285 707 2343 donatum
729 2294 785 2355 est,
808 2287 1006 2356 nanciscuntur,
1031 2285 1133 2342 ualidas

179 2363 280 2428 esse.¹²
301 2370 403 2440 ilestat,
419 2378 449 2425 ut
459 2363 511 2424 εἰ18
526 2367 598 2427 filius
609 2377 674 2426 tuus
685 2368 875 2426 immoderatae
889 2368 1057 2426 liberalitatis
1069 2369 1135 2425 eiiu-

252 2517 271 2585 1)
287 2519 409 2576 Materni,
424 2521 499 2568 cuius
507 2521 658 2570 solutionem
669 2519 754 2582 [ratri
762 2518 912 2569 donationis
922 2519 949 2566 in
959 2533 1014 2567 eum
1024 2521 1134 2569 collotoe

179 2604 259 2640 conso
272 2591 323 2639 soii
337 2587 482 2637 incubuisse
492 2590 632 2637 Annianus
642 2595 789 2650 pratoverot.
816 2587 941 2650 CfiL.15.
963 2587 988 2641 0.
999 2587 1031 2637 de
1045 2589 1132 2640 donat.

178 2659 210 2724 (o,
224 2657 268 2723 54).
321 2654 399 2722 ¹)Ito
419 2658 477 2707 Vot.
492 2659 531 2708 ed.
547 2658 641 2707 Hoitw.
656 2671 770 2706 reuocare
787 2657 813 2706 V
814 2657 835 2706 Ι.
850 2659 889 2707 ed.
902 2657 1024 2715 Mornme„
1039 2665 1133 2721 etpost

177 2735 260 2792 potest
273 2743 325 2792 pro
339 2734 417 2791 poteo.
490 2724 511 2793 8)
531 2728 641 2776 Videtur
655 2728 838 2792 corripendum
851 2726 934 2786 IIIL,
953 2735 980 2777 ut
998 2730 1131 2780 sitnisi.

180 2799 215 2848 Ar
229 2800 255 2848 in
270 2797 292 2847 Ι.
310 2797 335 2847 0.
350 2797 522 2862 subscriptum
535 2805 587 2846 ert:
608 2794 676 2844 ‘PP.
697 2797 727 2846 V.
742 2795 783 2845 Id.
799 2797 867 2846 Maii
873 2834 879 2858 ,
900 2812 982 2848 ronse.
998 2805 1026 2846 ut
1039 2795 1132 2861 snpro’

179 2869 307 2935 (Monimo
321 2868 359 2918 ΙΙ.
374 2876 399 2917 et
412 2869 537 2932 Aquilino
551 2880 634 2917 conss.
649 2881 673 2916 n.
688 2865 755 2932 ceu).
829 2864 851 2932 ⁴)
864 2866 950 2918 Senot.
966 2882 1062 2932 morpn
1080 2868 1130 2918 iiic.

180 2941 205 2989 Si
219 2947 288 3003 pater
301 2940 325 2988 in
340 2939 516 2989 tiliumiamiiies
535 2937 627 3000 aliquid
645 2938 760 3001 confert,
779 2937 909 2986 liberalitas
928 2938 980 2986 eius
995 2940 1064 2987 soluo
1078 2941 1132 3004 tepe

179 3011 283 3059 i'sicidin
297 3010 419 3073 probanda
433 3015 479 3056 eet.
527 3003 548 3072 Ι5)
564 3006 603 3069 Cf.
617 3015 670 3057 not.
680 3020 701 3058 t.
718 3023 744 3071 p.
755 3019 803 3060 tte.
848 3005 869 3072 ⁶)
884 3009 905 3056 si
919 3015 998 3056 tamen
1014 3047 1074 3061 ....
1089 3023 1131 3058 nex

180 3080 284 3143 exegerit
302 3079 333 3128 V.
348 3081 436 3142 primo
450 3093 535 3135 manu,
549 3078 588 3126 ed.
605 3077 718 3127 Monznts.
767 3076 787 3144 ⁷)
803 3086 827 3127 et
840 3079 933 3127 inserit
951 3078 1009 3129 Vni.
1057 3076 1078 3144 8)
1094 3078 1130 3142 Os.

179 3150 212 3199 L.
226 3161 247 3200 e.
268 3149 294 3198 θ.
309 3148 341 3198 de
355 3148 429 3210 inoff.
444 3148 502 3196 don.
518 3145 549 3213 (s,
564 3145 610 3211 so).
629 3148 662 3196 L.
678 3161 710 3200 ιο.
727 3159 759 3200 ao.
775 3159 809 3198 21.
827 3147 852 3197 θ.
865 3149 928 3211 fon.
943 3163 995 3198 erc.
1011 3147 1042 3213 (e,
1053 3146 1096 3213 ee).

180 3217 202 3284 9)
217 3235 242 3269 o.
256 3229 305 3270 tos.
380 3215 412 3281 ¹⁰)
429 3217 467 3279 Cf.
482 3217 514 3266 L.
529 3230 563 3269 12.
584 3219 610 3268 0.
625 3219 658 3268 de
672 3220 730 3268 don.
747 3217 782 3284 (8,
797 3217 840 3284 54).
861 3217 946 3268 Senot.
965 3233 1062 3282 norp:
1081 3218 1129 3278 iiic,

179 3302 316 3338 communes
331 3301 370 3337 res
385 3287 525 3336 insolidum
544 3289 628 3337 donari
649 3303 696 3337 non
714 3303 794 3351 posse.
823 3288 967 3337 [lunationes
986 3289 1057 3336 etiam
1071 3289 1131 3337 inter

179 3358 291 3407 absentes
304 3371 377 3420 posse
392 3357 444 3405 iieri
459 3364 483 3405 et
497 3358 589 3406 ueiidns
604 3373 667 3416 esse,
681 3359 703 3406 si
718 3371 745 3406 cx
760 3358 880 3406 uoluntate
891 3358 1028 3406 donantium
1038 3358 1071 3419 iri,
1081 3359 1129 3421 qui·

178 3427 223 3474 bus
237 3426 349 3474 donatum
368 3432 416 3482 est,
430 3427 600 3476 nanciscuntur
617 3427 796 3490 possessionem
815 3441 895 3476 rerum
915 3427 1061 3477 donatarum.

182 3490 216 3556 11)
230 3494 279 3544 Est
291 3495 324 3544 h.
338 3505 360 3546 o.
377 3494 402 3542 O.
417 3495 449 3543 de
462 3496 522 3544 don.
537 3495 569 3561 (e,
580 3495 624 3558 54).
678 3491 711 3560 12)
725 3495 826 3545 Senon:
845 3497 909 3546 idem
924 3511 995 3559 supra
1010 3511 1063 3559 pag.
1075 3497 1127 3546 iiii.

179 3568 204 3609 et
216 3563 277 3611 inira
290 3577 344 3625 pag.
359 3562 405 3610 XV.
421 3569 445 3612 et
453 3564 533 3614 xxiii.
587 3561 620 3628 ¹⁸)
633 3564 705 3614 Hinc
719 3567 812 3628 incipit
825 3565 858 3615 L.
867 3578 889 3617 t.
906 3566 931 3615 C.
943 3567 974 3615 de
989 3567 1061 3628 inoff.
1072 3566 1127 3616 don.
