2542 3909
67 199 69 205 Α
161 236 225 301 374
458 251 518 288 osu
536 251 636 287 susam.
655 232 703 287 IV.
723 239 832 289 ila—⁷8.

224 390 271 451 75.
291 392 329 448 Ex
345 385 496 450 maleficio¹
519 391 750 449 filiorumlamilias
772 410 981 467 seruorumque,
1002 395 1088 451 ueluti
1104 397 1127 453 si

161 479 264 536 furtum
290 478 405 535 iecerint
432 486 477 534 aut
503 478 626 533 iniuriam
648 478 846 549 commiserint,
870 478 980 534 noxales
1006 481 1127 535 actiones

160 562 285 638 proditae
300 570 375 633 sunt,
396 562 436 618 uti
451 563 547 620 liceret
568 564 638 636 patri
654 562 800 619 dominoue
815 571 862 620 aut
883 562 939 619 litis
961 563 1126 620 aestimatio·

159 664 220 705 nem
236 646 352 703 sufferre
368 656 414 703 aut
429 662 517 703 noxae
530 646 644 703 dedere:
661 656 720 703 erat
735 648 805 704 euim
818 649 956 721 iniquum,
978 649 1127 722 nequitiam

159 749 254 789 eorum
270 731 342 789 ultra
356 734 479 806 ipsorum
495 748 609 805 corpora
624 731 783 805 parentibus
803 732 956 789 dominisue
971 732 1125 789 damnosam

158 833 231 875 esse.
265 813 313 874 76.
337 816 508 873 Constitntae
529 825 594 872 sunt
615 826 707 872 autem
729 816 838 872 noxales
853 818 974 873 actiones
989 826 1037 873 aut
1057 817 1125 891 legi-

158 900 210 959 bus
225 909 271 958 aut
289 902 378 958 edicto
397 902 547 975 praetoris:
571 900 695 975 legibus,
711 900 788 958 uelut
803 901 870 957 lurti
886 900 947 975 lege
961 918 1008 959 111
1022 901 1126 958 tabula·

158 1002 228 1057 rum,
250 986 339 1042 damni
358 986 471 1042 iniuriae
490 984 552 1059 lege
567 985 687 1059 Aquilia;
710 986 799 1043 edicto
815 988 963 1059 praetoris,
987 986 1064 1043 uelut
1085 988 1125 1041 iu·

157 1072 286 1127 inriarum
302 1079 330 1127 et
346 1071 375 1127 ui
391 1070 523 1127 bonorum
540 1078 691 1144 raptorum.
726 1065 769 1129 77.
793 1069 891 1126 Omnes
907 1080 998 1127 autem
1013 1070 1125 1127 noxales

158 1156 278 1212 actiones
293 1163 375 1230 caput
390 1162 557 1228 sequuntur:
580 1171 642 1210 nam
662 1156 687 1211 si
708 1152 780 1211 lilius
803 1164 866 1211 tuus
880 1171 1013 1212 seruusue
1027 1171 1124 1211 noxam

157 1242 332 1311 commiserit,
349 1238 476 1313 quamdiu
490 1240 518 1294 in
533 1246 580 1295 tua
596 1248 732 1313 potestate
748 1247 804 1309 est,
829 1249 918 1296 tecum
933 1247 976 1297 cst
991 1241 1079 1309 actio;
1101 1241 1124 1295 si

156 1326 183 1379 in
199 1324 310 1381 alterius
326 1331 491 1399 potestatem
506 1326 681 1397 peruenerit,
703 1341 765 1380 cum
787 1324 835 1381 illo
850 1325 946 1399 incipit
961 1325 1031 1381 actio
1047 1340 1123 1393 essc;

157 1410 180 1463 si
195 1410 238 1465 sui
252 1410 320 1465 iuris
335 1409 457 1482 coeperit
474 1424 550 1479 csse,
566 1408 669 1465 directa
684 1411 754 1465 actio
769 1425 831 1466 cum
845 1410 907 1483 ipso
922 1417 979 1479 est,
995 1419 1023 1465 et
1038 1424 1124 1465 noxae

157 1492 260 1549 deditio
281 1494 460 1567 extinguitur.
499 1509 532 1548 ex
551 1492 662 1549 diuerso
684 1509 793 1567 quoque
815 1493 918 1549 directa
933 1496 1003 1549 actio
1018 1492 1124 1549 noxalis

157 1593 216 1634 esse
238 1578 352 1651 incipit:
375 1593 436 1633 nam
463 1578 487 1632 si
514 1577 706 1651 paterfamilias
726 1594 825 1635 noxam
845 1580 1027 1648 commiserit,
1051 1586 1079 1634 et
1099 1578 1122 1633 is

156 1678 186 1717 se
201 1662 229 1717 in
245 1661 452 1736 adrogatiouem
468 1662 516 1717 tibi
535 1661 640 1718 dederit
655 1671 701 1718 aut
715 1678 815 1719 seruus
830 1671 895 1719 tuus
911 1679 970 1719 esse
990 1664 1122 1737 coeperit,

157 1744 257 1821 (quod)
273 1744 433 1819 quibusdam
449 1744 554 1803 casibus
570 1746 692 1803 accidere
712 1748 800 1820 primo
822 1747 1017 1804 commentario
1039 1743 1122 1803 tradi·

157 1830 256 1901 dimus,
272 1831 366 1905 incipit
380 1838 470 1887 tecum
488 1829 591 1887 noxalis
607 1832 677 1887 actio
693 1848 764 1902 esse,
782 1848 849 1904 quae
864 1840 927 1888 ante
941 1833 1043 1888 directa
1059 1831 1120 1887 luit.

155 1909 202 1972 78.
222 1914 275 1972 Sed
295 1916 318 1971 si
338 1913 410 1971 lilius
431 1916 501 1989 patri
523 1923 570 1971 aut
590 1932 689 1973 seruus
710 1914 821 1972 domino
836 1932 932 1972 noxam
947 1917 1121 1987 commiserit,

156 1999 231 2057 nulla
247 2001 317 2057 actio
332 2002 467 2057 nascitur:
490 2000 653 2056 nullaenim
669 2001 779 2057 omniuo
794 2002 866 2057 inter
881 2017 924 2057 me
939 2011 1061 2072 etcum,
1076 2001 1122 2074 qui

155 2089 184 2141 iu
198 2091 335 2160 potestate
350 2101 409 2141 mea
424 2091 480 2149 est,
504 2083 634 2159 obligatio
656 2084 730 2142 nasci
750 2095 857 2159 potest,
877 2086 994 2159 ideoque
1014 2086 1080 2142 etsi
1095 2086 1122 2140 in

85 2176 142 2226 218.
156 2169 266 2226 alienam
291 2162 295 2247 l
319 2178 485 2244 potestatem
505 2171 664 2243 peruenerit
687 2178 734 2226 aut
752 2171 795 2225 sui
818 2171 885 2227 iuris
907 2187 969 2227 esse
991 2171 1121 2244 coeperit,

154 2271 244 2328 neque
264 2271 325 2311 cuna
346 2256 405 2328 ipso
425 2270 515 2328 neque
530 2270 592 2310 oum
606 2270 661 2325 eo,
676 2256 754 2311 cuius
770 2270 843 2312 nunc
862 2256 889 2310 in
910 2262 1047 2328 potestate
1068 2264 1121 2327 est,

154 2341 198 2413 agi
218 2347 321 2414 potest.
352 2337 423 2394 unde
444 2338 597 2411 quaeritur,
618 2339 642 2393 si
657 2337 762 2395 alienus
783 2355 881 2395 seruus
903 2338 1010 2395 liliusue
1024 2355 1121 2404 noxam

153 2424 320 2481 commiserit
335 2423 416 2497 milri,
441 2431 469 2478 et
488 2423 510 2478 is
534 2432 629 2496 postea
644 2424 672 2479 in
688 2439 746 2481 mea
761 2439 822 2479 esse
838 2425 960 2497 coeperit
973 2432 1119 2498 potestate,
1132 2440 1188 2495 [eosq

154 2516 246 2564 utrum
260 2505 405 2565 intercidat
421 2506 501 2579 actio,
518 2522 550 2562 an
567 2508 703 2581 quiescat:
727 2508 813 2563 nostri
829 2515 1022 2581 praeceptores
1037 2509 1122 2565 inter·

153 2591 244 2649 cidere
258 2598 370 2665 putant,
393 2592 455 2665 qnia
470 2592 498 2647 iu
513 2606 575 2648 eum
591 2608 682 2649 casum
699 2591 814 2648 deducta
828 2593 881 2664 sit,
904 2594 933 2648 iu
948 2610 1003 2666 quo
1017 2588 1121 2650 'imtio²

153 2678 303 2733 consistere
315 2692 371 2734 uon
383 2677 515 2750 potuerit,
530 2676 656 2750 ideoque,
671 2677 737 2733 licet
747 2678 843 2733 exierit
857 2678 961 2735 demea
973 2686 1121 2751 potestate,

153 2776 236 2835 agere
251 2777 294 2817 me
311 2776 365 2817 non
386 2778 484 2836 posse;
507 2760 630 2818 diuersae
651 2761 762 2818 scholae
781 2770 921 2827 auctores,
945 2762 1072 2836 quamdiu
1092 2764 1120 2818 in

153 2862 211 2901 mea
225 2852 363 2919 potestate
378 2848 425 2916 sit,
440 2847 580 2920 quiescere
593 2845 730 2903 actionem
741 2853 849 2919 putant,
864 2851 933 2919 quia
943 2849 1002 2921 lpse
1014 2863 1120 2904 mecum

225 2985 246 3053 1)
260 2990 384 3040 malellciis
404 2989 489 3040 Instit.
509 2990 553 3059 die
571 2996 597 3039 ct
614 2991 637 3051 ξ.
653 3000 699 3040 111.
724 2990 771 3039 scd
787 2990 905 3039 maleficio
924 2998 962 3040 est
978 2988 1121 3039 Garanum.-

153 3060 185 3129 ζι.
200 3073 221 3112 4.
241 3060 273 3109 D.
289 3061 321 3110 de
335 3060 382 3111 obl.
398 3068 422 3111 et
436 3068 486 3111 aet.
504 3060 549 3123 (44,
564 3058 595 3126 t).
653 3056 674 3125 ²)
690 3059 735 3108 Ex
753 3059 854 3109 Bonam.
874 3058 982 3120 Scled„
1001 3060 1048 3110 ubi
1060 3068 1119 3110 ante

152 3139 266 3182 notatum
280 3132 313 3181 tio
327 3132 468 3181 secundnm
483 3130 510 3180 V
511 3126 532 3163 '2
540 3134 691 3194 corruptela
706 3133 853 3180 litterarum
866 3130 900 3180 ini
910 3132 996 3196 fuisse
1008 3132 1119 3182 uidetur.

153 3202 193 3265 Of.
208 3204 244 3252 ad
258 3204 281 3264 ξ.
296 3214 316 3255 o.
337 3202 359 3251 1.
375 3204 407 3252 de
425 3204 511 3252 instit.
529 3204 590 3267 stip.
605 3202 642 3267 (a,
657 3201 695 3268 19)
714 3218 730 3252 a
747 3201 898 3254 Schradero
916 3205 1039 3269 allepota.
1066 3201 1118 3252 Oen.

151 3272 238 3323 Instit.
254 3274 294 3323 ed.
308 3271 382 3324 Stad.
401 3274 463 3323 actio
478 3280 556 3324 antea
571 3274 704 3324 edebatur.

224 3394 248 3465 ξ.
264 3399 306 3449 76.
323 3418 356 3439 =
367 3412 411 3459 pr.
426 3397 449 3458 ἕ.
465 3398 535 3459 aflai.
555 3397 577 3446 I.
593 3398 624 3447 de
639 3400 730 3447 noorai.
744 3405 795 3448 act.
810 3397 843 3463 (4,
857 3398 888 3462 a).
910 3398 949 3461 Of.
961 3398 1037 3447 Paul.
1053 3409 1119 3460 nat.

153 3470 179 3529 ᾗ.
194 3481 213 3520 a.
233 3483 315 3531 supra
329 3481 350 3529 1,
365 3478 412 3519 rao.
467 3462 493 3535 ξ.
509 3467 763 3530 ro.=s.a.1.ro.
820 3464 845 3537 ξ.
862 3467 1118 3531 tt.=§.a.1.tb.

155 3538 194 3599 Cf.
211 3538 287 3587 Paul.
303 3550 323 3600 a,
338 3549 371 3589 cr.
392 3538 432 3599 §b
452 3549 470 3589 s.
490 3548 510 3589 a.
534 3538 611 3601 primo
631 3535 730 3606 comm]
749 3540 773 3600 ἓ.
793 3551 839 3590 1oo.
895 3535 921 3607 θ.
942 3542 984 3591 te.
1006 3538 1044 3600 Of.
1060 3541 1084 3601 §-
1099 3550 1119 3589 c.

159 3606 176 3656 l,
191 3607 223 3656 ib.
244 3607 276 3655 L.
292 3619 325 3659 1e.
340 3620 373 3661 aa.
394 3608 426 3657 D.
442 3608 473 3657 de
484 3608 552 3670 furt.
568 3607 613 3674 (tr,
628 3607 660 3673 a).
679 3609 712 3657 L.
726 3621 761 3661 sa.
781 3609 813 3659 Ι).
828 3610 860 3658 de
875 3612 964 3659 noent.
978 3616 1029 3659 act.
1039 3609 1071 3676 (s,
1086 3608 1118 3675 a).
