2542 3909
475 266 498 301 r.
517 266 614 302 uvorvs
633 266 775 303 sonarem.
1087 260 1105 315 7

144 408 225 449 causa
247 398 347 449 tectum
369 391 568 465 proficeretur,
588 408 619 448 en
636 410 692 465 quo
707 394 735 447 in
751 401 853 449 tectum
868 394 943 465 eius,
964 392 1044 449 aedes
1060 397 1107 467 qui

144 477 325 550 protexisset,
347 492 416 550 aqua
436 474 598 549 prollueret,
621 476 649 531 id
669 476 717 531 tihi
733 478 775 532 ius
796 477 894 533 uideri.
909 506 951 519 -
965 477 1022 533 (lic.
1039 477 1105 550 'l'op.

144 559 225 617 ann.

206 639 235 699 2.
259 641 287 698 G.
303 642 408 699 Caelius
424 642 503 697 iudex
518 641 638 698 absoluit
652 644 810 699 iniuriarum
826 659 898 713 eum,
914 646 961 719 qni
975 642 1107 701 Lucilium

143 736 251 802 poetam
274 730 301 783 ln
324 740 404 783 scena
426 727 584 782 nominatim
606 726 734 783 laeserat:
757 726 788 782 P.
804 727 907 783 liucius
922 745 993 796 eum,
1015 730 1061 801 qui
1077 726 1105 784 t..

128 800 252 869 'Accium
279 819 388 886 poetam
415 812 619 882 nominauerat‚
652 804 869 871 condemnauit¹
899 844 938 852 —
966 816 1045 869 duct.
1075 812 1107 867 ad

143 896 262 953 Herenn.
278 895 309 965 2,
325 894 354 952 3.
370 894 398 966 3.
418 894 464 951 19.

103 984 134 1032 [1]
206 974 234 1035 8.
257 978 362 1036 Placuit
376 978 405 1033 P.
422 976 568 1033 Scaeuolae
591 984 619 1034 et
641 977 812 1034 Coruncanio
834 978 1106 1051 pontificibusmari·

142 1065 193 1119 mis
209 1065 329 1138 itemque
343 1062 474 1131 caeteris,
495 1062 541 1135 qui
558 1061 714 1117 tantundem
729 1069 853 1134 caperet,
869 1070 999 1135 quantum
1014 1079 1107 1118 omnes

142 1146 267 1217 heredes,
291 1149 375 1203 saeris
397 1143 510 1217 alligari.
541 1144 633 1201 llaheo
649 1147 692 1200 ius
706 1145 883 1218 pontificium.
911 1144 979 1213 Quid
995 1147 1048 1202 huc
1063 1164 1106 1203 ac·

142 1234 227 1287 cessit
253 1246 285 1287 ex
310 1233 370 1287 iure
396 1229 488 1286 ciuili?
517 1228 674 1284 Partitionis
695 1237 786 1302 caput,
809 1231 942 1302 scriptum
964 1238 1051 1301 caute,
1077 1239 1107 1286 ut

142 1325 252 1371 centum
267 1316 369 1371 nummi
384 1311 593 1368 deducerentur.
622 1312 735 1369 inuenta
756 1323 800 1369 est
821 1316 901 1379 ratio,
923 1330 973 1370 eur
993 1316 1107 1387 pecunia

145 1415 285 1455 sacrorum
306 1397 430 1454 molestia
451 1396 622 1452 liberaretur.
653 1395 721 1464 Quid
742 1398 765 1453 si
784 1398 837 1453 hoc
852 1399 899 1470 qui
916 1405 1105 1453 testamentum

143 1481 269 1552 iaciebat,
283 1497 379 1539 cauere
393 1480 545 1539 noluisset?
574 1480 699 1535 admonet
715 1481 925 1537 iurisconsultus
940 1482 985 1537 hic
1000 1482 1105 1554 quidem

142 1569 202 1641 ipse
225 1566 338 1637 diucius,
362 1564 485 1638 pontiiex
500 1563 581 1632 idem,
604 1573 635 1620 ut
657 1566 745 1620 minus
759 1567 857 1639 capiat,
880 1580 959 1637 quam
982 1563 1106 1621 omnibus

143 1650 291 1707 heredibus
314 1650 497 1722 relinquatur:
521 1648 618 1720 quihus
634 1665 691 1721 par,
706 1648 838 1719 dicebant,
856 1649 903 1721 qui
918 1650 1045 1722 cepisset,
1061 1648 1106 1703 ad·

143 1728 269 1806 stringi.²
297 1734 401 1789 Rursus
422 1734 505 1787 sacris
526 1731 685 1788 liberantur.
715 1732 771 1788 lloc
790 1749 858 1788 uero
878 1731 945 1788 nihil
967 1733 1000 1789 ad
1015 1734 1105 1806 ponti·

143 1816 233 1875 licium
255 1820 309 1886 ins,
331 1809 387 1872 set⁸
409 1832 424 1871 e
447 1814 535 1871 medio
551 1825 594 1873 est
608 1818 668 1871 iure
683 1816 764 1885 cinlli,
788 1825 819 1872 ut
841 1833 890 1890 per
908 1833 953 1872 aes
968 1825 997 1873 et
1012 1816 1104 1872 lihram

142 1902 271 1959 heredem
287 1900 440 1957 testamenti
456 1899 573 1970 soldani,
595 1909 622 1955 et
645 1899 740 1955 eodem
763 1900 823 1957 loco
846 1916 891 1956 res
913 1902 956 1971 sit,
981 1902 1058 1974 quasi
1074 1917 1105 1956 ea

144 1988 256 2059 pecunia
271 1985 360 2057 legata
375 1999 430 2039 uon
446 1990 529 2055 esset,
546 1984 617 2054 siis,
632 1983 676 2039 cui
692 1984 811 2055 legatum
826 1993 880 2055 est,
902 1984 1047 2058 stipulatus
1063 1992 1107 2039 est

121 2060 124 2067 ⁴
143 2069 171 2125 id
185 2070 284 2142 ipsum,
306 2068 379 2141 quod
394 2067 513 2139 legatum
529 2077 579 2142 est,
603 2076 634 2124 ut
648 2083 679 2123 ea
693 2069 805 2140 pecunia
820 2084 853 2123 ex
868 2067 1045 2142 stipulatione
1060 2067 1105 2123 de·

144 2152 254 2219 beatur,
276 2154 366 2224 sitque
388 2165 419 2205 ea
438 2167 493 2206 non
514 2150 623 2208 ’mortis
639 2166 732 2207 conso
747 2144 861 2224 copto!
875 2180 916 2191 -
933 2151 986 2208 Cic.
1003 2151 1036 2207 de
1051 2149 1104 2223 leg.

144 2236 174 2307 2,
190 2236 241 2293 21.
257 2235 307 2308 33.
323 2233 373 2291 52.
390 2232 438 2291 53.

206 2316 234 2379 4.
255 2319 350 2392 ltaque
365 2320 456 2390 ineo,
472 2319 519 2392 qui
534 2320 562 2374 in
578 2319 640 2373 naui
655 2325 784 2386 necatus,
800 2317 895 2373 deinde
910 2319 939 2373 ln
953 2316 1026 2372 mare
1041 2333 1105 2389 pro·

143 2406 230 2461 iectus
247 2410 330 2471 esset,
346 2401 467 2458 decreuit
481 2402 511 2464 Ρ.
528 2401 640 2469 Mucius,
663 2400 788 2456 lamiliam
804 2417 910 2475 puram,
925 2400 999 2475 quod
1015 2417 1046 2457 os
1061 2412 1116 2455 sue⁴

142 2506 191 2562 pra
212 2498 314 2543 terram
333 2502 390 2542 non
411 2491 539 2556 exstaret,
558 2502 668 2559 porcam
684 2484 776 2541 heredi
791 2501 851 2541 esse
865 2495 1040 2546 contractam,
1061 2484 1106 2540 ha·

141 2572 243 2628 bendas
259 2570 380 2627 triduum
395 2568 474 2625 lerias
496 2580 524 2625 et
544 2585 628 2643 porco
651 2569 749 2625 lemine
767 2568 901 2643 piaculum
915 2564 1007 2626 ’dari‘
1036 2567 1064 2625 Si
1078 2570 1106 2623 in

143 2658 211 2711 mari
227 2662 351 2711 mortuus
363 2661 447 2725 esset,
463 2653 554 2709 eadem
571 2653 830 2727 praeter-piaculum
845 2661 874 2710 et
888 2652 978 2710 lorias.
996 2683 1033 2694 -
1051 2651 1104 2708 (lie.

142 2739 178 2796 de
192 2738 247 2811 leg.
265 2738 295 2810 2,
311 2737 361 2794 22.
377 2736 405 2808 3.
422 2736 471 2795 57.

205 2819 233 2880 5.
255 2851 297 2863 --
312 2820 341 2876 P.
360 2820 489 2877 Scaeuola
509 2820 630 2894 pontiien
645 2822 773 2877 maximus
788 2838 839 2895 pro
854 2822 971 2895 collegio
991 2837 1105 2895 respon·

141 2907 195 2963 dit:
220 2905 308 2980 ‘quod
330 2906 358 2960 ln
377 2898 437 2961 loco
457 2904 566 2979 publico
586 2905 696 2977 Licinia,
717 2906 773 2961 Gali
794 2904 858 2976 filia,
887 2908 992 2962 iniussu
1012 2905 1106 2978 populi

141 2990 306 3056 dedicasset,
322 3005 427 3045 sacrum
442 3005 497 3045 non
513 2987 651 3050 uiderier'.
664 3019 705 3029 -
717 2988 770 3045 Cic.
782 3007 832 3064 pro
843 2990 914 3047 dom.
929 2989 978 3051 53.
989 2990 1017 3062 3.
1036 2988 1105 3048 137.

218 3152 238 3220 ¹)
254 3154 292 3218 Os.
315 3153 408 3203 libram
426 3150 790 3217 meum‘daius'p.1te.1ts.
829 3150 850 3220 ¹)
869 3154 929 3204 Vid.
948 3155 1023 3219 infra
1037 3156 1107 3217 ipsos

145 3225 198 3275 Gie.
213 3226 245 3275 de
260 3227 309 3291 lep.
324 3224 413 3275 libros.
451 3220 471 3288 ⁸)
485 3223 530 3273 Em
543 3223 643 3273 Halmii
658 3227 691 3288 oi.
706 3231 731 3274 et
743 3226 802 3276 edd.
839 3222 861 3289 ⁴)
875 3224 1006 3289 Suppleoi.
1036 3224 1106 3273 Cete-

144 3312 201 3345 rum
214 3297 338 3345 sirtarim
352 3295 421 3359 quod
434 3296 459 3345 ei
468 3310 518 3359 per
532 3295 720 3345 damnationem
733 3295 885 3354 debebatur,
898 3295 1047 3359 stipulando
1062 3309 1106 3343 no·

143 3373 235 3425 nasset,
250 3382 307 3417 eam
321 3367 424 3417 novatio
434 3380 486 3429 pro
499 3367 626 3416 solutione
639 3368 683 3424 sit,
697 3368 787 3416 mortis
801 3382 882 3417 cauea
894 3382 930 3416 eac
943 3367 1106 3415 damnatione

143 3438 241 3499 cepisse
250 3438 393 3495 uideretur,
403 3437 515 3499 perinde
525 3452 557 3485 ac
566 3438 590 3485 oi
599 3439 624 3487 ei
633 3440 745 3502 deputam
752 3440 862 3488 solutum
872 3442 944 3485 esset.
970 3436 1028 3487 Hoc
1035 3435 1106 3499 sapit

144 3504 249 3573 Sariya.
265 3507 374 3558 Zeitseh.
386 3508 408 3571 f.
421 3508 508 3573 pesele.
527 3505 597 3556 RW.
613 3510 642 3557 ll.
653 3523 682 3571 p.
697 3518 744 3558 tto.
773 3509 812 3557 De
826 3513 880 3554 tota
893 3521 922 3553 re
936 3506 971 3569 cs.
987 3506 1060 3569 infra
1077 3501 1106 3563 Q.

145 3576 258 3627 Mucium
272 3576 421 3628 Scaevolam
435 3589 470 3629 14.
499 3574 520 3643 ὅ)
535 3575 638 3642 Scripsi
641 3595 652 3634 ;
666 3578 715 3640 pati
730 3579 788 3628 cdd.
803 3576 866 3640 piari
880 3575 937 3625 edd.
952 3588 973 3626 1.
987 3589 1008 3628 2.
