2542 3909
503 970 783 1045 PRAEFATIO.

225 1220 305 1288 Oum
327 1222 402 1286 ante
417 1220 478 1286 hoc
492 1220 660 1285 biennium
675 1222 708 1283 et
721 1218 805 1303 quod
820 1218 953 1302 excedit,
977 1219 1121 1284 abiblio·

163 1304 238 1388 pola
259 1306 298 1371 de
314 1306 402 1370 omni
417 1325 535 1390 genere
550 1305 714 1381 bonarum¹
723 1304 904 1368 litterarum
918 1304 1122 1369 meritissimo

162 1409 302 1473 rogarer,
325 1393 360 1454 ut
382 1390 417 1453 in
440 1388 563 1453 edenda
584 1408 670 1451 nova
691 1387 896 1470 reliquiarum
918 1388 995 1451 iuris
1017 1389 1121 1452 civilis

163 1473 404 1537 anteiustiniani
415 1472 613 1553 collectione,
627 1492 707 1555 quae
720 1473 829 1535 usibus
845 1472 971 1554 quidem
984 1472 1121 1536 maxime

162 1556 348 1622 academicis
384 1554 640 1637 accommodata,
676 1556 731 1619 sed
764 1557 860 1619 etiam
893 1553 1019 1619 dotibus
1055 1557 1122 1620 suis

161 1644 272 1706 nostro
299 1644 442 1725 tempore
475 1661 542 1705 non
571 1639 705 1724 indigua
732 1643 829 1722 esset,
862 1639 993 1704 oonsilio
1025 1643 1122 1723 atque

163 1746 261 1810 opera
283 1745 355 1789 mea
377 1746 449 1789 eum
471 1722 664 1806 adiuvarem,
686 1723 831 1787 intellexi
854 1723 1014 1807 quideme
1037 1745 1074 1788 us
1090 1726 1122 1787 et

163 1808 393 1873 informatione
416 1811 448 1873 et
469 1807 667 1892 perfectione
690 1807 823 1871 arduum
839 1829 858 1871 a
872 1828 922 1871 me
938 1746 1120 1875 desidlerari.

71 1957 78 1970 ,
162 1892 317 1977 Cogitans
339 1895 447 1957 tamen
469 1913 620 1977 magnam
643 1891 689 1955 rei
711 1891 882 1955 utilitatem
899 1895 931 1955 et
945 1891 1122 1956 studiorum

162 1998 302 2041 meorum
325 1997 391 2041 non
414 1977 550 2041 alienam
573 1998 592 2039 a
613 1976 671 2039 tali
694 1996 789 2122 opere
810 1976 984 2056 rationem,
1014 1976 1122 2039 deesse

165 2060 326 2125 desideriis
349 2060 565 2125 honestissimi
588 2060 648 2123 viri
670 2080 713 2123 no
727 2059 759 2125 ui
775 2062 807 2123 et
821 2059 919 2124 alacri
934 2060 1039 2123 studio
1053 2080 1121 2122 rem

163 2166 333 2229 aggressus
355 2166 434 2212 sum.
478 2144 546 2229 Iam
569 2144 607 2207 ad
629 2144 727 2207 finem
748 2142 900 2225 perducto
921 2164 1016 2225 opere
1031 2143 1122 2206 video

163 2228 317 2294 hocloco
340 2230 518 2311 exspectari
541 2249 560 2291 a
582 2248 644 2309 me,
667 2229 712 2308 ut,
735 2225 818 2308 quod
834 2227 869 2289 in
884 2246 921 2289 eo
936 2225 1122 2289 adornando

165 2313 332 2377 consilium
354 2316 479 2377 secutus
502 2312 572 2393 sim,
596 2330 764 2394 exponam.

226 2396 314 2471 Quae
348 2396 503 2479 expositio
535 2396 569 2459 in
599 2398 664 2459 tres
693 2397 800 2478 partes
829 2392 993 2458 commode
1020 2392 1122 2476 dispe·

164 2485 277 2545 scetnr.
321 2479 463 2545 Primum
493 2480 577 2545 enim
605 2480 781 2562 quaeritur,
812 2498 892 2560 qnae
921 2476 1122 2561 antiquitatis

162 2566 369 2631 monumenta
390 2564 451 2629 hac
475 2563 662 2628 collectione
676 2563 862 2645 receperim,
885 2560 1000 2625 deiude
1016 2581 1122 2643 quom·

162 2648 333 2714 admodum
356 2668 393 2711 ea
416 2647 663 2732 composuerim,
677 2650 854 2729 postremo
880 2644 1036 2728 quomodo
1058 2645 1121 2708 sin-

161 2733 241 2818 gula
263 2732 478 2797 instruxerim.
702 2798 709 2809 ,

224 2817 275 2881 Ad
326 2816 440 2880 rimam
468 2815 686 2899 quaestionem
714 2814 797 2897 quod
824 2812 958 2894 attinet,
989 2833 1061 2877 cum
1090 2815 1123 2876 et

159 2837 354 2984 bibliopolae
383 2903 415 2963 et
443 2920 514 2964 meo
543 2898 676 2963 consilio
707 2898 818 2962 adius
840 2897 933 2961 civile
955 2896 1122 2960 anteiusti·

159 2986 294 3049 nianum
317 3004 355 3049 eo
378 3004 472 3048 sensu
488 2983 610 3079 sylloge
623 2985 735 3047 nostra
750 2983 918 3064 spectaret,
942 3002 1003 3064 quo
1019 2980 1121 3044 solum

159 3069 211 3133 ius
232 3065 439 3152 prudentium
461 3070 652 3132 anctontate
682 3068 890 3131 constitutum
913 3064 1122 3147 intellegitur,

159 3152 404 3217 constitutiones
440 3150 621 3234 principum
659 3150 699 3213 ab
737 3172 774 3215 ea
808 3148 922 3233 procul
954 3148 1123 3215 habendae

161 3239 263 3318 crant,
284 3238 317 3300 et
330 3256 372 3300 ne
387 3235 447 3299 hoc
462 3236 496 3301 in
512 3235 643 3299 dubium
657 3234 781 3298 veniret
790 3232 1010 3379 {meminimus
1027 3232 1122 3312 enim,

160 3324 194 3384 er
215 3320 393 3385 Gustavum
416 3318 588 3403 Hugoncm
618 3321 651 3382 et
673 3316 767 3383 IOtos
820 3337 979 3381 cunenses
1008 3315 1122 3380 latiore

160 3424 257 3468 sensu
292 3403 370 3467 iuris
406 3403 508 3468 civilis
545 3402 740 3467 mentionem
778 3401 844 3466 suis
881 3399 1123 3466 collectionibus

159 3488 257 3553 etiarn
268 3487 399 3554 Codices
412 3487 677 3553 constitutionum
690 3484 974 3571 complectentibus
987 3482 1124 3564 iuscrip-
