2542 3909
429 208 533 244 oon1r11
550 208 658 244 varanem
675 209 741 244 ruer.
759 209 816 244 nen.
1036 191 1098 255 621

210 335 240 396 2.
263 337 382 412 depositi
405 353 514 412 quoque
536 338 680 395 utilitatem
701 340 745 395 ius
768 340 889 412 gentium
911 338 1044 412 prodidit,
1071 348 1103 396 nt

148 415 227 496 quis¹
255 421 458 479 custodiendam
481 437 537 478 rem
558 438 635 479 suam
663 421 802 478 animalem
824 422 869 478 uei
893 414 896 499 i
919 425 1103 480 inanimalem

147 511 240 564 amieo
260 507 333 564 dare
350 511 458 580 possit,
480 510 561 581 ispne
576 511 603 564 ei
621 507 661 563 ad
675 522 736 563 rem
757 507 831 563 dona
850 507 909 578 fide
929 509 1103 565 reddendam

148 597 291 648 teneatur.

492 735 539 774 aa.
556 733 594 774 111
608 711 699 796 (antea
714 711 757 795 v).

212 827 238 886 1.
273 871 280 886 .
307 873 312 885 .
339 874 344 885 .
368 820 561 905 comparatum
583 837 625 884 est
646 827 836 898 interdictum,
865 827 942 884 uelut
964 823 1028 885 cni²
1054 829 1209 949 ini-iottpa.

149 916 216 969 tiam
233 920 283 973 est.
299 952 306 968 .
323 954 329 966 .
1132 915 1183 950 ¹¹¹1·

572 1048 621 1090 FB·
636 1047 678 1088 lv.

212 1139 238 1198 1.
264 1183 271 1196 .
290 1182 295 1194 .
313 1183 319 1198 .
340 1134 343 1218 i
360 1142 495 1215 quaedam
510 1144 594 1197 etiam
609 1140 765 1198 interdicto
780 1148 849 1197 sant
863 1135 942 1198 tons³
956 1139 1209 1213 adipiscar-tolita.

148 1225 199 1282 dae
222 1241 301 1298 quam
323 1224 513 1299 reciperandae
534 1226 734 1297 possessionis,
763 1225 851 1297 qualia
873 1233 936 1281 sunt
963 1225 1106 1281 interdicta
1138 1220 1178 1266 fin.

150 1325 236 1374 ovnn
250 1325 376 1367 uranum
391 1317 417 1364 et
434 1323 519 1372 oran
533 1302 784 1367 raanrcnomnnnn.4
819 1325 880 1364 nam
895 1310 918 1364 si
934 1307 1046 1365 tandum
1060 1310 1103 1366 uel

150 1391 326 1450 hereditatem
342 1391 478 1466 abaliquo
494 1400 599 1466 petam,
621 1408 673 1449 nec
686 1392 729 1448 'iis
743 1386 929 1462 defendatur,⁶
948 1393 1058 1466 cogitur
1072 1393 1104 1449 ad

151 1492 194 1533 me
210 1476 356 1533 transferre
371 1477 583 1550 possessionem,
599 1478 659 1532 siue
673 1493 818 1550 numquam
833 1477 954 1551 possedi,
969 1477 1029 1532 siue
1043 1484 1106 1534 aute

148 1553 280 1638 posseidi
299 1559 395 1618 deinde
410 1562 485 1617 amisi
500 1562 710 1634 possessionem.

502 1715 551 1756 an.
568 1715 588 1756 v
607 1695 696 1770 (antea
715 1693 752 1772 1).

214 1805 240 1864 1.
268 1807 286 1863 '.
313 1847 320 1864 .
343 1787 520 1865 restitutorio
544 1814 571 1865 et
593 1808 766 1864 exhibitoria
788 1802 956 1865 interdicto⁸
978 1813 1030 1864 aot
1050 1817 1200 1880 pertarith

149 1883 480 1970 sarmatamlarhitrariam
497 1890 679 1964 explicantur,
703 1898 749 1946 aut
763 1908 812 1965 per
829 1894 1019 1964 sponsionem3
1042 1907 1106 1963 pro·
1140 1889 1179 1935 fin.

152 1975 278 2032 hibitoria
293 1991 360 2032 uero
375 1966 495 2049 semper⁷
518 1990 567 2049 per
587 1976 761 2048 sponsionem
783 1974 959 2048 explicantur.
1002 1971 1033 2032 2.
1056 1975 1105 2030 lie·

226 2139 245 2209 ¹)
265 2143 343 2192 Vind.
358 2144 436 2208 quiuis
451 2143 508 2192 edd.
520 2156 540 2194 1.
551 2155 570 2194 a.
619 2139 641 2207 ⁹)
662 2142 739 2190 Vind.
754 2141 821 2190 cuins
831 2142 888 2190 edd.
900 2154 919 2191 1.
930 2152 950 2191 a.
971 2140 1107 2205 Spectasse

151 2214 216 2264 daec
234 2214 354 2262 videntur
373 2215 409 2262 od
426 2215 567 2262 interdicto
585 2212 770 2276 adipiscendae
784 2213 970 2275 possessionis,
985 2228 1002 2260 a
1016 2212 1107 2277 quidus

151 2286 227 2333 etiam
242 2283 376 2347 Ulpianum
386 2286 412 2332 in
423 2284 472 2332 doc
482 2285 678 2333 interdictorum
687 2283 814 2333 divisione
829 2285 930 2331 initiam
941 2283 1045 2345 secisse,
1059 2283 1106 2332 da·

152 2354 233 2405 ditari
246 2369 296 2404 non
307 2359 400 2416 potest.
432 2354 520 2417 Itaque
535 2356 569 2402 iis
583 2353 708 2418 absolutis
722 2367 881 2417 propressas
895 2359 933 2402 est
946 2353 1020 2402 circa
1030 2354 1107 2414 finem

151 2425 264 2474 eiusdem
274 2425 390 2488 popinae
404 2424 440 2472 od
453 2423 593 2473 interdicto
602 2439 653 2472 non
664 2429 760 2472 tantam
769 2423 954 2486 adipiscendae
967 2424 1106 2485 possessio·

153 2497 206 2552 nis,
226 2508 275 2557 qao
289 2495 405 2556 pertinet
422 2508 529 2558 sequens
544 2495 724 2558 fropmentam.
781 2489 861 2559 ³)Sic
875 2509 944 2542 nasac
957 2495 1107 2542 sententiam

153 2564 264 2622 restitui,
275 2563 408 2628 Krocpera'
417 2566 525 2614 tectione
537 2565 631 2627 fretos.
657 2560 714 2613 ‘aot
727 2561 915 2626 reciperandae
925 2565 1107 2627 possessionis,

154 2649 203 2698 qno
221 2639 225 2693 t
241 2635 265 2683 in
279 2649 381 2684 numero
395 2641 433 2684 est
447 2635 612 2684 interdictum
631 2641 709 2682 VNDE
725 2641 762 2696 VI,
776 2641 822 2683 ont
835 2631 896 2683 tam'
909 2635 967 2683 edd.
977 2647 998 2685 1.
1008 2645 1029 2684 a.
1053 2635 1107 2683 Dn-

149 2705 234 2769 ptioio
253 2720 313 2755 aero
333 2706 397 2754 daec
415 2705 556 2754 interdicta
574 2705 623 2753 doc
642 2706 745 2754 ratione
758 2704 829 2754 dicta
844 2720 911 2764 csse,
930 2720 977 2755 nec
990 2720 1026 2753 esa
1039 2705 1071 2754 L.
1086 2716 1106 2754 2.

154 2777 177 2836 §-
193 2779 237 2825 oit.
252 2775 284 2824 D.
300 2776 331 2825 de
345 2777 439 2825 interd.
455 2775 498 2838 (aa,
514 2774 537 2840 ι)
553 2776 675 2838 eflicitur.
725 2773 802 2840 ⁴),Cfi
819 2775 862 2824 Fr.
883 2776 942 2824 Vot.
957 2787 989 2826 92.
1042 2773 1064 2841 ὁ)
1078 2776 1107 2824 lis

154 2847 265 2895 defendat
289 2846 366 2895 Vind.
387 2847 407 2895 is
427 2847 537 2895 defendat
555 2846 612 2894 edd.
627 2858 648 2895 1.
663 2857 683 2896 a.
705 2847 766 2908 quio
787 2845 890 2894 dubiam
910 2845 1060 2907 dicebatur‚‘
1079 2849 1107 2895 in

155 2917 215 2966 Cod.
231 2924 329 2966 essetne
342 2931 383 2967 ma
399 2932 432 2965 an
446 2932 504 2974 ms,
519 2923 544 2965 et
557 2917 658 2980 sipnom
672 2916 740 2980 qnod
752 2915 828 2964 nabet
836 2923 897 2979 post
911 2917 1011 2977 cogitur,
1025 2919 1107 2981 sipni-

149 2987 275 3049 ficaretne
286 2987 401 3049 sortasse
416 2987 575 3035 aduersarius.
598 2985 652 3035 Sed
665 2988 763 3035 rectius
776 2986 824 3035 doc
839 2985 960 3050 Kroeper
974 2987 1059 3049 refert
1073 2988 1109 3036 od

151 3059 263 3122 piossom
281 3058 449 3121 morpinalem
468 3072 536 3106 naanc
554 3056 702 3106 abscissam.
734 3056 770 3104 Et
787 3058 820 3104 lis
837 3055 944 3118 defendi
961 3062 1021 3105 ante
1039 3058 1108 3106 litem

153 3134 327 3186 contestatam,
338 3142 482 3191 quanquam
491 3129 573 3176 minas
579 3129 698 3191 proprie,
707 3127 806 3176 dieitur
816 3133 898 3175 tomen
908 3128 984 3175 etiam
991 3126 1023 3175 L.
1031 3138 1057 3178 to
1063 3143 1106 3190 pr.

154 3197 186 3248 D.
201 3198 232 3247 de
247 3212 356 3261 procur.
373 3197 408 3262 (3,
427 3195 459 3263 a).
524 3194 546 3263 ⁰)
560 3198 605 3246 Ad
622 3213 722 3246 sensam
739 3198 863 3260 supplevi.
892 3196 930 3260 Os.
948 3196 1004 3246 Gai.
1019 3210 1045 3259 4,
1059 3210 1106 3249 141.

155 3268 276 3318 Fortasse
286 3267 474 3332 praecedebat:
489 3265 577 3328 ‘Quod
590 3275 673 3317 antem
686 3267 723 3317 ad
736 3269 806 3316 iilam
819 3267 994 3330 differentiam
1008 3269 1107 3329 attinet,

153 3339 223 3402 qood
232 3375 238 3387 .
250 3376 255 3388 .
268 3335 286 3388 .'
307 3346 336 3388 ot
353 3346 432 3389 totam
450 3338 498 3389 doc
513 3339 686 3403 fragmentum
704 3354 757 3386 nno
771 3339 883 3401 periodo
902 3339 1107 3402 comprehensam

150 3410 242 3472 faerit,
258 3411 332 3458 coins
345 3409 471 3472 opodosin
485 3411 509 3471 ξ.
519 3420 538 3458 a.
555 3411 692 3458 contineat.
745 3405 766 3474 ⁷)
780 3408 825 3457 En
835 3409 955 3471 Rodorfii
965 3412 998 3472 ci.
1012 3424 1108 3473 semper

153 3480 310 3543 prohibitoria
328 3495 386 3529 uero
408 3480 451 3531 Od.
471 3480 528 3529 edd.
556 3477 670 3543 Sequens
687 3493 731 3542 per
744 3481 772 3528 in
791 3494 871 3528 caasa
886 3480 952 3542 fait,
972 3486 1000 3529 at
1013 3495 1108 3543 semper

82 3599 83 3602 ,
154 3553 321 3612 omitteretur,
336 3551 428 3602 deinde
443 3551 479 3600 od
491 3551 631 3614 marpinem
645 3551 787 3612 suppletam
801 3558 1021 3613 transponeretur.
