2542 3909
471 262 506 297 nn
524 263 638 299 unornvs
657 264 736 299 urens
752 266 783 302 11.
1070 260 1112 318 43

206 386 235 447 8.
258 388 291 456 Q.
316 388 421 461 Optime
436 404 513 459 uero,
529 389 623 459 irater,
639 397 668 445 et
682 387 741 445 lieri
755 392 795 447 sie
809 391 895 448 decet„

205 472 249 528 lV.
266 473 308 529 M.
325 472 467 527 Videamus
482 472 566 545 igitur
577 489 683 543 rursus,
695 476 770 547 prius
783 491 863 548 quam
874 476 1065 550 adgrediamur
1079 478 1112 532 ad

141 558 218 631 leges
233 556 367 629 singulas,
383 558 438 612 uim
451 563 631 629 naturamque
647 556 726 630 legis,
743 574 787 628 ne,
803 560 885 631 quom
900 560 1042 616 relerenda
1058 563 1113 616 siut

141 641 250 697 adeam
266 640 347 696 nobis
363 640 469 710 omnia,
490 638 610 695 labamur
628 640 763 696 interdum
777 658 871 699 errore
885 647 1017 699 sermonis
1032 646 1111 719 igno-

142 739 289 797 remusque
306 724 360 779 uim
377 716 538 778 ’relationis¹
555 725 628 788 eius,
646 740 699 796 qua
716 726 774 780 lura
788 724 866 781 nobis
881 725 1031 784 delinienda
1046 730 1110 784 sint.

205 808 241 876 Q.
256 807 327 863 Sane
343 806 450 879 quidem
464 805 567 877 hercle,
583 814 612 862 et
626 816 670 862 est
683 809 734 863 ista
748 817 823 865 recta
838 808 951 865 docendi
966 813 1020 871 uia.

204 892 247 948 M.
270 890 346 946 Hane
361 891 447 963 igitur
463 884 559 945 uideo²
571 892 832 963 sapientissimorum
842 892 928 948 luisse
938 896 1111 964 seutentiam,

140 976 231 1049 legem
247 990 338 1047 neque
354 974 493 1029 hominum
507 975 624 1046 ingeniis
640 975 819 1047 excogitatam
833 992 885 1031 nec
894 978 991 1031 scitum
1003 978 1111 1051 aliquod

141 1074 202 1115 esse
217 1058 395 1133 populorum,
411 1058 459 1113 sed
474 1063 614 1113 aeternum
627 1057 762 1130 quiddam,
778 1058 853 1131 quod
864 1061 1021 1115 uniuersum
1031 1077 1111 1116 mun·

140 1142 206 1198 dum
228 1148 340 1215 regeret
360 1140 509 1213 imperandi
520 1140 737 1214 prohibendique
748 1143 888 1215 sapientia.
914 1144 951 1199 ita
963 1144 1111 1217 principem

140 1226 230 1299 legem
252 1225 325 1281 illam
347 1234 376 1280 et
398 1224 519 1280 ultimam
541 1233 659 1280 mentem
683 1241 743 1280 esse
764 1224 889 1282 dicebant
903 1228 992 1282 omnia
1006 1231 1110 1283 ratione

138 1318 189 1365 aut
204 1311 329 1382 cogentis
344 1316 391 1363 eut
406 1308 523 1363 uetantis
539 1307 596 1364 dei:
613 1324 646 1363 cx
659 1324 713 1381 qua
727 1309 772 1365 illa
785 1309 838 1379 lex,
856 1326 935 1383 quam
950 1311 976 1366 di
991 1312 1109 1368 humano

143 1393 241 1465 generi
263 1392 405 1455 dederunt,
428 1400 502 1447 necte
525 1400 568 1447 est
588 1390 711 1461 loudata3
734 1402 776 1449 est
797 1395 868 1449 enim
881 1391 959 1451 'ratio
980 1411 1110 1470 mensque

141 1476 274 1550 sapientis
289 1474 320 1531 ad
335 1474 481 1531 iubendum
498 1483 525 1531 et
540 1475 574 1531 ad
588 1474 780 1531 deterrendum
794 1478 900 1533 idonea.

204 1557 234 1618 9.
257 1559 290 1628 Q.
311 1558 483 1633 Aliquotiens
505 1561 557 1614 iam
577 1560 629 1614 iste
643 1558 721 1615 locus
735 1577 750 1616 a
765 1568 794 1616 te
805 1565 894 1616 metus
907 1570 962 1633 est,
982 1561 1031 1618 sed
1046 1572 1109 1618 ante

139 1660 221 1718 quam
237 1642 270 1699 ad
286 1643 434 1717 populares
449 1642 526 1717 leges
542 1645 653 1714 uenias,
674 1646 729 1699 uim
743 1646 822 1699 istius
838 1644 962 1701 caelestis
979 1646 1048 1720 legis
1064 1662 1109 1703 cx·

139 1728 230 1802 plane,
251 1731 276 1783 si
294 1727 393 1801 placet,
417 1743 452 1799 ne
472 1735 563 1782 aestus
583 1742 634 1782 nos
656 1728 860 1784 consuetudinis
875 1727 1018 1785 absorbeat
1032 1739 1060 1786 et
1074 1728 1109 1787 atl

139 1804 276 1868 sermonis
292 1826 396 1867 morem
412 1812 505 1867 usitati
520 1810 618 1870 trahat.
1061 1859 1067 1869 ,

203 1894 246 1952 Μ.
269 1896 399 1967 Aperuis
414 1896 501 1965 enim,
519 1893 633 1966 Quinte,
655 1894 796 1951 didicimus
811 1896 846 1952 ‘si
860 1898 889 1953 in
903 1898 946 1952 lus
962 1896 1054 1954 uocat’
1070 1908 1109 1954 at·

139 1972 209 2053 que³
230 1980 288 2035 eius
309 1976 384 2033 modi
402 1978 478 2051 leges
498 1978 563 2034 allas
583 1978 737 2048 nominare;
764 1979 812 2035 sed
838 1996 905 2037 uero
926 1981 1049 2055 intellegi
1070 1982 1109 2039 sic

141 2069 262 2136 oportet,
286 2071 315 2119 et
335 2062 389 2123 hoc
408 2070 436 2117 et
456 2061 506 2118 alia
525 2064 598 2118 iussa
612 2079 645 2118 ac
659 2064 741 2118 uetita
756 2063 921 2136 populorum
936 2068 993 2121 uim
1008 2064 1108 2123 habere

138 2146 173 2203 ed
187 2154 263 2203 reete
286 2146 357 2202 laeta
380 2145 493 2201 uocandi
515 2154 543 2202 et
565 2162 581 2201 a
601 2147 720 2220 peccatis
742 2147 883 2218 aooeandl,
906 2164 974 2220 quae
996 2152 1038 2204 uis
1052 2166 1108 2206 non

139 2230 222 2289 mode
238 2232 332 2288 senior
347 2238 389 2285 est
405 2244 483 2302 quam
500 2238 573 2286 aetas
589 2229 753 2304 populorum
769 2238 797 2285 et
812 2230 974 2300 ciuitatium,
997 2232 1045 2287 sed
1063 2249 1108 2289 ae·

139 2314 227 2388 qualis
249 2314 324 2370 illius
346 2312 449 2369 caelum
471 2322 552 2387 atque
574 2323 660 2369 terras
682 2314 785 2369 tuentis
800 2322 827 2369 et
842 2316 961 2384 regentis
977 2313 1030 2370 dei.
1059 2314 1108 2374 to.

139 2414 229 2471 neque
253 2398 324 2453 enim
347 2412 408 2453 csse
429 2413 503 2453 meus
525 2397 614 2453 diuina
636 2398 695 2453 sine
716 2399 822 2453 ratione
842 2406 945 2471 potest,
967 2414 1018 2454 nec
1039 2402 1108 2456 ratio

138 2480 234 2538 diatim
255 2498 311 2538 non
333 2481 402 2537 hano
424 2481 478 2537 uim
500 2482 528 2537 in
550 2482 632 2537 rectis
654 2483 801 2555 prauisque
821 2482 974 2539 sanciendis
999 2481 1106 2548 habet⁴;

139 2581 202 2633 nee,
226 2565 288 2639 quia
310 2579 446 2637 nusquam
468 2572 525 2620 erat
546 2568 690 2639 scriptum,
712 2574 743 2621 ut
766 2574 861 2622 eontra
884 2568 971 2622 omnis
986 2566 1106 2624 hostium

138 2649 233 2723 copias
252 2650 280 2705 in
301 2657 388 2723 ponte
404 2664 473 2703 unus
488 2648 632 2717 adsisteret
647 2664 662 2703 a
676 2657 812 2724 tergoque
826 2658 936 2724 pontem
951 2651 1107 2708 interscindi

137 2731 255 2803 iuberet,
270 2731 372 2789 idcirco
388 2734 476 2788 minus
491 2731 620 2789 Coclitem
634 2732 711 2789 illum
724 2750 782 2789 rem
797 2735 915 2807 gessisse
936 2744 1037 2791 tantam
1052 2736 1106 2792 ior-

137 2816 265 2872 titudinis
287 2814 350 2889 lege
371 2824 451 2890 atque
472 2818 587 2889 imperio
609 2816 774 2890 putabimus,
797 2834 858 2889 nec,
880 2820 903 2873 si
925 2828 1056 2889 regnante
1070 2820 1101 2876 L.

138 2899 287 2973 Tarquinio
303 2898 378 2956 nulla
392 2908 450 2956 erat
465 2898 565 2957 Romae
579 2902 679 2973 scripta
693 2900 737 2956 lex
751 2900 785 2957 de
798 2904 916 2975 stupris,
936 2902 1036 2960 idcirco
1052 2922 1107 2961 non

137 2992 237 3041 contra
251 2982 325 3041 illam
340 2982 430 3058 legem
441 2986 632 3058 sempiternam
642 2978 705 3040 Sex.
718 2984 878 3059 Tarquinius
889 2987 945 3043 uim
953 2985 1105 3054 Lucretiae,

139 3066 295 3141 Tricipitini
310 3065 392 3139 tiliae,
404 3066 505 3125 attulit.
526 3077 586 3125 erat
600 3069 672 3125 enim
686 3070 766 3141 ratio,
781 3071 904 3143 proiecta
918 3088 935 3127 a
953 3087 1044 3129 rerum
1059 3090 1106 3128 na·

138 3158 200 3207 tura
214 3159 244 3208 et
258 3150 292 3207 ad
303 3159 377 3209 recte
392 3151 543 3209 faciendam
557 3151 691 3227 inpellens
706 3162 735 3209 ct
749 3171 765 3209 a
779 3154 878 3226 delicto
894 3171 1021 3227 amoenus,
1037 3173 1106 3229 quae

136 3250 195 3291 non
215 3242 274 3291 tum
294 3234 411 3309 denique
431 3236 525 3311 incipit
543 3235 587 3292 lex
602 3252 673 3309 esse,
694 3254 778 3311 quom
792 3241 892 3314 scripta
905 3247 959 3309 est,
974 3239 1022 3295 sed
1037 3250 1106 3312 tum,

136 3334 200 3373 cum
219 3326 279 3375 orta
294 3327 351 3388 est3
373 3328 435 3376 orta
455 3329 545 3377 autem
560 3329 602 3377 est
617 3322 697 3379 simul
718 3337 779 3378 cum
793 3331 883 3380 mente
898 3321 996 3379 diuina.
1028 3339 1106 3399 quam

211 3504 232 3572 ι)
250 3472 368 3559 sermonis
382 3507 549 3560 acroama
563 3510 603 3559 aa.
615 3510 646 3559 V.
689 3507 713 3577 ²)
727 3524 755 3559 ex
772 3512 834 3562 aaa.
848 3507 906 3561 AB
917 3508 958 3557 ea.
968 3508 1000 3559 V.
1034 3509 1056 3578 ⁸)
1070 3520 1108 3561 n-

136 3592 183 3641 que
197 3585 221 3627 at
235 3577 292 3627 AB
317 3576 339 3645 ⁴)
354 3578 444 3629 Malim
457 3581 554 3631 hahere.
