2542 3909
479 250 516 285 DE
534 249 647 285 usumve
665 250 743 284 mm
760 251 779 285 1.
1070 244 1111 301 27

145 374 336 451 agnationibus
355 373 513 431 familiarum
535 374 741 448 distinguuntur
755 383 854 444 status,
870 376 904 448 ¹ld
918 378 947 435 in
960 392 1052 433 rerum
1064 394 1112 435 na·

145 470 204 516 tura
219 467 297 517 tauto
313 466 356 514 est
370 457 586 533 magnificentius
601 467 736 532 tantoque
749 459 924 533 praeclarius,
943 469 975 517 ut
988 460 1112 517 homines

144 545 258 600 deorum
282 544 426 618 agnatione
446 550 475 599 et
489 551 572 617 gente
587 550 739 599 teneantur.
772 542 836 600 Vlll.
857 538 906 601 24.
925 560 987 600 nam
1002 560 1064 601 cum
1078 544 1112 600 de

143 636 241 684 natura
254 628 372 683 hominis
387 628 545 699 quaeritur,
560 626 695 699 disputari
709 626 797 698 solet,
813 623 861 701 (et)
877 628 1004 685 nimirum
1017 629 1056 683 ita
1070 638 1113 685 est

144 718 175 766 ut
190 711 361 784 disputatur,
377 713 517 784 perpetuis
531 710 656 767 cursibus
671 708 973 786 conuersiouibuslque)
989 711 1112 769 caelesti·

143 796 195 851 bus
215 796 342 851 extitisse
370 795 504 867 quandam
527 794 707 862 maturitatem
728 794 838 853 serendi
860 798 969 869 generis
991 794 1110 868 bomani,

42 902 45 907 ·
145 879 219 953 quod
239 895 363 953 sparsum
384 880 412 934 in
427 886 515 935 terras
529 886 611 951 atque
621 887 712 934 satum
726 878 819 935 diuino
834 886 943 935 auctum
958 881 994 935 sit
1008 881 1111 937 animo·

144 980 205 1020 rum
217 962 341 1034 minnere,
354 978 491 1036 quomque
502 963 562 1032 alia,
575 960 672 1035 quibus
683 962 862 1018 cohaererent
872 963 1006 1034 homines,
1017 979 1110 1020 emor·

144 1047 191 1103 tali
205 1062 308 1122 genere
322 1048 498 1120 sumpserint,
514 1062 583 1120 quae
598 1046 704 1119 fragilia
717 1052 811 1101 essent
824 1054 853 1101 et
867 1044 974 1116 caduca,
995 1048 1112 1103 animum

144 1148 204 1187 esse
226 1133 415 1203 ingeneratum
436 1146 451 1186 a
472 1131 535 1187 deo.
564 1146 598 1185 en
617 1145 672 1202 quo
695 1144 760 1185 uere
775 1128 820 1185 uel
834 1130 943 1203 agnatio
958 1128 1036 1185 nobis
1051 1146 1112 1186 cum

144 1212 306 1271 caelestibus
322 1214 366 1270 uel
382 1230 468 1287 genuus
483 1214 529 1270 uel
544 1215 627 1286 stirps
642 1212 772 1286 appellari
786 1220 887 1287 potest.
916 1214 1007 1287 itaque
1022 1229 1055 1269 en
1069 1220 1113 1271 tot

145 1297 294 1373 generibus
316 1298 421 1354 nullum
443 1305 486 1354 est
508 1296 605 1353 animal
627 1305 737 1370 praeter
758 1297 902 1368 bominem,
925 1297 1000 1371 quod
1014 1297 1112 1355 lrabeat

146 1382 272 1437 notitiam
286 1380 398 1454 aliquam
413 1381 467 1453 dei,
487 1382 608 1455 ipsisque
618 1382 648 1436 in
661 1380 816 1437 hominibus
830 1380 905 1437 nulla
920 1398 988 1455 gens
1004 1389 1047 1437 est
1060 1398 1109 1440 ne·

146 1480 201 1539 que
217 1472 271 1519 tam
286 1474 424 1522 mansueta
437 1481 527 1538 neque
541 1472 594 1521 tam
609 1464 676 1535 fera,
691 1480 760 1538 quae
774 1480 842 1534 non,
862 1467 942 1521 etlam
957 1467 980 1521 si
991 1468 1110 1538 ignoret,

144 1548 254 1624 qualem
275 1548 372 1605 babere
391 1550 471 1605 deum
493 1548 603 1625 deceat,
625 1556 716 1605 tamen
736 1548 887 1605 babendum
901 1550 979 1608 sciat.
1006 1544 1056 1607 2⁶.
1079 1566 1112 1605 er

144 1650 199 1707 quo
221 1630 340 1689 elicitur
361 1633 438 1704 uiuo,
457 1640 489 1688 ut
507 1634 530 1688 is
552 1640 683 1705 agnoscat
697 1631 788 1705 deum,
809 1634 867 1706 qui,
888 1633 961 1689 unde
975 1642 1053 1690 ortus
1065 1634 1111 1706 sit,

145 1720 221 1791 quasi
236 1716 398 1773 recordetur
412 1734 443 1774 ac
457 1712 577 1774 noscat.¹
605 1718 657 1772 iam
672 1732 740 1772 nero
754 1718 843 1773 uirtus
855 1716 948 1774 eadem
962 1718 991 1773 in
1002 1718 1111 1774 homine

145 1818 176 1857 ac
190 1802 242 1857 deo
258 1808 302 1857 est
316 1817 405 1873 neque
420 1801 472 1857 alio
489 1800 545 1857 ullo
560 1802 588 1855 in
603 1816 705 1874 genere
719 1807 875 1874 praeterea3
891 1808 934 1857 est
949 1809 1038 1858 autem
1054 1803 1110 1858 uir·

144 1894 188 1943 tus
209 1884 277 1941 nibil
298 1884 370 1940 aliud
392 1886 443 1940 nisi
464 1884 584 1958 periente
604 1892 633 1941 et
647 1883 680 1940 ad
694 1900 828 1941 summum
849 1885 982 1958 perducta
1000 1892 1110 1942 natura:

146 1978 189 2025 est
201 1970 288 2041 igitur
302 1969 404 2025 homini
419 1985 479 2025 cnm
495 1967 546 2024 deo
561 1967 718 2027 similitudo.
748 1968 823 2041 quod
844 1985 905 2025 cum
919 1970 956 2024 ita
970 1971 1021 2041 sit,
1041 1985 1110 2043 quae

146 2052 253 2109 tandem
273 2068 335 2109 esse
356 2060 448 2125 potest
467 2054 580 2126 propior
593 2054 730 2108 certiorne
743 2053 888 2124 cognatio?
908 2055 999 2126 itaque
1013 2052 1046 2108 ad
1061 2054 1111 2109 iro·

146 2139 247 2193 minum
266 2136 475 2209 commoditates
493 2145 522 2191 et
542 2152 609 2192 usus
629 2142 732 2191 mutam
745 2151 837 2191 rerum
852 2134 1002 2191 ubertatem
1016 2146 1111 2193 natura

145 2220 243 2294 largita
258 2228 311 2291 est,
326 2228 358 2276 ut
373 2236 414 2291 ea,
429 2236 498 2294 quae
512 2221 675 2294 gignuntur,
690 2218 788 2274 donata
802 2218 929 2275 consulto
945 2219 1034 2288 nobis,
1055 2235 1111 2275 non

145 2304 261 2362 lortuito
284 2312 346 2361 nata
368 2304 521 2372 uideantur,
545 2318 595 2359 nee
616 2302 707 2359 solum
729 2317 769 2372 ea,
792 2318 860 2374 quae
883 2299 1006 2374 frugibus
1028 2309 1110 2376 atque

145 2388 215 2445 bacis
226 2396 317 2444 terrae
328 2387 386 2444 letu
397 2387 610 2461 profunduntur,
622 2386 763 2442 sedetiam
774 2385 893 2459 pecudes
906 2378 1038 2459 'quoque²
1050 2402 1110 2459 per·

146 2474 270 2545 spicuum
289 2474 326 2527 sit
346 2473 443 2545 partim
458 2487 519 2528 esse
533 2471 567 2527 ad
577 2487 657 2527 usum
668 2470 819 2540 bominum,
832 2472 930 2543 partim
938 2468 972 2525 ad
980 2470 1110 2544 iunctum,

146 2555 245 2630 partim
266 2555 299 2611 ad
321 2555 485 2612 uescendum
506 2563 672 2628 procreatas.
707 2550 756 2612 26.
777 2564 850 2611 artes
871 2569 938 2610 uero
959 2554 1110 2611 innumera-

147 2639 214 2696 biles
229 2647 353 2714 repertae
368 2647 433 2695 sunt
448 2638 564 2697 docente
578 2648 689 2709 natura,
711 2654 791 2712 quam
811 2640 913 2694 imitata
933 2639 1003 2693 ratio
1018 2654 1063 2694 res
1077 2639 1111 2695 ad

145 2726 229 2781 uitam
254 2725 420 2780 necessarias
441 2722 569 2780 sollerter
587 2730 732 2779 consecuta
755 2729 806 2778 est.
841 2721 884 2777 lll.
912 2722 1001 2794 ipsum
1021 2731 1111 2779 antem

144 2809 281 2864 bominem
304 2807 398 2864 eadem
420 2815 515 2863 natura
535 2822 591 2863 non
612 2805 702 2863 solum
723 2806 861 2863 celeritate
880 2806 978 2861 mentis
993 2808 1109 2878 ornauit,

144 2892 192 2949 sed
207 2900 236 2948 et
250 2907 347 2947 sensus
360 2899 495 2964 umquam
508 2890 639 2947 satellites
654 2889 782 2946 adtribuit
795 2906 826 2946 ac
839 2891 960 2959 nuntios,
976 2897 1004 2945 et
1018 2906 1110 2947 rerum

145 2976 320 3049 plurimarum
336 2974 464 3032 obscuras
479 2972 541 3048 (set)
557 2966 738 3030 necessarias3
757 2973 958 3048 intellegentias
974 2966 1014 3029 ei³
1027 2973 1110 3030 dona·
1214 2995 1217 3001 ¹

145 3060 186 3117 uit
200 3062 277 3134 quasi
293 3058 466 3116 fundamenta
482 3058 613 3131 quaedam
632 3059 778 3128 scientiae,
800 3056 970 3132 figuramque
985 3060 1110 3131 corporis

145 3143 260 3201 habilem
274 3153 304 3201 et
317 3151 409 3217 aptam
423 3144 533 3217 iugenio
548 3142 665 3197 humano
680 3141 768 3199 dedit:
783 3159 844 3198 nam
859 3158 920 3199 cum
934 3144 1038 3199 ceteras
1053 3142 1110 3197 ani·

145 3238 248 3285 mantes
268 3226 413 3284 abiecisset
431 3228 465 3284 ad
482 3235 601 3301 pastum,
621 3225 712 3281 solum
732 3226 867 3284 bominem
882 3227 967 3282 erexit
982 3224 1016 3280 ad
1031 3224 1110 3280 caeli·

216 3430 238 3499 l)
252 3441 367 3497 agnoscat
385 3430 441 3482 AB.
460 3440 486 3483 et
503 3438 617 3494 agnoscat
633 3432 673 3482 ed.
684 3431 715 3482 V.
749 3426 772 3497 ’)
790 3432 853 3497 qnod
862 3424 932 3479 AB?
953 3424 975 3492 ⁸)
993 3426 1109 3477 obscuras

143 3516 187 3553 nec
205 3506 265 3553 sutis
283 3504 462 3566 intellegencias
480 3502 615 3568 (mutatum
634 3504 662 3552 in
679 3502 781 3568 gendes)
800 3511 824 3552 et
842 3499 898 3549 AB.
930 3498 1046 3548 obscuras
1063 3512 1109 3546 nee

143 3576 202 3624 satis
215 3588 251 3628 ιιι*
265 3576 439 3637 intellegentias
454 3582 478 3624 et
490 3574 532 3623 ed.
552 3572 583 3623 V.
600 3574 639 3636 Cf.
654 3587 675 3636 1,
688 3583 724 3634 22,
738 3582 772 3623 se.
787 3574 820 3623 de
830 3572 877 3634 flu.
891 3579 913 3632 5,
927 3581 962 3631 st,
975 3578 1010 3619 te.
