2542 3909
545 269 581 305 ne
599 268 760 306 vsvrnvcrv.
1066 248 1123 311 747

175 402 213 457 ris
229 401 347 456 extranei
363 398 513 456 heredesl’
545 391 638 474 ¹(Et)¹
660 399 713 470 ait,
736 407 764 454 et
779 396 849 455 filios
867 413 917 472 pro
933 397 1069 472 legatariis
1084 398 1130 454 ha·

175 482 293 555 bendos,
316 491 344 540 at
359 484 459 539 mortui
474 491 578 556 partem
594 483 778 539 interituram:
802 483 956 538 Aristonem
978 490 1067 539 autem
1085 481 1130 538 ad·

176 574 282 638 notam,
298 567 363 625 haec
377 581 441 624 uera
458 581 528 624 esse.
566 574 593 623 et
608 573 673 622 sunt
689 582 762 622 uera.

238 646 288 707 89.
322 643 399 722 ²Ulp.
422 649 455 706 ad
477 648 604 706 Sabinum
627 647 671 705 lib.
696 641 796 706 'XVll.³
839 649 875 705 lle
897 643 944 705 illo
966 649 1132 723 Pomponius

176 732 291 803 dubitat,
314 735 337 790 si
353 733 497 807 fugitiuus,
512 733 539 789 in
556 748 610 806 quo
628 732 801 789 ususfructus
816 748 892 788 meus
907 742 960 804 est,
981 733 1133 807 stipuletur

176 816 293 892 aliquid,
316 818 361 874 uel
382 810 550 890 ’mancipio⁴
572 817 700 890 accipiat,
727 831 761 871 an
783 832 832 889 per
854 815 907 872 hoc
929 817 1033 890 ipsum,
1056 818 1132 890 quasi

175 910 247 973 utar,
258 902 388 958 retineam
400 901 608 958 usumfructum.
635 902 777 973 magisque
788 898 917 969 admittit,
929 900 1050 956 retineri.
1071 913 1133 955 nam

176 1001 258 1059 saepe
274 985 378 1042 etiamsi
393 984 583 1058 praesentibus
604 985 692 1039 seruis
713 998 768 1039 non
790 991 908 1054 utamur,
932 991 1019 1038 tamen
1042 998 1134 1038 usum·

177 1069 295 1125 fructum
310 1069 470 1141 retinemus,
493 1077 522 1124 ut
537 1076 603 1141 puta
618 1074 777 1139 aegrotante
791 1081 882 1136 seruo,
905 1060 998 1141 ’(ιιει)5
1019 1065 1133 1137 infante,

175 1154 252 1210 cuius
268 1167 367 1226 operae
381 1151 471 1208 nullae
481 1159 556 1222 suut,
573 1151 617 1207 uel
628 1149 750 1206 defectae
761 1151 909 1206 senectutis
925 1150 1042 1206 homine.
1072 1163 1133 1204 nam

176 1243 205 1292 et
220 1237 242 1292 si
257 1251 351 1309 agrum
373 1250 495 1306 aremus,
517 1234 581 1290 licet
596 1243 651 1289 tam
670 1233 771 1289 sterilis
787 1234 839 1303 sit,
862 1242 893 1288 ut
913 1233 1005 1289 nullus
1027 1232 1134 1288 fructus

176 1327 313 1388 nascatur,
329 1321 477 1376 retinemus
490 1308 724 1374 'usumfructum⁶
745 1315 862 1373 lulianus
875 1325 963 1372 mmen
974 1315 1021 1378 lilr.
1034 1315 1133 1372 XXXV.

177 1402 236 1476 [lig.
249 1402 353 1473 scribit,
371 1401 476 1459 etiamsi
488 1417 542 1457 non
558 1400 707 1473 stipuletur
721 1401 788 1472 quid
801 1405 899 1456 seruus
915 1399 1048 1473 fugitiuus
1062 1401 1133 1455 intra

177 1501 289 1557 annum,
319 1485 489 1558 mancipioue
515 1486 644 1558 accipiat,
673 1492 763 1540 tamen
789 1484 901 1540 retineri
927 1482 1133 1539 usumfructum.

177 1567 251 1626 ‘uam
274 1584 327 1644 qua
349 1566 477 1639 ratione’,
500 1570 597 1641 lnquit,
624 1567 770 1623 ‘retinetur
791 1582 806 1621 a
828 1569 1003 1641 proprietatis
1025 1566 1134 1622 domino

106 1667 166 1716 [esa]
177 1655 326 1728 possessio,
347 1654 451 1710 etiamsi
465 1654 492 1708 in
508 1652 573 1726 fuga
588 1666 686 1708 seruus
700 1653 746 1722 sit,
768 1651 826 1724 pari
842 1653 947 1709 ratione
962 1651 1042 1707 etiam
1056 1664 1135 1706 usus·

177 1738 283 1796 fruetus
298 1753 353 1794 non
372 1733 528 1795 amittitur?

239 1815 293 1878 90.
316 1860 323 1877 .
341 1860 347 1874 .
365 1861 372 1876 .
389 1812 454 1876 ⁷lib.
470 1819 490 1876 l.
507 1818 540 1874 de
555 1818 715 1892 interdictis,
738 1816 790 1873 sub
805 1817 886 1873 titulo
922 1817 965 1874 ‘ln
987 1834 1064 1889 eum,
1087 1817 1242 1905 qulptptffi

177 1904 330 1978 legatorum
345 1905 463 1972 nomine,
480 1919 535 1960 nou
550 1902 691 1960 uoluntate
702 1903 769 1967 eius,
787 1902 831 1957 cui
842 1900 975 1957 bonorum
988 1902 1132 1972 possessio
1141 1895 1239 1948 turtun-

177 1987 238 2044 data
254 1987 321 2058 erit,
341 1984 514 2060 possidebit?
552 1984 580 2043 Si
595 1985 740 2041 usufructu
754 1984 844 2056 legato
859 1984 1007 2058 legatarius
1022 1983 1136 2041 fundum

177 2079 291 2126 nanctus
312 2070 363 2140 sit,
386 2067 451 2125 'non
465 2063 611 2142 competit⁸
632 2068 806 2125 interdictum
827 2068 956 2124 aduersus
972 2083 1051 2137 eum,
1074 2069 1136 2141 quia

177 2171 233 2210 non
249 2152 372 2228 possidet
384 2151 514 2227 legatum,
529 2152 576 2209 sed
591 2154 684 2227 potius
699 2153 808 2212 fruitur.
838 2151 902 2208 lude
917 2161 948 2209 ut
962 2151 1135 2208 interdictum

176 2253 230 2297 vri
245 2250 433 2294 rossrnnurs
456 2237 522 2292 utile
542 2236 596 2292 hoc
615 2237 725 2293 nomine
746 2237 911 2309 proponitur
927 2231 973 2310 (et)
994 2251 1077 2294 uranu
1092 2250 1136 2304 vr,

178 2323 311 2395 quianon
326 2317 459 2393 possidet,
476 2316 580 2394 (etiam)
597 2315 679 2375 utile⁹
701 2319 790 2390 datur,
815 2319 888 2392 quod
904 2310 1025 2376 taliter¹⁰
1047 2319 1137 2374 conei-

177 2404 304 2478 pieudum
327 2410 383 2460 est:
408 2417 493 2467 ouon
511 2418 553 2460 nn
574 2416 627 2459 ms
648 2417 740 2482 sorus
761 2418 879 2461 oneras
898 2419 1017 2462 nouum
1031 2415 1136 2460 rossu-

177 2501 250 2560 nns,
267 2501 416 2553 ovonovn
431 2500 543 2544 vrnms
557 2501 699 2555 savants,
722 2500 870 2552 ovonovn
885 2501 970 2546 nono
985 2500 1069 2544 uano
1083 2500 1135 2542 ra·

179 2586 274 2643 ursus,
292 2585 451 2636 ovouruvs
465 2583 670 2638 rossrnnnns,
685 2584 841 2627 vunnnnrs
856 2561 1068 2629 treverensisfl

252 2755 273 2827 ¹)
287 2758 333 2808 Eac
346 2759 407 2824 Dip.
421 2758 545 2821 supplevi.
599 2751 620 2820 ²)
634 2755 683 2804 Est
696 2756 728 2805 L.
743 2766 777 2807 υ.
792 2758 815 2817 §-
829 2767 851 2808 a.
870 2756 902 2805 D.
917 2757 950 2805 de
964 2756 1048 2820 usufr.
1063 2754 1096 2821 (a,
1104 2754 1135 2821 1).

180 2827 201 2896 ³)
216 2831 262 2880 Em
274 2830 335 2896 Dip.
350 2829 408 2878 Xlll.
428 2828 486 2878 Vat.
502 2827 542 2877 ed.
557 2825 651 2876 Hollw.
716 2822 737 2890 ⁴)
752 2826 896 2890 mancipium
915 2826 974 2876 Vct.
988 2827 1028 2876 ed.
1042 2826 1137 2876 Hollw.

180 2899 200 2964 ¹⁵)
216 2901 261 2950 Ex
274 2901 335 2966 nep.
350 2902 434 2963 suppl.
508 2894 530 2963 ⁶)
544 2897 604 2962 Dip.
620 2910 674 2945 eum
694 2895 752 2944 Vct.
768 2911 803 2946 ex
816 2903 878 2946 nota
892 2910 943 2947 non
958 2898 1095 2946 intellecta.

181 2968 202 3034 l)
222 2970 276 3034 Ulp.
292 2986 381 3021 nomen
400 2969 542 3026 excidisse,
561 2972 677 3016 statuunt
691 2965 790 3016 Bucdlt.
810 2973 835 3015 et
854 2966 986 3015 Zimmern.
1015 2965 1069 3015 Sed
1085 2967 1136 3017 vid.

178 3048 294 3091 cosmam
309 3040 397 3103 praes.
463 3035 484 3104 ⁸)
498 3037 544 3088 Sic
558 3053 592 3086 ecc
611 3037 639 3086 V
640 3035 660 3086 ⁶.
675 3037 714 3086 ed.
732 3036 846 3087 Momm.
861 3036 974 3098 competit
993 3035 1051 3084 Vct.
1071 3042 1138 3084 com·

178 3111 239 3175 petit
253 3108 336 3175 (utile)
351 3111 390 3160 ed.
401 3110 495 3160 Hollw.
542 3105 564 3174 ⁰)
581 3107 655 3157 Nunc
665 3107 763 3156 demum
772 3106 840 3156 hunc
850 3120 925 3155 unam
935 3105 1073 3168 periodum
1082 3121 1137 3156 esse

179 3180 235 3229 uidi
242 3195 346 3245 eamque
352 3180 409 3243 secl
418 3179 555 3229 scribendo
566 3178 622 3227 lude
632 3185 660 3227 ut
667 3176 734 3243 (lude
742 3184 766 3225 et
776 3177 802 3226 V
800 3185 834 3227 at.
842 3183 868 3225 et
876 3176 916 3228 ed.
925 3191 979 3225 mea
989 3178 1138 3226 alteroccam

179 3249 284 3316 ceteris)
292 3257 384 3313 etpost
393 3249 483 3313 possid.
493 3257 517 3298 et
524 3248 644 3298 addendo
652 3250 691 3298 uel
696 3249 786 3311 potios
791 3247 946 3312 peminando
954 3253 985 3295 et.
994 3245 1038 3311 (=
1047 3243 1136 3310 etiam).

182 3319 215 3386 ¹⁰)
230 3320 276 3370 Sic
291 3336 360 3384 nunc
373 3321 479 3384 scripsi.
509 3319 548 3382 Cf.
563 3319 595 3367 L.
611 3332 631 3371 r.
647 3320 671 3380 §-
684 3329 705 3370 8.
721 3318 753 3366 Ι),
769 3319 838 3383 quod
852 3320 899 3383 lep.
916 3315 960 3382 (te,
975 3314 1007 3380 t).
1027 3316 1058 3365 In
1078 3317 1137 3365 Vct.

175 3391 403 3524 nttttttt
418 3387 1029 3522 stitutionem·cincticulo
1042 3386 1137 3504 ton

183 3500 257 3591 Quod
266 3496 363 3581 Hoziw,
371 3496 524 3594 proposuit:
540 3527 612 3578 ‘Utile
626 3536 711 3579 autem
725 3530 890 3579 interdictum
901 3495 971 3592 quod
984 3522 1135 3592 tepoterom’

178 3605 290 3666 spatium
305 3601 416 3651 excedit.
440 3599 497 3649 utile
513 3599 594 3648 datur.
623 3599 741 3650 Videlicet
758 3600 798 3650 ed.
814 3600 927 3650 Momms.
1002 3594 1035 3664 ¹¹)
1049 3602 1137 3654 cetera,
