2542 3909
171 271 233 336 166
606 291 693 326 ouva·

98 512 106 525 .
167 412 1125 559 alternatim,tieretaihrlsltadtraxit

166 550 345 615 pentrssrmrs
361 548 551 601 unnatonbus
564 563 659 601 omnia
676 548 795 617 contigit
806 563 925 602 servare.
955 549 1015 603 Nec
1027 552 1123 604 tamen

166 615 287 668 multum
304 615 379 668 ultra
391 615 528 668 decimam
540 619 650 683 partem
663 616 755 682 operis
767 616 885 681 interiit,
897 617 927 669 et
939 631 1003 670 cum
1015 616 1123 696 aliquid

169 697 204 735 ex
222 681 386 748 collatione,
406 698 440 735 ex
453 682 613 735 Alariciana
624 682 762 750 Epitcma,
783 682 904 759 denique
922 699 957 737 ex
975 683 1124 739 Iustiniani

167 749 393 804 Institutionibus
420 752 450 803 et
470 749 594 818 Digestis
621 751 714 818 potuit
739 751 880 815 resarcin,
906 751 968 803 tum
994 752 1123 819 repetitis

167 818 292 870 virorum
311 817 455 870 doctorum
474 817 547 870 curis
565 816 696 870 effectum
715 818 766 882 est,
786 817 891 873 utiam
909 818 938 871 in
957 820 1053 873 nostra
1065 818 1123 872 edi·

166 885 244 937 tione
261 900 317 938 non
334 885 455 937 multum
472 884 546 937 ultra
567 884 751 938 tredecimam
772 886 882 951 partem
904 885 1008 954 integri
1030 886 1123 953 operis

167 950 348 1071 dezidteretur,
361 952 441 1005 cuius
452 952 577 1005 iacturae
589 967 679 1019 paene
692 952 839 1005 dimidium
851 953 962 1021 spectat
973 952 1010 1005 ad
1019 953 1123 1006 librum

167 1033 205 1083 qu
251 1036 307 1072 um.

233 1103 396 1158 Editionnm
405 1104 526 1157 indicem
535 1104 783 1168 accuratissimum,
794 1103 898 1158 additis
907 1106 993 1159 etiam
1003 1104 1122 1158 aliarum
1133 1112 1177 1162 [99]

166 1171 434 1225 commentationum
446 1171 546 1235 titulis,
564 1188 636 1238 quae
655 1171 691 1224 ad
710 1170 900 1227 emendandae
917 1172 962 1225 rel
980 1172 1122 1225 illustran-

166 1237 217 1292 das
230 1236 293 1291 Gaii
305 1238 499 1292 Institutiones
517 1237 632 1302 faciunt,
651 1238 840 1315 Boeckingius
858 1238 979 1293 confecit
995 1238 1023 1291 in
1062 1253 1122 1292 rae-

166 1303 273 1358 iatione
295 1320 364 1360 suae
388 1305 534 1370 editionis,
577 1321 615 1359 na
636 1306 680 1359 ter
702 1307 824 1373 repetrta
843 1307 1028 1373 (postremum
1068 1305 1122 1375 ipe.

169 1375 253 1437 1865.)
275 1372 335 1441 ipse
359 1373 394 1426 de
413 1370 484 1426 Gaio
507 1375 537 1425 et
554 1322 669 1449 gaianis
688 1374 788 1427 studiis
811 1373 917 1449 optime
936 1373 1053 1427 meritus
1072 1382 1123 1427 est.

167 1437 245 1502 Quae
262 1441 328 1507 post
345 1440 418 1493 hanc
436 1439 496 1494 sola
512 1438 625 1507 prodrit,
639 1441 746 1493 inserta
763 1440 987 1495 ‘Institutionum
1000 1444 1030 1494 et
1041 1456 1124 1509 regu-

166 1504 256 1559 larum
278 1506 345 1560 iuris
368 1506 447 1562 Rom,
471 1507 666 1574 syntagmata,
693 1523 710 1559 a
731 1508 803 1561 Rud.
827 1506 927 1561 Gneist
952 1507 1025 1576 Lips,
1051 1513 1124 1562 1858.

168 1574 253 1638 edito,
271 1590 323 1642 pro
340 1574 428 1627 totius
446 1574 632 1693 syntagmatis
649 1574 758 1627 ratione
772 1575 915 1642 ceteroqui
927 1590 1001 1628 novo
1014 1590 1047 1627 ac
1059 1590 1124 1628 eon·

167 1640 242 1693 sulto
256 1640 373 1695 consilio
386 1640 517 1706 instituti,
543 1641 666 1694 actiones
678 1641 789 1709 magis(
811 1642 893 1694 artim
905 1641 992 1709 bene)
1006 1642 1125 1695 selectae

167 1722 253 1829 guam
266 1724 352 1761 novas
364 1709 496 1776 praestat.
526 1707 568 1761 Ex
581 1708 756 1776 superiorum
769 1659 925 1763 editionum
937 1724 1053 1762 numero
1066 1710 1126 1763 tres

194 1776 395 1839 oeschenanae,
415 1790 487 1842 quae
506 1776 606 1829 ceteris
624 1775 765 1842 omnibus,
785 1775 889 1829 codicis
906 1777 1044 1845 scriptura
1061 1775 1125 1827 dili·

167 1844 268 1921 genter
286 1845 409 1908 enotata,
427 1842 507 1910 quasi
524 1841 711 1919 fundamenta
727 1843 827 1907 iecere,
846 1858 925 1911 segre
941 1842 1036 1921 ¹andalo
1048 1843 1124 1919 sunt,

166 1908 1124 2056 rrarrralr‘lhlit,allatraretrahentur:

166 2043 273 2114 produt
290 2060 314 2098 a.
336 2050 423 2110 1824,
442 2045 586 2109 citerna,
609 2045 674 2111 post
692 2042 847 2098 Goeschenr
870 2043 978 2097 obitum
1001 2042 1124 2097 abach·

167 2127 270 2166 manno
289 2127 313 2167 a.
335 2116 407 2167 1842.
425 2113 627 2165 consummata.

235 2197 278 2251 Ad
291 2199 449 2267 postremae
461 2212 588 2251 normam
601 2198 697 2250 nostra
709 2211 820 2264 quoque
834 2194 921 2249 editio
933 2195 1062 2250 instituta
1071 2203 1121 2262 est,

166 2268 208 2320 ita
224 2268 320 2319 tammr
338 2266 370 2318 nt
387 2266 473 2318 etiam
485 2263 608 2317 Boeckin
630 2264 711 2317 ianae
725 2262 899 2328 novissimae,
913 2278 985 2331 qnae
998 2262 1124 2316 omnium

167 2333 287 2387 maxime
306 2331 473 2397 celebratur,
491 2331 563 2384 ratio
581 2331 618 2383 ha
640 2334 742 2384 eretur.
779 2329 839 2383 Nec
856 2332 950 2383 tamen
969 2329 1076 2394 omnia,
1094 2330 1125 2383 in

189 2401 271 2454 nibus
283 2399 319 2451 ab
331 2399 374 2451 his
388 2398 556 2451 editionibus
569 2398 790 2463 deflecteremus,
803 2397 833 2451 in
845 2396 918 2451 notis
931 2395 1125 2451 indicavimus.

167 2418 287 2521 ghartae
306 2464 477 2534 parcendum
496 2465 564 2518 erat.
601 2466 699 2533 ltaque
722 2464 855 2527 levicula,
880 2479 935 2530 quo
958 2464 987 2517 in
1007 2480 1124 2519 numero

168 2536 289 2587 maxime
308 2532 344 2585 ad
362 2530 589 2600 orthographiam
607 2531 780 2599 pertinentia
796 2533 873 2593 sunt,
898 2531 984 2585 tacite
1003 2532 1125 2585 correxi·

168 2616 243 2662 mus,
262 2598 309 2652 vel
326 2598 402 2666 quod
419 2598 448 2651 in
466 2614 495 2651 re
514 2600 663 2666 tantopere
681 2601 716 2652 ab
736 2597 851 2652 arbitrio
891 2597 1010 2651 endente
1029 2596 1124 2652 dicere

168 2667 304 2737 praestat,
327 2664 504 2719 mutavimus.
538 2664 689 2719 Praeterea
710 2665 740 2719 in
763 2616 896 2719 context
918 2665 1018 2719 litteris
1040 2665 1124 2719 rectia

169 2731 1125 2869 haethaeum⁰‘ltllautheltlldlzntttlra·

168 2820 271 2933 Busae,
290 2867 313 2920 si
331 2868 473 2921 breviores
485 2868 558 2930 sunt,
576 2867 698 2935 syllabas
709 2868 795 2921 trium
808 2866 866 2921 iere
879 2867 1046 2929 litterarum,
1064 2838 1124 2919 lons

168 2936 261 3005 giores
283 2934 451 3002 interposito
475 2951 500 2987 v.
524 2936 597 2987 totos
620 2950 729 3002 versus,
758 2934 806 3001 qui
828 2949 881 2989 neo
903 2933 962 3011 legi
983 2950 1035 2987 nec
1061 2932 1124 2987 tuto

168 3002 295 3081 suppleri
312 3002 474 3071 potuerunt.
510 3000 542 3053 In
565 3002 692 3070 margine
717 3002 854 3055 exteriore
878 3015 997 3071 paginas
1014 3001 1126 3053 tantum

190 3068 305 3124 rrmitivi
323 3068 435 3134 codicis,
454 3083 526 3135 quae
545 3069 702 3137 supersunt,
721 3067 942 3133 numeravimus;
962 3067 1064 3135 quibus
1077 3066 1125 3120 ad-

169 3090 262 3193 gnum
271 3138 303 3193 ‘t
313 3144 346 3190 s.'
357 3137 468 3203 spectat
480 3135 515 3189 ad
525 3137 568 3189 ter
577 3135 695 3205 scriptas
705 3135 892 3200 (Goesohenoz
906 3134 949 3187 bis
958 3134 1042 3188 rescri
1063 3134 1126 3195 tas).

168 3206 262 3262 Etiam
280 3220 374 3258 versus
392 3203 494 3257 codicis
512 3203 696 3273 distinguere,
720 3203 772 3257 nisi
796 3203 845 3256 nbi
862 3202 1006 3279 intererat,
1024 3151 1061 3254 id)
1073 3202 1125 3265 est,

169 3274 218 3327 ubi
240 3287 315 3326 nova
336 3270 476 3339 quaedam
498 3271 535 3325 ad
557 3271 722 3331 schedarum
745 3270 846 3325 ductus
869 3269 1070 3338 supplevimus,
1094 3269 1127 3322 ut

170 3341 291 3394 otiosum
308 3354 364 3393 non
381 3338 497 3407 placuit.
525 3338 557 3391 ln
570 3338 668 3391 critica
680 3338 862 3392 adnotatione
874 3336 949 3406 ipsos
962 3335 1126 3391 schedarum

170 3408 271 3461 ductus
289 3408 500 3484 repraesentare
512 3406 593 3459 initio
606 3406 820 3471 constitueram
839 3404 889 3459 sed
902 3420 967 3458 mox
980 3402 1126 3479 consilium

170 3474 344 3533 difficultatis
365 3474 478 3543 plenum
502 3473 592 3527 abieci
615 3474 736 3527 maxime
759 3474 910 3542 postquam
928 3470 1124 3533 animadverti,

190 3559 255 3596 uam
278 3542 351 3597 male
373 3542 401 3595 id
420 3541 592 3611 Boeckingio
615 3540 743 3617 quamvis
766 3540 980 3609 diligentissimo
1004 3536 1126 3593 cesserit.

170 3559 268 3677 Proque
286 3609 340 3665 hac
357 3611 436 3679 parte
455 3609 627 3664 Lachmanm
645 3606 733 3663 editio
756 3607 886 3661 adeunda
909 3609 958 3661 est.
994 3605 1125 3673 Denique
