2542 3909
323 182 382 217 uos.
401 184 434 217 nn
452 180 514 217 noir.
534 180 625 218 marra
643 180 750 225 coccae.
768 162 814 217 XI.
835 169 912 218 1-4.
1029 163 1091 229 681

567 359 666 397 niumm

360 436 523 521 (rra.)x1.¹
551 460 594 503 nn
613 460 878 505 anmnaronrnvs.

201 552 266 628 llap.
281 553 302 610 l.
335 553 467 627 Moyses
489 547 611 612 dicitz²
638 553 663 613 1.
679 554 708 612 Si
723 558 784 628 quis
798 556 963 613 inuolaucrit
979 556 1096 615 uitulum

138 645 185 695 aut
201 653 291 709 ouem,
306 646 334 694 et
349 639 487 710 occiderit,
510 647 556 697 aut
572 639 734 710 uendiderit,
756 641 876 713 quinque
897 641 999 697 uitulos
1014 644 1095 700 resti·

140 730 198 779 tuat
213 737 262 795 pro
278 721 366 778 uitulo
383 739 446 793 uuo,
465 732 595 797 quattuor
610 740 678 781 oues
693 740 743 797 pro
759 740 812 779 oue
826 739 888 783 una.
926 722 955 783 2.
979 723 1097 792 Quodsi

138 804 300 875 nonhabet,
316 805 386 862 unde
401 805 504 880 reddat,
522 807 693 881 uenundetur
707 823 757 881 pro
773 806 857 869 turto.

201 888 268 964 llap.
291 888 322 947 ll.
365 890 491 947 Paulus
513 891 605 949 libro
631 892 892 948 sententiarum
913 908 943 953 v.
966 891 1028 949 stib
1051 894 1096 949 ti·

138 973 214 1031 tulo
241 973 280 1031 tle
308 972 583 1048 abigeatoribus.
624 972 783 1035 Latroces
805 990 934 1049 pecorum
956 975 1096 1033 abactores

137 1058 297 1133 plerumque
312 1057 344 1113 ad
360 1058 489 1132 gladium,
512 1058 557 1115 uel
572 1059 600 1116 iu
615 1057 761 1129 metallum,
785 1075 989 1133 nonnumquam
1004 1068 1096 1117 autem

137 1144 165 1199 in
181 1159 250 1216 opus
265 1141 402 1215 publicum
418 1134 541 1199 dantur.³
576 1144 690 1199 Atroces
706 1150 797 1199 autem
812 1152 887 1215 sunt,
905 1145 952 1217 qui
966 1160 1053 1217 equos
1069 1151 1097 1200 et

137 1241 238 1301 greges
260 1226 354 1281 ouium
373 1224 407 1281 de
429 1223 548 1298 stabulo,
572 1225 616 1281 uel
638 1224 672 1283 de
693 1228 801 1300 pascuis
822 1225 948 1301 abigunt,
969 1227 1015 1285 uel
1029 1227 1054 1283 si
1068 1226 1096 1283 id

136 1312 256 1384 saepius,
273 1308 329 1364 ’aut
343 1308 429 1381 ierro,
445 1302 503 1364 aut*
517 1308 651 1367 conducta
665 1326 746 1366 manu
759 1308 870 1372 iaciunt.

201 1392 267 1467 llap.
290 1391 333 1449 lll.
376 1391 465 1449 lilem
486 1392 615 1451 Paulus
646 1392 759 1451 eodem
789 1393 880 1451 libro
902 1403 937 1453 et
965 1389 1099 1452 titulo.⁶

136 1478 165 1539 1.
181 1468 373 1553 Abigeatorcs⁶
388 1485 464 1550 sunt,
487 1479 535 1551 qui
550 1494 633 1535 unum
648 1494 759 1554 equum,
780 1478 825 1535 uel
839 1477 904 1536 duas
920 1495 1015 1553 equas,
1031 1480 1096 1537 toti·

137 1565 254 1639 demque
268 1554 379 1633 boues,⁷
399 1554 524 1639 '(oues)8
546 1562 590 1619 uel
613 1579 706 1637 capras
721 1561 832 1637 decem,
853 1580 953 1639 porcos
975 1566 1097 1639 quicqua

137 1646 288 1721 abegerint.
332 1644 392 1714 'Qui
414 1647 479 1720 quid
502 1662 569 1704 uero
591 1648 664 1705 intra
685 1648 759 1705 hunc
779 1663 921 1706 numerum
937 1648 1020 1707 inerit
1042 1647 1096 1706 abi·

66 1724 260 1807 [⁵8⁵1geatus,9
280 1731 308 1786 in
323 1724 466 1805 poenam¹⁰
481 1730 560 1802 furti,
574 1747 625 1804 pro
641 1731 770 1805 qualitate
784 1734 855 1803 eius,
870 1733 959 1789 autin
974 1732 1097 1805 duplum,

138 1816 228 1873 autin
243 1807 451 1890 quadruplum¹¹
473 1816 649 1885 conuenitur,
671 1823 718 1871 aut
739 1814 856 1871 fustibus
874 1830 968 1873 caesus
984 1817 1011 1871 in
1028 1831 1098 1889 opus

137 1899 277 1975 publicum
299 1900 379 1955 unius
394 1899 456 1954 anni
471 1898 561 1967 datur,
583 1905 630 1954 aut
651 1892 816 1972 'laeruut)¹²
836 1897 887 1955 sub
902 1899 1096 1972 poenauincu·

137 1984 229 2041 lorum
244 1983 352 2040 domiuo
367 1982 533 2039 restituitur.

203 2065 269 2141 llap.
292 2066 332 2124 lV.
375 2064 462 2123 ldem
484 2066 611 2123 Paulus
638 2064 753 2123 eodem
780 2063 871 2123 libro
894 2073 928 2123 et
950 2058 1100 2123 titulo.¹³

137 2150 163 2213 1.
175 2151 203 2209 Si
215 2167 245 2207 ea
255 2138 364 2226 pecora,
375 2149 409 2207 ue
421 2149 519 2225 quibus
531 2150 592 2224 quis
606 2142 778 2223 'litigabat,¹⁴
788 2149 919 2223 abegerit,
933 2148 968 2205 ad
977 2142 1098 2207 lorum¹⁵

138 2234 317 2295 remittendus
340 2242 395 2291 est:
424 2243 506 2310 atque
527 2235 566 2291 ita
586 2235 745 2306 conuictus,
772 2234 801 2290 in
822 2232 935 2308 tluplum
957 2232 1002 2291 uel
1023 2231 1099 2308 ’qua-

140 2312 294 2394 druplum¹¹
317 2319 386 2377 iuris
400 2334 476 2376 more
491 2318 643 2377 damnatur.

215 2469 234 2537 ¹)
249 2473 311 2521 unde
325 2470 355 2521 B.
375 2477 434 2520 ante
449 2471 541 2535 incipit,
555 2486 590 2519 eac
604 2485 653 2535 quo
667 2469 773 2521 Lacbm.
788 2476 858 2521 recte
869 2470 937 2533 fecit
949 2468 1098 2521 undecimus.

142 2539 264 2609 ¹)Eeod.
279 2552 318 2600 sa,
333 2553 353 2592 1.
372 2544 440 2605 ofin.
507 2538 528 2609 3)
544 2538 582 2605 Of.
598 2540 630 2590 L.
650 2552 662 2591 1
676 2557 721 2605 pr.
745 2543 769 2604 5.
788 2552 809 2593 s.
835 2540 865 2590 L.
880 2551 901 2591 a.
925 2540 958 2591 D.
976 2540 1009 2591 cie
1029 2540 1098 2607 abtg.

141 2614 186 2681 (tt,
200 2612 245 2678 1⁴).
296 2610 318 2677 ⁴)
333 2618 373 2662 ant
386 2627 400 2661 a
414 2613 477 2662 terro
493 2612 556 2663 oda.
570 2613 697 2662 sciliceta
712 2610 757 2677 (=
772 2610 822 2676 ant)
836 2614 1009 2675 transpositw
1023 2618 1063 2661 aut
1076 2613 1098 2661 si

141 2686 204 2734 ierro
219 2684 259 2734 ed.
274 2682 315 2733 Bl.
389 2681 410 2747 ⁶)
424 2682 474 2733 Eat
487 2682 563 2733 Paul.
578 2678 652 2743 fijac.
674 2682 697 2744 5.
712 2695 733 2734 1.
806 2679 829 2745 θ)
842 2683 968 2732 abactores
987 2681 1033 2732 Ve.
1054 2681 1096 2731 Vi.

142 2755 218 2805 Paul.
238 2754 292 2803 Vis.
307 2754 366 2805 edd.
380 2754 535 2816 abcgcatorcs
548 2752 580 2802 B.
632 2750 653 2816 7)
667 2753 788 2818 Intellige
802 2752 888 2805 bovem
901 2768 998 2803 marem
1011 2768 1097 2811 uuum,

137 2826 251 2891 feminas
264 2826 338 2875 duas.
369 2824 407 2889 Of.
422 2825 454 2874 J..
469 2836 482 2877 t
494 2840 536 2889 pr.
553 2824 586 2872 D.
601 2824 633 2873 de
646 2822 716 2886 abig.
730 2822 775 2889 (tt,
789 2822 835 2889 u).
900 2820 1097 2888 buccinando

139 2897 265 2959 supplevi.
295 2895 333 2958 Of.
353 2894 385 2944 L.
404 2906 424 2947 a.
445 2896 488 2945 cit.
511 2894 543 2943 L.
558 2905 591 2945 to.
611 2894 634 2956 ξ.
649 2904 670 2944 t.
694 2892 727 2941 D.
745 2894 778 2942 de
791 2896 892 2956 poenis.
913 2892 962 2959 (48,
981 2893 1025 2956 19).

141 2964 163 3030 ⁹)
177 2964 288 3028 Scripsi.
317 2965 434 3029 Quicquid
453 2963 503 3029 (uel
521 2965 542 3013 si
563 2962 630 3027 quid)
649 2970 673 3013 et
687 2970 780 3026 pastea
798 2963 902 3013 ablatum
918 2962 980 3013 Gdd.
997 2962 1059 3012 Gall.
1074 2970 1100 3013 et

143 3037 232 3086 Paulli
245 3041 270 3084 et
283 3036 341 3085 edd.
356 3036 479 3097 abigeatus
492 3049 529 3085 aa.
545 3033 578 3083 ab
591 3033 723 3098 abigeari,
742 3033 810 3085 uude
823 3040 861 3083 eat
875 3034 953 3082 etiam
965 3033 1096 3094 abigeator.

143 3104 177 3172 1⁰)
191 3106 297 3168 imponat
313 3105 375 3155 cdd.
391 3107 414 3154 in
428 3119 505 3168 poena
515 3105 635 3168 plerique
651 3103 712 3153 Cdd.
724 3103 799 3153 Paul.
815 3102 880 3165 Via,
894 3117 972 3167 poena
986 3105 1042 3162 alii,
1056 3105 1097 3155 ed.

140 3177 181 3228 Bl.
209 3174 341 3226 Conuenite
357 3177 381 3225 in
395 3190 445 3225 rem
461 3176 559 3225 dicitur
573 3174 605 3223 L.
619 3185 654 3225 aa.
669 3175 692 3236 §-
706 3186 727 3226 1.
746 3173 779 3223 D.
794 3174 827 3223 ele
840 3176 882 3225 rei
895 3174 964 3226 vind.
981 3173 1012 3240 (a,
1026 3172 1058 3239 1),
1073 3175 1098 3224 in

140 3262 226 3301 usuras
241 3246 272 3295 L.
287 3258 321 3299 no.
337 3248 360 3310 §-
374 3259 408 3299 tt.
428 3246 460 3299 D.
475 3247 508 3297 de
520 3246 607 3296 berea.
618 3251 672 3309 pet.
686 3245 719 3308 (o,
732 3243 765 3311 ε).
822 3240 855 3311 ¹¹)
871 3244 937 3295 Fere
950 3260 986 3295 eac
998 3243 1097 3295 Sclutt.

142 3316 825 3455 aliutici-‘tiata.it‘·..icc.i·;.ct
842 3316 1097 3452 itu

140 3471 161 3521 t,
177 3474 210 3513 18.
225 3464 248 3525 §-
263 3472 283 3513 a.
306 3461 344 3525 Cf.
359 3473 379 3521 s,
394 3471 414 3511 a.
429 3460 461 3511 L.
477 3473 497 3512 1.
512 3461 535 3523 ξ.
549 3472 570 3511 t.
585 3460 617 3510 D.
632 3459 658 3509 lt.
672 3466 691 3511 t.
744 3455 779 3524 ¹⁴)
793 3458 928 3521 litigarent
940 3456 972 3507 B.
992 3456 1034 3508 Vi.
1049 3457 1099 3507 liti·

28 3572 29 3579 ,
140 3534 233 3596 gauerlt
251 3532 297 3585 Ve.
316 3534 391 3595 litigat
406 3532 482 3583 Paul.
503 3531 557 3583 Via.
572 3528 669 3581 aaut
722 3525 756 3596 ¹⁵)
772 3528 1006 3594 Cfiaupr.·t,t.§.
1022 3540 1043 3581 1.
