2542 3909
497 238 589 274 ivairs
608 237 735 278 ravimus.
1035 224 1097 290 451

60 381 119 433 {aaa}
133 367 289 421 medullam
308 385 415 434 eorum,
434 387 508 438 quae
526 371 563 425 ad
581 371 706 426 edictum
725 372 783 428 late
801 372 843 426 dis
865 374 941 428 utari
959 375 1096 440 solebant

133 436 213 489 nullo
230 436 354 489 tractatu
364 437 471 514 'habito
489 455 541 492 nec
560 439 617 492 ullo
630 443 746 494 auctore
759 391 875 496 landaio
886 443 930 495 ins
942 442 1097 497 dicentium

133 503 179 557 vel
190 504 421 570 respondentium
433 507 555 560 maxime
567 508 597 561 et
607 507 794 570 iudicantium
811 508 841 562 in
858 527 940 563 usum
958 526 1097 579 propone-

132 572 204 626 rent.
240 571 321 637 Quod
339 573 434 627 autem
453 574 488 627 de
511 574 610 629 ordine
632 575 718 630 edicti
740 577 872 645 perpetui
896 577 964 645 dixi,
982 579 1097 634 Paullus

132 655 197 692 enin
214 639 256 693 ita
273 640 387 693 videtur
404 642 517 694 secutus
534 658 602 702 esse,
621 645 655 697 nt
672 643 888 714 singulisglibrii
900 646 1038 712 quasdam
1055 647 1097 700 in-

131 707 226 773 tegras
245 707 331 761 edicti
348 710 444 776 partes
461 709 707 776 complecteretur.
742 711 816 766 Nam
833 713 924 780 primo
942 710 978 768 cci
996 715 1096 782 πρῶτα

132 776 161 828 et
178 776 290 852 partem
309 775 344 828 de
357 776 475 841 indiciis,
494 776 583 831 altero
601 781 712 847 partem
731 779 767 832 de
779 780 864 834 rebus
876 783 907 834 et
918 796 990 846 eain,
1029 797 1096 834 uam

131 842 255 919 lulianus
281 843 482 921 interposuisse
507 845 610 922 iertnr,
638 846 674 922 de
701 845 814 900 dotibus
842 850 871 924 et
894 847 991 900 tutelis
1009 799 1095 916 (icum

132 912 242 964 actione
261 911 297 963 de
315 912 471 964 rationibus
491 912 682 966 distrahendis
701 915 731 968 et
749 914 783 968 de
801 915 882 967 furtis
900 916 930 968 at
948 915 983 969 de
996 931 1094 984 epera-

130 995 193 1030 rum
213 977 395 1047 obligatione,
415 996 472 1057 qua
488 981 603 1047 patroni
620 980 683 1034 loco
700 981 846 1049 legitimae
864 981 1030 1036 libertarum
1049 987 1096 1037 tu-

130 1045 205 1098 telae
222 1046 252 1098 in
270 1046 401 1099 masculis
418 1046 526 1100 hbertis
543 1047 597 1101 sibi
614 1049 838 1118 prospiciebant)
863 1051 1025 1117 persecutns
1044 1053 1094 1105 est.

131 1111 244 1166 Tertius
270 1112 372 1168 deinde
395 1114 468 1168 liber
490 1115 573 1168 modo
595 1133 682 1169 unam
705 1116 755 1169 sed
777 1116 902 1184 amplam
924 1119 1036 1185 partem
1058 1118 1094 1172 de
1207 1182 1209 1185 ¹

130 1180 308 1235 testamentis
325 1183 355 1234 et
373 1182 475 1250 legatis
493 1184 663 1237 continuisse
683 1183 807 1248 videtum
831 1183 959 1238 similiter
977 1191 1095 1254 quartus

129 1249 282 1316 praemisso
292 1249 353 1303 iure
362 1249 653 1314 fideicommissorum,
666 1251 743 1319 quod
755 1251 791 1304 ad
800 1251 926 1305 intestati
938 1253 965 1305 b.
975 1270 1004 1320 p.
1015 1253 1094 1320 quasi

129 1315 279 1368 transitum
292 1317 424 1380 faciebat,
438 1321 549 1385 partem
562 1319 598 1371 de
614 1318 742 1372 intestati
754 1319 781 1372 b.
793 1319 1025 1387 possessionibus,
1038 1337 1093 1390 que

128 1382 255 1450 pertinet
267 1383 352 1436 etiam
365 1384 442 1437 locus
459 1385 495 1438 de
507 1386 772 1440 manumissionibus
783 1389 817 1440 nt
828 1387 992 1455 gravissima
1009 1405 1095 1444 causa

129 1454 264 1504 bonorum
291 1451 510 1519 possessionum,
537 1455 652 1522 quintus
679 1454 801 1523 denique
829 1455 984 1509 extremam
1008 1457 1094 1510 edicti

127 1520 253 1586 partein,
272 1535 345 1586 qnae
363 1520 399 1572 ad
417 1522 525 1574 ceteras
542 1537 587 1575 res
609 1521 720 1590 imperii
743 1521 917 1590 pertinebat,
941 1525 971 1576 et
991 1523 1094 1578 indicia

127 1585 251 1654 publica,
264 1603 384 1654 qnorum
401 1587 487 1658 leges,
507 1589 542 1642 ab
555 1589 617 1642 aliis
629 1591 739 1642 tantum
752 1590 930 1658 praetoribus
942 1592 1093 1655 exercitae,

128 1654 234 1708 dudam
253 1655 334 1721 qnasi
350 1671 401 1722 pro
419 1655 576 1711 accessione
593 1656 729 1726 praetorii
746 1656 814 1710 iuris
831 1656 946 1710 habitae
965 1659 1054 1714 erant.

196 1721 301 1791 Scripti
317 1725 384 1775 sunt
395 1722 606 1778 Sententiarum
619 1724 685 1778 libri
702 1741 758 1780 nen
777 1726 842 1778 ante
856 1726 993 1779 Antonini
1011 1727 1093 1782 Cara-

128 1790 218 1844 callae
236 1793 295 1844 teni
317 1806 379 1854 ora;
398 1808 464 1845 nam
483 1797 512 1845 et
528 1792 565 1845 ab
582 1791 636 1845 boc
655 1809 718 1845 curn
736 1793 817 1859 patre
836 1807 860 1848 a.
874 1799 932 1846 206.
952 1793 987 1848 de
1006 1794 1093 1848 dona-

126 1858 251 1911 tionibus
268 1807 343 1911 inier
360 1858 452 1911 virum
471 1865 500 1912 et
518 1875 633 1913 uxorem
646 1860 792 1937 constituti
804 1859 871 1912 iuris
889 1859 930 1978 ff
943 1867 984 1914 32.
1005 1861 1037 1914 D.
1054 1862 1092 1939 'de

127 1925 192 1978 don.
209 1927 260 1984 int.
278 1927 331 1980 vir.
352 1927 381 1978 et
398 1944 444 1979 ux.
463 1933 504 1990 24,
525 1928 550 1993 1)
568 1927 742 1979 mentionem
765 1926 872 1980 habent
913 1973 918 1985 .
940 1933 980 1982 53.
1000 1927 1034 1982 D.
1052 1930 1091 1985 ib.

127 1993 158 2046 et
180 1999 205 2057 2,
225 2000 265 2047 23.
284 1999 308 2058 ἕ.
326 2000 359 2058 5.,
384 1997 413 2047 et
436 1993 564 2048 eiusdem
587 1994 654 2061 imp.
673 1993 808 2047 Antonini
835 2009 894 2047 esse
923 1995 1032 2049 videtur
1056 1996 1091 2051 de

126 2059 309 2114 servitutibus
325 2063 494 2129 rescriptum
511 2061 552 2128 (li,
565 2068 589 2118 2.
602 2061 634 2112 D.
654 2077 754 2114 comm.
767 2060 865 2130 praed.
878 2068 902 2126 8,
917 2065 952 2130 4),
966 2063 1002 2116 ad
1015 2065 1093 2128 quod

125 2129 242 2182 Paullus
263 2129 313 2182 lib.
334 2136 356 2182 1.
376 2127 452 2186 Sciit.
477 2128 507 2182 L.
525 2135 551 2184 3.
576 2128 610 2182 D.
633 2127 758 2181 deserv.
781 2145 822 2195 pr.
844 2132 915 2184 rust.
942 2135 976 2196 (8,
1000 2133 1027 2196 3)
1049 2148 1092 2185 re-

126 2197 235 2317 elisii
254 2196 357 2318 titt
369 2196 594 2318 enatae
609 2194 796 2316 bittit
812 2199 918 2316 32³3*
935 2199 1092 2319 triten

124 2331 218 2386 titiam
244 2331 374 2386 habuisse
402 2331 457 2384 dici
483 2333 579 2400 potest
603 2330 652 2383 lib.
675 2338 698 2384 3.
728 2329 802 2386 Sent.
826 2337 842 2383 6
864 2337 887 2395 §-
912 2338 952 2384 16.
988 2334 1092 2387 Contra

125 2416 190 2454 enm
208 2406 233 2465 5,
253 2405 293 2452 16.
316 2406 339 2464 §-
361 2405 400 2452 ii.
427 2414 485 2452 non
506 2399 615 2451 novisse
634 2398 797 2452 caracallae
816 2398 996 2466 rescriptum,
1014 2402 1091 2470 qued

124 2466 262 2535 Ulpianus
285 2466 314 2525 Ii.
333 2475 375 2522 33.
399 2472 423 2530 ξ.
442 2473 466 2520 3.
497 2467 528 2524 l),
548 2466 583 2519 de
621 2481 711 2519 rocur.
736 2468 771 2543 (3,
790 2469 818 2527 3)
841 2466 957 2536 allegat,
980 2485 1011 2522 re
1034 2484 1091 2540 non

123 2534 270 2588 intellecta
287 2535 335 2604 (ds
354 2551 411 2603 qna
428 2534 484 2586 vid.
503 2532 574 2587 Geib
593 2483 673 2587 lieni.
688 2533 898 2600 Crimmalproc.
917 2553 944 2603 p.
957 2541 1008 2590 535
1021 2537 1091 2606 seq.)

123 2601 276 2671 Fittingins
298 2603 380 2656 ‘siber
398 2603 424 2658 d.
443 2604 525 2656 Alter
542 2601 569 2654 d.
590 2600 667 2654 Schr.
692 2601 718 2658 d.
737 2601 817 2655 Rem.
830 2601 901 2654 Jnr.’
919 2621 947 2670 p.
964 2609 1006 2660 48.
1030 2605 1090 2658 sine

124 2685 210 2723 causa
227 2670 380 2724 contendit
414 2668 552 2739 Equidem
570 2669 801 2733 existimaverim,
820 2671 871 2723 aut
888 2673 1021 2725 extremis
1039 2674 1089 2725 Ca·

124 2737 248 2790 recallae
266 2738 442 2806 temporibus
460 2739 511 2790 aut
528 2736 623 2805 paullo
641 2737 707 2806 post
729 2735 759 2789 in
783 2736 860 2790 exilii
882 2738 940 2791 otio
958 2739 1089 2793 Paullum

117 2806 176 2858 bos
193 2804 280 2858 libros
297 2805 494 2874 composuisse,
514 2821 578 2858 cum
589 2804 798 2874 praefecturam
817 2803 938 2871 adeptus
949 2807 996 2859 vix
1008 2809 1088 2862 novis

123 2874 204 2926 libris
221 2872 427 2926 conscribendis
444 2871 597 2926 vacaverit.

194 2939 327 2994 Ceterum
345 2957 419 3004 euin,
438 2955 522 3009 quem
540 2939 733 3007 supraposui,
751 2954 850 2991 verum
869 2941 961 3008 operis
973 2941 1088 2995 titulum

123 3009 209 3062 fuisse
229 3008 359 3063 arbitror.
389 3008 556 3077 Disputatur
573 3007 688 3074 quidem
706 3005 829 3074 primum
843 3006 877 3059 de
894 3007 1088 3064 additamento

124 3077 173 3129 ‘ad
196 3076 304 3142 lilium’,
349 3076 406 3129 uod
427 3076 547 3151 tantum,
562 3075 592 3126 in
614 3074 888 3151 quibusdamuliegis
911 3075 991 3129 Rom.
1015 3075 1088 3154 Visi-

123 3144 276 3213 gothorum
294 3093 438 3197 cogicibns
454 3143 604 3196 invenitur.
643 3141 699 3195 Sed
720 3157 749 3193 in
769 3143 812 3197 his
832 3145 898 3195 sunt
921 3143 977 3196 fide
1000 3143 1088 3212 digni,

124 3214 154 3268 et
171 3228 235 3265 cum
253 3211 335 3265 facile
353 3211 383 3264 id
400 3211 549 3265 brevitatis
566 3226 650 3263 causa
667 3226 684 3263 a
701 3207 823 3264 librariis
840 3211 983 3277 plerisque
996 3213 1089 3266 emitti

123 3281 275 3348 potnerit¹,
298 3278 536 3348 quemadmodum
558 3278 594 3331 ab
613 3277 676 3330 aliis
695 3275 878 3344 adiiceretur,
901 3279 955 3332 nisi
973 3280 1009 3332 ab
1027 3279 1089 3348 ipsa

201 3447 221 3515 ¹)
237 3450 267 3498 Ut
285 3451 372 3498 iactum
392 3450 499 3498 videmus
518 3449 541 3496 in
560 3448 681 3511 plerisque
702 3447 817 3496 Macrobii
836 3448 1024 3498 Saturnaliornrn
1046 3464 1087 3497 co-

124 3520 226 3571 dicibus.
257 3520 291 3571 Ct.
308 3521 357 3569 lani
373 3521 410 3568 ed.
426 3536 450 3584 p.
465 3531 486 3570 e.
515 3518 540 3566 Si
559 3533 615 3566 iero
634 3518 786 3568 librariorum
805 3518 829 3566 id
846 3519 1032 3568 additamentum
1047 3520 1087 3580 sit,

123 3598 190 3640 certe
206 3592 259 3654 ipse
274 3591 369 3640 Paullus
384 3591 433 3639 filio
448 3605 491 3640 sno
506 3590 627 3660 hocopus
642 3589 670 3638 ad
687 3589 842 3638 erudiendum
859 3605 912 3640 eum
932 3589 1050 3640 dicasisse
1065 3598 1088 3640 et

832 3672 885 3725 29·
