2542 3909
356 234 392 268 ms
409 232 603 270 nonsrnonnsrs
621 233 657 270 so
676 235 764 270 unonu
783 234 896 270 omento.
1042 215 1100 279 791

148 366 328 419 iustrumenta
343 362 497 418 deuotionis
512 362 624 432 lecerit,
648 380 681 419 an
698 364 822 422 uideatur
840 364 1013 438 professione
1032 372 1106 420 acto·

149 463 211 502 rum
232 445 353 520 perlecta
375 462 435 525 esse
450 445 579 502 donatio?
605 445 757 520 Respondi,
780 449 912 522 sineque
934 447 1105 521 mancipatio,

150 545 240 602 neque
257 529 364 585 traditio
379 537 473 587 secuta
487 539 545 601 est,
565 530 631 586 solis
647 533 713 587 actis
729 529 876 586 dominium
897 549 952 589 uon
967 533 1105 590 transisse.

213 608 283 670 269.
307 612 437 686 Ulpianus
451 613 521 669 libro
536 611 622 673 XLvl.
639 614 671 669 ad
686 611 823 670 Sabinum.
854 609 923 684 ‘Ut,1
941 615 1013 689 qnod
1029 599 1212 698 nien-ffr'irr.

150 699 214 754 dum
229 706 316 753 mater
330 696 400 753 filiae
414 697 501 767 dedit,
525 713 580 754 non
596 696 720 753 uideatur
733 697 874 768 donatum,
898 706 925 753 et
940 702 962 754 sl
977 699 1107 756 donatum
1118 684 1150 721 ‘⁴¹'
1160 683 1213 722 'AB'

151 783 197 852 sit,
211 797 266 836 non
278 780 375 850 ualeat,
390 783 418 836 iu
433 789 569 854 potestate
580 780 633 837 filia
646 782 793 839 constituta
808 779 917 854 ’patrisz
934 776 1021 837 aliud²
1036 799 1106 856 esse,

151 867 175 920 si
189 865 281 921 dotem
292 862 386 920 dedit.’
409 864 550 939 Ulpianus:
567 865 688 937 Constat,
704 865 776 938 quod
792 865 922 921 utendum
934 864 1003 922 filiae
1015 864 1106 922 datum

151 959 204 1020 est,
226 965 281 1005 non
304 965 363 1005 esse
386 948 530 1016 donatum
553 949 601 1006 sed
621 951 673 1006 etsi
694 948 805 1006 'donato
827 943 891 1006 res3
912 959 999 1021 esset,
1021 965 1107 1023 aeque

70 1039 141 1090 [69¹²]
152 1032 261 1089 donatio
289 1048 346 1088 non
372 1033 475 1090 ualeret
497 1036 524 1089 in
546 1031 626 1088 filiam
649 1032 770 1103 conlata,
799 1035 917 1107 quaein
939 1035 1022 1107 patris
1050 1042 1107 1091 erat

151 1109 314 1190 potestate.⁴
356 1116 436 1190 plane
458 1118 481 1172 si
502 1117 644 1172 indolem
667 1125 752 1172 mater
773 1116 843 1173 filiae
865 1117 1001 1188 dedisset,
1024 1118 1106 1188 ualet,

152 1198 226 1274 quod
238 1201 338 1257 lactum
350 1209 404 1256 est:
415 1207 508 1273 potest
519 1201 589 1255 enim
600 1200 700 1257 donare
712 1198 792 1272 filiae,
805 1196 952 1274 ’quamuis⁶
963 1217 1007 1258 res
1020 1201 1108 1258 mariti

151 1283 233 1354 fiant,
263 1277 359 1339 ’cum⁶
387 1283 548 1356 quandoque
570 1282 624 1340 lilia
645 1283 690 1339 uel
718 1284 791 1356 sola,
819 1287 841 1341 si
863 1287 930 1342 iuris
951 1287 993 1341 sui
1015 1286 1107 1356 luerit,

151 1366 197 1423 uel
213 1367 355 1424 uoluntate
369 1364 439 1424 filiae
453 1375 530 1440 pater
544 1366 641 1424 habeat
652 1368 693 1424 rei
707 1369 817 1426 uxoriae
830 1365 987 1427 actionem.⁶
1012 1369 1107 1425 Merito

150 1453 237 1526 igitur
250 1449 364 1507 Sabinus
380 1452 427 1522 ait,
444 1451 468 1506 si
482 1450 567 1508 inscia
582 1467 667 1507 usore
681 1450 725 1506 uel
740 1454 825 1508 inuita
839 1447 958 1511 'marito⁷
974 1454 1002 1509 iu
1017 1453 1107 1509 dotem

151 1535 237 1607 dedit,
251 1551 308 1592 rem
323 1536 411 1591 mariti
424 1549 479 1591 uon
494 1550 554 1590 esse
569 1535 676 1606 laetam,
695 1543 723 1598 et
738 1535 800 1593 ideo
816 1536 946 1594 uindicari
961 1536 993 1592 ab
1008 1536 1107 1593 herede

122 1643 129 1657 ·
152 1619 273 1678 mulieris
283 1635 374 1692 posse.
404 1616 524 1692 quodlsi)
540 1621 644 1677 sciente
653 1635 685 1675 ea
699 1619 753 1677 hoc
766 1621 865 1678 lactum
877 1622 921 1692 sit,
938 1637 1107 1696 consequens

151 1704 204 1760 erit
218 1704 319 1772 dicere,
334 1704 362 1758 in
377 1702 468 1759 dotem
483 1719 646 1759 conuersum
661 1719 721 1760 esse
736 1703 772 1775 id,
789 1704 862 1778 quod
877 1703 968 1762 datum
984 1716 1034 1764 est.

215 1783 283 1848 2⁷0.
313 1789 435 1858 [Hermog.
451 1792 487 1840 tit.
503 1792 532 1840 de
547 1781 751 1858 donationibus]8
795 1789 853 1843 litui
874 1787 1055 1846 Diocletianus
1080 1781 1216 1862 eifflffi.

152 1869 327 1928 Constantius
333 1871 461 1929 Caeciliae
468 1874 644 1945 Anagnianae.
660 1871 887 1929 Sidouationibus
896 1866 926 1928 in
936 1888 1014 1929 unam
1027 1871 1108 1930 liliam
1119 1867 1197 1906 W

152 1953 279 2024 conlatis,
301 1964 395 2029 quarta
409 1972 465 2011 nou
479 1965 595 2026 retenta,
611 1957 801 2028 patrimonium
817 1957 977 2014 exhaustum
991 1959 1019 2012 in
1035 1957 1106 2014 irau-

152 2038 214 2093 dem
228 2045 381 2095 ceterorum
397 2033 533 2095 liliorum⁹
555 2039 703 2113 probetur,
726 2040 774 2095 has
788 2041 905 2097 rescindi
920 2040 951 2096 ad
967 2043 1053 2098 instar
1067 2042 1108 2099 ln·

152 2118 269 2176 officiosi
291 2124 455 2193 testamenti,
478 2125 563 2180 sacris
579 2123 820 2180 constitutionibus
834 2133 979 2197 pareutum
998 2132 1108 2182 nostro·

229 2304 248 2372 ¹)
262 2309 280 2356 i.
294 2323 316 2356 e.
331 2314 396 2368 nint,
411 2324 563 2374 quanquam.
616 2305 637 2374 ἵ)
652 2310 735 2372 patris.
754 2309 822 2360 Aliud
835 2309 894 2360 edd.
945 2306 997 2376 Ἣ.
1014 2326 1035 2364 e.
1049 2313 1107 2375 ipsa

151 2391 209 2435 res,
222 2392 274 2426 non
287 2379 488 2428 senonensium
506 2395 541 2428 ex
554 2378 619 2429 Mai.
640 2382 672 2442 ej.
687 2380 745 2430 edd,
760 2379 854 2430 Helico.
874 2380 988 2431 Momms.
1008 2381 1108 2432 donator

157 2447 216 2497 Vnt.
232 2449 271 2510 (ut
282 2449 463 2513 pessinunsium
477 2452 512 2499 sii
524 2464 633 2512 sequens
646 2464 688 2509 es,-
696 2458 742 2500 aul
755 2465 829 2514 rpro
839 2457 900 2501 nota
909 2451 1106 2518 accipiendum).

153 2513 175 2582 ⁴)
188 2516 290 2566 Soloi.-
304 2519 361 2566 llic:
375 2519 450 2567 lister
464 2521 512 2568 lilio
527 2521 550 2568 in
565 2526 682 2582 potestate
696 2520 776 2582 posito
791 2521 899 2570 donando
914 2521 972 2571 nihil
988 2523 1035 2584 agit
1068 2522 1107 2587 Of.

152 2586 185 2636 L.
199 2598 220 2638 s.
235 2588 259 2648 5.
272 2599 294 2638 t.
308 2587 340 2636 L.
355 2597 389 2639 aa.
404 2589 428 2649 ξ.
443 2600 476 2639 te.
496 2588 528 2636 D.
542 2589 575 2637 de
588 2590 648 2638 don.
664 2592 710 2639 int.
725 2592 774 2638 vir.
789 2588 838 2649 (24,
853 2588 883 2656 1).
964 2589 986 2658 ⁶)
1001 2607 1055 2643 cum
1068 2608 1107 2642 res

152 2657 231 2708 mariti
245 2664 271 2707 el
284 2659 391 2721 quamuis
406 2659 546 2722 quandoque
566 2658 624 2708 Vei.
640 2660 697 2708 edd.
708 2668 817 2722 praeter
831 2677 899 2711 meas
912 2674 932 2712 1.
949 2673 982 2721 n,
998 2663 1042 2714 adi
1055 2678 1107 2728 pro

151 2729 261 2793 quamuis
270 2743 412 2793 posueram
425 2729 544 2792 quonlam.
568 2727 622 2778 Sed
634 2744 669 2778 eac
682 2736 764 2779 mente
777 2730 882 2794 Ulpiani
890 2734 1052 2796 manifestum
1061 2741 1107 2794 est,

152 2814 207 2848 cum
225 2807 251 2848 et
263 2801 372 2863 quamuis
388 2801 415 2848 in
434 2799 493 2848 Vnt.
508 2801 591 2850 locam
609 2801 678 2848 inter
696 2814 723 2848 se
738 2809 914 2860 comportasse,
935 2806 1021 2867 itaque
1039 2819 1107 2854 nnnc

151 2871 268 2919 correxi.
342 2866 419 2934 ΜΓ.
434 2870 467 2918 L.
481 2883 501 2921 a.
528 2869 820 2936 ascenaentem).
894 2869 1029 2937 ⁷)u1aritus
1048 2874 1106 2924 Vei.

151 2945 231 2986 maier
245 2940 277 2988 de
290 2938 389 2989 Blunnii
402 2942 435 3002 ej.
449 2940 507 2990 edd.
522 2940 616 2991 Hollw.
627 2940 741 2991 Momms.
765 2939 819 2990 Sed
831 2948 892 2990 tune
906 2949 982 2992 antea
997 2943 1044 2992 lilia
1055 2959 1107 3008 pro

152 3021 225 3056 uxore
239 3009 375 3057 dicendum
387 3011 490 3071 suisset.
505 3009 614 3076 (maritus
629 3011 645 3061 i.
661 3011 683 3062 d.
699 3012 765 3074 oepit
778 3011 817 3060 ed.
833 3011 947 3062 Momms.
962 3013 1034 3078 min.)
1063 3013 1107 3064 Ge·

151 3086 234 3127 ierunt
254 3080 370 3142 intellipe
390 3087 496 3129 matrem
517 3089 545 3131 nt
564 3083 636 3144 filiae
657 3081 811 3132 donaturam
832 3083 850 3132 i.
872 3097 893 3134 e.
912 3083 984 3145 filiae
1007 3085 1108 3134 nomine

151 3149 245 3197 morito
259 3148 360 3197 dedisse
375 3147 420 3213 (cs.
431 3149 463 3198 L.
475 3162 508 3200 ιτ.
525 3152 550 3200 0.
564 3152 597 3200 de
611 3154 697 3202 collat.
711 3164 731 3210 a,
744 3151 789 3216 ao),
804 3167 854 3218 qua
869 3167 920 3202 non
934 3157 1108 3204 consentiente

151 3218 343 3276 nollodonolio
357 3226 410 3273 est:
423 3235 482 3269 nem
494 3223 519 3270 si
532 3237 578 3271 suo
593 3224 701 3281 nomine,
716 3223 798 3272 dotem
811 3230 959 3286 receptura,
973 3231 1001 3273 nt
1014 3227 1107 3276 marito

151 3290 274 3348 donaret,
289 3305 340 3340 non
354 3290 429 3340 video
443 3292 504 3354 quin
518 3293 609 3340 nunniti
622 3294 678 3355 fiat.
698 3293 729 3342 L.
745 3305 779 3344 es.
799 3293 830 3342 D.
846 3294 878 3343 de
892 3295 942 3343 iur.
958 3295 1009 3345 dot.
1025 3295 1069 3363 (ue,
1084 3295 1107 3361 o)

146 3373 260 3424 prorsus
272 3362 352 3410 elium
366 3375 453 3411 casnm
467 3368 571 3412 tractat.
623 3360 645 3428 ⁸)
661 3363 699 3426 Cf.
714 3364 823 3414 Haenel.
838 3364 874 3414 ad
886 3364 975 3414 Herm.
992 3365 1018 3416 O.
1029 3382 1058 3430 p.
1073 3377 1107 3418 tt.

151 3430 190 3478 lie
203 3445 233 3479 re
248 3430 280 3479 L.
294 3441 329 3481 sa.
344 3433 367 3494 5.
382 3443 403 3484 e.
423 3432 455 3481 D.
470 3433 564 3498 decep.
579 3443 600 3484 s.
615 3435 655 3496 ἐξ.
670 3445 718 3486 sn.
732 3447 779 3486 ser.
807 3433 855 3484 ile.
873 3435 898 3484 0.
913 3437 945 3485 de
959 3437 1032 3501 inoff.
1047 3436 1106 3486 don.

149 3500 181 3566 (a,
195 3498 240 3566 te).
305 3497 326 3566 ⁰)
340 3501 373 3550 ln
387 3502 479 3567 quibus
494 3503 609 3554 Caecilio
623 3504 781 3571 Anopriana
796 3506 897 3556 uidetur
913 3507 1011 3570 fnisse;
1030 3507 1064 3571 ef.
1083 3522 1107 3557 o.

150 3585 220 3622 mom
234 3572 314 3622 filiam.
