2542 3909
171 263 235 330 230
466 277 524 314 uam
542 277 633 314 marm.
653 259 687 313 ΙΙ.
706 265 820 314 eti-43.

171 410 245 485 quod
266 408 346 483 quale
360 410 412 482 slt,
433 424 484 466 suo
503 407 565 466 loco
586 409 736 483 apparebit:
757 409 806 467 scd
826 411 912 465 nocui
934 420 1125 486 praeceptores

171 501 280 568 putant,
301 492 367 550 nihil
388 509 469 566 apere
488 494 669 550 necessarlum
689 491 833 565 heredem,
853 507 916 551 cum
929 495 956 551 in
974 497 1033 552 iure
1047 496 1126 553 cedat

171 576 356 638 hereditatem.

233 657 284 722 88.
315 660 500 736 Obligationes
521 677 632 736 quoquo
653 660 736 720 modo
756 669 910 720 contractae
928 663 996 721 nihil
1010 658 1125 724 eorum¹

171 746 318 821 recipiunt:
341 763 404 804 nam
424 746 497 820 quod
512 745 578 802 milri
592 745 625 802 ab
639 744 731 819 aliquo
751 745 879 818 debetur,
899 746 926 803 id
940 748 964 803 si
981 748 1062 805 uelim
1076 748 1126 806 tibi

171 830 280 904 deberi,
307 829 383 890 nullo
404 847 497 888 eorum
518 829 615 901 modo,
635 829 732 904 quibus
746 847 791 886 res
813 830 970 904 corporales
990 831 1023 889 ad
1045 833 1125 889 alium

171 916 388 988 tramieruntnr,
408 915 434 972 id
454 912 562 972 eiicere
582 907 730 988 possum;²
746 914 793 972 sed
808 930 878 988 opus
893 924 949 986 est,
970 924 1002 972 ut
1016 916 1126 974 iubente

171 1018 214 1058 me
228 1010 259 1058 tu
275 999 307 1058 ab
322 1016 355 1059 eo
375 997 529 1073 stipuleris3
551 1014 620 1072 quae
634 1014 679 1056 res
693 996 793 1068 elficit,
814 1006 876 1055 uta
896 1015 939 1058 me
953 998 1084 1058 liberetur
1098 1011 1126 1059 et

170 1088 280 1161 incipiat
301 1082 349 1142 tibi
367 1085 465 1142 teneri.
501 1098 570 1157 quae
595 1082 693 1140 dieitur
718 1083 827 1140 nouatio
848 1082 1033 1156 obligationis.
1072 1081 1124 1146 80.

171 1169 234 1230 Sine
254 1171 304 1228 hac
318 1185 384 1224 nero
400 1169 545 1224 nouatione
560 1183 615 1225 non
637 1167 742 1239 poteris
760 1175 808 1225 tuo
828 1169 937 1226 nomine
957 1184 1053 1243 agere,
1075 1170 1126 1229 sed

118 1251 253 1312 64·debes
274 1270 307 1310 ex
326 1267 443 1326 persona
462 1267 520 1308 mea
534 1252 612 1324 quasi
631 1252 759 1324 cognitor
776 1249 781 1323 Ι
801 1259 847 1310 aut
866 1261 1027 1325 procurator
1048 1270 1125 1313 meus

170 1356 202 1398 ex
222 1353 296 1398 eriri.

203 1356 286 1479 pio.
309 1420 453 1494 Sequitur,
475 1426 507 1476 ut
529 1417 734 1490 admoneamus,
756 1421 830 1493 apud
841 1422 1002 1494 peregrinos
1016 1421 1125 1496 quidem

172 1523 255 1564 unum
280 1521 341 1562 esse
365 1504 527 1572 dominium
555 1519 617 1560 nam
642 1512 690 1560 aut
710 1502 835 1562 domiuus
857 1506 972 1578 quisque
994 1515 1051 1578 est,
1078 1516 1126 1564 aut

171 1591 296 1648 dominus
316 1605 371 1647 non
386 1587 563 1661 intellegitur.
600 1603 656 1660 quo
677 1588 737 1644 iure
757 1589 837 1646 etiarn
857 1589 975 1663 populus
991 1588 1125 1648 Romanus

171 1674 235 1732 olim
250 1672 390 1731 utebatur:
413 1680 459 1730 aut
474 1673 544 1728 enim
559 1686 592 1728 ex
605 1671 667 1728 iure
680 1669 823 1738 Quiritium
837 1675 1024 1746 unusquisque
1038 1672 1125 1730 domi·

170 1775 222 1816 nus
237 1766 305 1828 erat,
320 1762 437 1814 autnon
452 1753 663 1829 intellegebatur
677 1755 812 1814 dominus.
846 1764 890 1814 set
904 1766 1000 1831 postea
1014 1758 1126 1816 diuisio-

68 1907 73 1914 Ἀ
170 1857 230 1900 nem
246 1842 349 1915 accepit
362 1839 527 1910 dominium,
550 1846 582 1896 ut
597 1838 665 1898 alius
679 1841 767 1914 possit
787 1857 847 1898 esse
862 1857 895 1898 ex
910 1843 969 1899 lure
983 1841 1126 1910 Quiritium

170 1927 305 1998 dominus,
321 1925 388 1982 alius
404 1925 431 1980 in
446 1923 524 1980 bonis
539 1922 648 1982 habere.
691 1921 734 1982 41.
758 1924 823 1981 llam
838 1925 861 1982 si
877 1925 925 1982 tibi
939 1941 998 1986 rem
1012 1929 1126 2001 mancipi

170 2027 259 2084 neque
278 2009 465 2083 mancipauero
486 2024 574 2082 neque
594 2009 622 2066 in
637 2010 695 2065 iure
710 2025 834 2079 cessero,
856 2017 899 2068 set
919 2019 1024 2069 tantum
1044 2012 1125 2069 tradi-

169 2095 249 2159 dero,
268 2095 296 2152 in
310 2093 387 2150 bonis
403 2092 510 2168 quidem
525 2094 581 2151 tuis
596 2109 627 2150 ea
647 2107 691 2150 res
706 2091 840 2165 eflicitur,
860 2110 893 2150 ea
906 2095 966 2152 iure
981 2095 1124 2164 Quiritium

171 2195 237 2237 uero
257 2194 315 2236 mea
336 2177 515 2252 permanebit,
538 2177 626 2235 donec
647 2187 676 2233 tu
699 2193 758 2234 eam
779 2176 944 2251 possidendo
967 2181 1123 2254 mucapias:

170 2262 255 2322 semel
269 2264 339 2320 enim
355 2261 466 2336 impleta
481 2263 645 2335 usucapione
660 2261 773 2335 proinde
786 2261 869 2335 pleno
890 2263 950 2320 iure
971 2265 1075 2340 incipit,
1096 2264 1124 2320 id

169 2356 211 2405 est
231 2348 305 2404 etin
325 2345 403 2402 bonis
423 2354 451 2402 et
473 2361 506 2402 ex
525 2347 585 2402 iure
606 2344 749 2413 Quiritium
770 2354 818 2402 tua
837 2362 881 2404 res
902 2361 981 2421 esse,
1002 2366 1033 2406 ae
1054 2350 1078 2405 si
1092 2365 1123 2405 ea

169 2432 319 2504 mancipate
334 2430 378 2487 uel
393 2429 421 2486 in
435 2431 494 2486 iure
513 2446 588 2488 cessa
609 2425 711 2504 'lenset
753 2426 803 2488 42.
832 2431 977 2504 Ueucupio
997 2426 1191 2508 auteml⁸t1ne1

170 2513 308 2572 mobilium
323 2512 432 2586 quidem
446 2527 537 2572 rerum
547 2529 617 2570 anno
628 2513 792 2588 completur,
806 2515 883 2572 fundi
898 2531 966 2574 uero
978 2525 1006 2576 et
1017 2517 1123 2575 aedium

169 2597 291 2671 biennio;
309 2604 337 2654 et
352 2599 388 2653 ite
403 2596 465 2671 lege
478 2614 525 2654 111
540 2596 692 2656 tabularum
705 2607 816 2656 cautum
830 2608 882 2662 est.

230 2677 280 2738 43.
304 2679 429 2738 Ceterum
444 2681 523 2738 etiam
538 2698 630 2740 earum
643 2698 735 2741 rerum
750 2686 882 2759 usucapio
897 2684 975 2744 nohis
991 2686 1120 2759 conpetit,

168 2797 380 2808 —..-———-

142 2880 144 2885 ·
242 2863 262 2933 1)
276 2865 415 2917 Excidisse
429 2867 531 2916 videtur
547 2864 650 2932 ‘quibua
664 2869 728 2932 quid
739 2871 855 2921 diximus
864 2872 928 2934 fieri
940 2867 1070 2920 oliorum'.

169 2937 192 3005 ²)
209 2937 254 2988 Em
276 2936 367 2988 uocet.
390 2943 415 2985 et
432 2938 537 2988 Lucdm.
560 2938 616 2988 edd.
640 2939 725 3002 p'sum'
747 2941 773 2990 0.
797 2955 924 3006 possumus
943 2942 982 2990 ed.
1001 2940 1050 3005 Bp.

169 3007 190 3076 ³)
204 3009 278 3059 Haec
292 3025 308 3058 a
322 3006 428 3058 Lacum.
443 3011 560 3073 suppletu
575 3016 603 3057 ut
616 3010 802 3072 omitterentur,
815 3014 950 3075 scripture
966 3012 1123 3076 antiquioris

168 3081 267 3131 codicis
282 3087 347 3130 esset
360 3085 414 3131 ucat
424 3087 485 3143 posi
498 3080 605 3129 similem
618 3095 704 3131 vocem
718 3097 787 3131 cessa
803 3084 904 3132 videtur
919 3083 1043 3147 effecisse.

167 3187 380 3198 ———-

237 3253 264 3328 fi.
279 3259 321 3309 38.
343 3257 381 3321 Os.
397 3259 435 3320 ξς.
451 3269 484 3308 14.
500 3267 533 3308 19.
548 3268 581 3308 ee.
597 3270 617 3315 a,
632 3269 679 3309 1rc.
721 3254 747 3326 ξ.
762 3260 805 3310 39.
823 3259 860 3323 Cf.
876 3272 898 3317 a,
913 3272 947 3311 ss.
962 3271 997 3312 aa.
1038 3255 1122 3328 §.lo

169 3327 387 3393 Os.1‚ue.e5.1sr.
402 3340 422 3387 e,
437 3339 470 3379 os.
486 3339 507 3388 e,
517 3339 564 3380 aaa.
588 3327 698 3392 Tieopi.
713 3341 734 3387 1,
749 3339 769 3379 s.
785 3330 808 3390 ς.
818 3341 839 3380 e.
889 3326 916 3398 5.
928 3333 971 3381 41.
993 3330 1031 3393 df.
1042 3342 1063 3388 1,
1073 3324 1121 3380 aab.

167 3411 189 3457 a,
205 3410 238 3452 es.
253 3410 300 3451 eoa.
315 3411 336 3458 s,
350 3409 384 3450 eo,
408 3397 500 3464 Ulprr,
515 3410 548 3450 aa.
568 3399 599 3448 L.
619 3409 653 3450 ec.
673 3400 696 3460 §-
715 3410 735 3448 e.
759 3399 791 3447 Ι).
812 3399 844 3448 de
859 3399 902 3449 lib.
917 3417 999 3450 cacan
1012 3398 1062 3466 (ao,
1078 3398 1122 3465 ae).

167 3467 194 3538 §-
209 3473 252 3524 42.
274 3469 312 3534 Cf.
332 3467 387 3535 Uip.
402 3482 436 3528 19,
451 3481 471 3520 8.
483 3485 527 3534 pr.
542 3468 565 3519 1.
580 3469 612 3518 de
627 3483 699 3517 usuc.
714 3466 745 3532 (2,
755 3467 778 3532 u)
794 3485 850 3518 cum
863 3469 972 3534 ilreoph.
991 3471 1043 3521 Cic.
1062 3469 1122 3535 Top.

166 3552 188 3592 4.
203 3541 226 3602 5.
242 3551 275 3591 99.
287 3555 339 3604 pro
356 3539 428 3591 Once.
444 3553 477 3592 19.
493 3540 566 3603 infru
581 3541 619 3601 95.
634 3548 668 3588 54.
684 3548 730 3588 994.
807 3534 853 3607 ἐξ.
868 3543 911 3590 43.
926 3545 969 3592 44.
991 3542 1029 3605 Cf.
1041 3557 1084 3606 pr.
1100 3540 1124 3589 I.

167 3612 211 3660 cit.
232 3609 286 3674 lup
302 3610 334 3660 ib.
350 3611 423 3674 infra
437 3613 460 3674 5.
475 3622 509 3662 49.
528 3609 560 3658 L.
576 3622 595 3659 1.
612 3607 644 3656 Ι).
659 3607 691 3656 de
705 3622 794 3671 usurp.
811 3608 855 3673 (41,
870 3607 901 3674 a).
