2542 3909
489 228 613 263 nomme
631 227 767 264 vnnmnvs.
1035 208 1098 273 567

145 348 204 403 Sed
223 350 253 402 et
269 348 391 402 Isidorus
410 346 497 426 (Orig.
517 354 539 414 1,
557 354 598 402 22.
617 354 641 413 5.
660 350 687 414 2)
711 350 771 403 eius
789 349 900 419 generis
916 351 998 404 notae
1015 347 1101 417 pluri·

145 434 208 470 mae
225 416 254 469 in
273 416 395 483 antiquis
411 415 491 468 libne
508 415 628 469 inveniri
666 416 793 484 ropalam
810 417 938 470 testatur.
972 414 1101 483 Denique

145 484 208 552 ipea
226 482 407 537 commoditas
424 482 565 535 scribendi
583 485 612 535 et
622 432 800 561 lignariorum
812 483 985 538 consuetudo
998 484 1103 561 cogamt

146 567 237 619 paene
254 552 288 603 nt
304 549 463 614 credamus,
481 552 529 603 vix
550 549 609 603 ullo
626 567 657 602 m
673 550 746 604 libro
764 551 832 603 iuris
848 554 918 605 haec
936 566 998 605 eom
1020 550 1103 605 end1a

146 633 202 670 non
225 616 355 693 adhibita
378 616 471 670 fuisse.
511 616 547 670 Et
575 616 644 671 haee
670 618 785 684 quidem
812 618 928 671 interim
953 568 1102 684 sufficient,

145 702 233 753 quum
250 683 438 753 Boeokmgiue
461 699 527 737 snae
550 683 706 738 sententiae
729 701 760 739 ar
799 686 895 738 menta
916 684 1008 739 adhue
1025 685 1104 739 nulla

146 752 283 806 attulerit
333 750 465 805 Ceteram
502 751 669 805 oonieotun'e
698 750 727 803 in
787 751 926 805 eokeiaeni
956 752 1102 806 annalibus

147 818 271 887 exempli
288 833 373 871 oauea
388 818 540 887 propositio
557 835 632 871 nuno
649 819 690 872 ita
707 834 772 872 neue
783 836 852 884 aum,
872 820 904 871 ut
914 821 942 871 in
954 820 1029 872 notie
1040 819 1102 873 bre-

146 886 243 939 vitatis
260 901 347 939 ennea
359 889 415 940 Fu.
434 900 614 954 apponerem,
633 885 657 940 ei
670 886 731 953 quie
743 886 866 940 rationes
878 902 974 939 earnm
986 886 1016 939 in
1028 900 1101 939 eom·

146 954 317 1007 mentatione
339 952 391 1007 illa
408 953 549 1031 expositae
571 952 715 1021 requirere
734 953 812 1007 velit
851 954 1002 1009 Praeterea
1022 955 1054 1008 et
1071 952 1100 1007 C.

146 1020 268 1074 Roederi
287 1019 457 1074 emendandi
468 1020 583 1091 Ulpiani
600 1021 748 1075 conamina
761 1024 850 1087 (1856)
862 1020 905 1073 ins
928 1021 972 1074 exi
985 1021 1015 1074 et
1026 1020 1101 1099 quod

146 1087 235 1141 abeo
257 1089 404 1141 matuatus
426 1103 501 1153 enm,
523 1091 689 1144 notationi.
709 1087 873 1167 ¹significavi.
907 1036 933 1141 ἲ)

146 1154 185 1209 ad
202 1170 287 1222 quam
298 1156 409 1209 mutata
419 1155 562 1233 resonam,
580 1169 644 1208 oum
657 1156 735 1233 optio
748 1158 822 1210 esset
832 1156 906 1233 inter
917 1086 1101 1233 Bzeetfflitnlioqss}

146 1238 214 1276 nam
231 1225 262 1275 et
277 1221 497 1287 Vahlenianam,
514 1223 593 1276 illam
610 1222 697 1293 elegi,
717 1238 803 1291 quam
819 1238 910 1292 magis
928 1222 1045 1291 frequen
1078 1239 1100 1275 n

145 1288 305 1356 credebam,
322 1289 512 1360 insigniviqne
528 1290 582 1358 Ba.
601 1296 642 1347 ed.
