2542 3909
161 182 227 245 244
439 200 497 235 om
515 200 606 250 mem,
626 182 660 235 ΙΙ.
681 188 829 237 105-108.

160 346 325 390 sncvuovu
351 345 459 389 noenu
479 343 651 396 evrnrenu,
680 344 743 387 noc
773 345 868 401 Anne,
897 336 925 384 et
950 338 981 385 ut
1007 330 1113 404 quidam
1125 347 1185 396 [1ch

159 414 285 487 adiciunt,
308 404 475 479 somnone
490 428 604 491 urens,
617 410 695 470 nero
712 429 782 471 nrm
797 427 917 489 suanm
941 412 1037 470 deinde
1052 430 1114 471 aere

159 492 278 572 percutit
287 497 392 567 libram,
404 496 485 571 idque
497 512 545 553 aes
557 495 602 552 dat
612 498 736 553 testatori
748 497 823 552 uelut
836 498 917 570 pretii
927 496 1005 565 loco3
1019 497 1114 554 deinde

161 590 274 639 testator
289 581 416 639 tabulas’
419 582 574 638 testamenti
590 572 687 657 mauu¹
704 589 799 637 tenens
814 582 851 636 ita
865 580 941 637 dicit:
956 597 1039 639 nnuc
1059 596 1114 639 Ine

159 683 200 725 vr
217 683 250 723 ιιι
263 681 316 725 ms
330 680 462 723 nasvnte
479 679 632 747 cnurscvn
649 679 781 722 sennenn
805 679 894 735 svur,
915 680 969 723 run
984 681 1036 739 no,
1060 681 1114 723 run

159 765 253 821 neem,
275 766 329 807 rus
352 741 619 865 nnsn'on,1rnovn
644 763 1115 827 voe,ov1nrn.nS,nresn1uos1vu

160 850 230 890 urm
253 820 522 931 ..renmseronnff
543 841 571 888 et
585 832 638 888 hoc
652 830 750 888 dicitur
764 834 942 913 nuncupatio:
958 849 1114 909 nuncupare

160 926 202 974 est
223 919 292 974 enim
312 914 400 993 palam
420 918 575 989 nominare,
601 924 629 973 et
648 932 713 973 sane
734 932 803 991 quae
822 923 938 989 testator
963 918 1115 991 specialiter

160 1002 186 1057 in
201 995 300 1058 tabulis
315 1002 468 1058 testamenti
488 993 642 1077 scripserit,
666 1016 696 1055 ea
719 1000 828 1075 uidetur
849 1000 968 1075 generali
989 1017 1114 1058 sermone

159 1088 297 1142 nominare
313 1095 393 1185 atque
409 1082 576 1141 confirmare.
605 1080 669 1162 105.
684 1084 713 1139 ln
728 1068 843 1140 testibus
859 1092 947 1141 autem
963 1101 1018 1142 non
1033 1084 1114 1142 debet

159 1171 183 1224 is
203 1186 278 1243 csse,
300 1172 347 1244 qui
367 1172 394 1225 in
409 1160 555 1250 potestate
560 1176 603 1224 est
617 1178 662 1247 aut
678 1168 793 1224 familiae
812 1171 941 1243 emptoris
962 1176 1007 1224 aut
1028 1170 1113 1242 ipsius

160 1339 316 1411 negotium,
337 1333 410 1410 quod
425 1338 516 1410 agitur
531 1338 686 1394 testamenti
706 1336 848 1393 ordinandi
869 1338 970 1411 gratia,
993 1333 1115 1395 creditur

160 1422 231 1476 inter
252 1419 368 1478 familiae
391 1428 540 1498 emptorem
562 1421 605 1492 agi
628 1429 655 1475 et
677 1428 846 1492 testatorem,
869 1421 971 1515 quippe
987 1421 1061 1493 olim,
1083 1430 1114 1478 ut

160 1504 281 1577 proxime
292 1497 432 1575 dinamus,
425 1520 460 1575 rs,
469 1505 515 1578 qui
526 1503 650 1560 familiam
661 1506 799 1561 testatoris
812 1505 944 1578 mancipio
957 1504 1113 1579 accipiebat,
1185 1564 1190 1571 ,

160 1588 266 1644 heredis
281 1588 342 1645 loco
358 1596 429 1661 erat,
451 1589 542 1660 ltaque
557 1590 738 1685 reprobatum
747 1590 830 1645 estin
845 1604 876 1643 ea
890 1604 920 1643 re
936 1585 1113 1645 domesticum

161 1664 354 1728 testimonium.
391 1632 459 1730 100.
480 1670 556 1727 Unde
571 1680 598 1727 et
613 1673 636 1727 si
635 1672 685 1751 is,
706 1672 794 1745 quiin
810 1678 947 1744 potestate
962 1673 1044 1745 patris
1060 1680 1112 1744 est,

161 1753 274 1811 familiae
287 1764 395 1831 emptor
405 1755 540 1812 adhibitus
552 1757 598 1826 sit,
611 1744 689 1828 pater
701 1757 758 1812 eius
771 1755 848 1811 testis
864 1771 924 1811 esse
939 1771 995 1811 non
1005 1764 1113 1830 potest3

160 1855 190 1896 ac
212 1854 245 1895 ne
265 1840 289 1895 is
311 1838 436 1913 quidem,
459 1841 503 1914 qui
526 1842 554 1895 in
579 1838 671 1895 eadem
696 1846 831 1912 potestate
851 1847 907 1909 est,
935 1839 1011 1895 uelut
1032 1839 1115 1897 irater

159 1924 227 1980 eius
257 1920 343 1980 secl'
321 1940 343 1979 sr
358 1920 545 1982 filiusfamilias
566 1939 597 1978 er
614 1925 744 1985 castrensi
759 1923 865 1996 peculio
881 1931 944 1997 post
959 1924 1114 1981 missionem

107 2009 150 2060 80
162 2006 240 2063 iaciat
239 2015 456 2105 testamentum,
472 2024 522 2065 nec
537 2016 613 2081 pater
627 2008 687 2063 cius
701 2015 775 2064 recte
790 2010 867 2063 testis
881 2001 884 2085 l
899 2006 1049 2081 adhibetur,
1065 2025 1115 2066 nec

161 2091 193 2166 is,
216 2084 262 2165 qui
282 2085 310 2147 ln
324 2099 460 2167 potestate
479 2093 563 2165 patris
585 2084 663 2147 '.est³
698 2086 764 2149 107.
787 2091 823 2148 lle
834 2090 992 2169 libripende
1012 2091 1113 2165 eadem,

160 2190 229 2249 quae
244 2185 272 2232 et
286 2175 320 2233 de
334 2173 461 2246 testibus,
476 2175 546 2233 dicta
557 2190 617 2232 esse
609 2174 833 2273 intellegemus.
848 2191 908 2231 nam
924 2186 952 2231 ct
966 2176 990 2230 is
1005 2178 1114 2232 testium

159 2275 273 2316 numero
288 2267 339 2317 est.
383 2256 450 2318 108.
462 2250 497 2315 is
512 2275 588 2329 uero,
603 2260 691 2332 quiin
707 2265 843 2333 potestate
857 2259 965 2316 heredis
980 2269 1025 2316 aut
1041 2260 1114 2334 lega·

160 2345 222 2399 taric·
240 2354 298 2415 cst,
320 2346 433 2401 cuiusue
452 2345 532 2401 heres
552 2344 610 2417 lpsc
630 2351 678 2398 aut
687 2343 845 2429 legatarius
860 2345 887 2399 in
910 2351 1045 2416 potestate
1061 2352 1112 2415 est,

160 2428 261 2500 quique
282 2429 309 2483 in
326 2426 452 2493 eiusdem
474 2433 611 2501 potestate
626 2436 679 2498 est,
687 2415 769 2483 adeo
786 2427 864 2484 testis
880 2432 909 2483 et
923 2425 1053 2525 libripens
1068 2430 1112 2484 acl·

160 2508 244 2565 hiberi
267 2519 369 2584 potest,
390 2518 421 2568 ut
441 2512 498 2585 ipse
514 2526 622 2585 quoque
645 2510 724 2567 heres
747 2518 798 2567 out
819 2511 995 2586 legatarius
987 2526 1046 2568 ture
1069 2513 1113 2569 aei·

159 2592 311 2649 hibeantur.
350 2594 397 2651 sed
418 2604 505 2651 tamen
528 2591 601 2668 quod
616 2594 649 2650 ad
664 2594 790 2651 heredem
812 2597 942 2669 pertinet,
963 2596 1063 2669 quique
1085 2597 1113 2651 in

158 2829 187 2863 ea
205 2782 530 2873 recurrebantsindoctus
547 2830 601 2866 esse
624 2816 770 2867 credendus
790 2823 835 2867 est.
870 2815 986 2870 Ceterum
1005 2830 1112 2879 sequens

159 2899 213 2942 cro
228 2887 342 2952 intellige
357 2893 440 2943 ==,ot.
524 2880 544 2951 ¹)
558 2888 688 2935 testmanti
707 2886 735 2935 V
738 2882 759 2919 ¹²
772 2887 907 2937 testamenti
921 2886 978 2936 edd.
994 2887 1037 2935 cot'
1050 2900 1112 2935 sanc

155 2955 246 3019 favent
252 2968 272 3016 1,
281 2967 327 3007 tte.
337 2968 359 3015 4,
368 2969 401 3008 16.
412 2957 459 3006 sed
471 2956 608 3021 archetypi
620 2958 735 3020 scriptor
746 2959 774 3009 td
783 2958 852 3022 qood
863 2972 910 3007 nos
919 2957 1036 3007 dedimus
1045 2958 1112 3008 scri·

154 3028 241 3091 psisse
255 3027 365 3076 videtur.
417 3023 594 3092 ¹)perlribitote
611 3026 636 3077 θ.
652 3028 691 3077 ed.
706 3026 754 3092 Bp.
812 3024 891 3094 ³)Ee
904 3027 968 3079 Inst.
984 3028 1016 3077 sit
1031 3027 1057 3079 0.
1072 3028 1112 3079 ed.

129 3093 133 3101 '
157 3096 206 3162 Bp.
234 3094 287 3150 Sed
299 3104 324 3148 et
337 3098 436 3147 malim:
449 3098 473 3146 in
487 3103 605 3161 potestate
619 3096 696 3165 c(ius)
711 3098 794 3161 patris.

229 3303 254 3374 ξ.
272 3311 329 3359 108.
351 3307 389 3371 Of.
409 3307 466 3368 mn.
481 3320 516 3366 ro,
530 3320 550 3361 s.
574 3310 615 3371 81.
629 3322 650 3361 o.
667 3321 699 3360 ro.
720 3308 742 3359 1.
757 3310 789 3359 de
804 3316 858 3360 test.
874 3312 931 3361 ord.
946 3310 982 3375 (ι,
997 3310 1042 3378 1o).

157 3373 184 3445 ἕ.
201 3380 261 3430 100.
283 3378 321 3440 Of.
345 3377 398 3441 top.
415 3390 454 3435 ro,
467 3390 489 3429 4.
504 3389 524 3431 8.
544 3381 567 3441 §-
583 3392 604 3430 e.
623 3379 646 3429 I.
661 3382 698 3429 tit.
715 3381 758 3430 cit.
777 3380 809 3429 L.
824 3392 857 3431 so.
873 3382 896 3443 ξ.
912 3393 932 3432 s.
952 3382 984 3431 D.
999 3384 1045 3447 poi
1056 3388 1111 3432 test.

156 3450 211 3511 soc.
227 3445 317 3513 (281).
372 3443 398 3516 ἕ
415 3450 473 3499 107.
494 3448 532 3513 Cf.
551 3449 606 3514 Uip.
622 3461 657 3509 80,
672 3461 692 3501 tt.
714 3450 739 3500 0.
755 3450 846 3500 Aelius
859 3452 932 3514 opud
945 3452 1076 3503 Priscian.
1092 3464 1112 3504 8.

155 3533 183 3580 p.
198 3530 237 3569 rer
251 3518 282 3568 P.
332 3514 358 3587 fi.
375 3521 434 3571 108.
455 3520 548 3582 0188.
563 3531 596 3571 ιο.
612 3533 645 3571 ιι.
661 3520 683 3569 Ι.
698 3522 736 3569 tit.
751 3523 795 3570 cit.
