<?xml version="1.0" encoding="UTF-8"?>
<!DOCTYPE html PUBLIC "-//W3C//DTD XHTML 1.0 Transitional//EN"
    "http://www.w3.org/TR/xhtml1/DTD/xhtml1-transitional.dtd">
<html xmlns="http://www.w3.org/1999/xhtml" xml:lang="en" lang="en">
 <head>
  <title>
</title>
<meta http-equiv="Content-Type" content="text/html;charset=utf-8" />
  <meta name='ocr-system' content='tesseract 3.04.00' />
  <meta name='ocr-capabilities' content='ocr_page ocr_carea ocr_par ocr_line ocrx_word'/>
</head>
<body>
  <div class='ocr_page' id='page_1' title='image "./iurisprudentiae01huscgoog_0073.png"; bbox 0 0 2542 3909; ppageno 0'>
   <div class='ocr_carea' id='block_1_1' title="bbox 470 193 1108 253">
    <p class='ocr_par' dir='ltr' id='par_1_1' title="bbox 470 193 1108 253">
     <span class='ocr_line' id='line_1_1' title="bbox 470 193 1108 253; baseline 0.003 -20"><span class='ocrx_word' id='word_1_1' title='bbox 470 200 505 235; x_wconf 74' lang='lat' dir='ltr'><strong>DE</strong></span> <span class='ocrx_word' id='word_1_2' title='bbox 523 200 636 236; x_wconf 70' lang='lat' dir='ltr'>LEGIBVS</span> <span class='ocrx_word' id='word_1_3' title='bbox 655 200 734 235; x_wconf 73' lang='lat' dir='ltr'><strong>mm</strong></span> <span class='ocrx_word' id='word_1_4' title='bbox 753 202 782 235; x_wconf 90' lang='lat'><strong>11.</strong></span> <span class='ocrx_word' id='word_1_5' title='bbox 1067 193 1108 253; x_wconf 74' lang='grc'><strong>49</strong></span> 
     </span>
    </p>
   </div>
   <div class='ocr_carea' id='block_1_2' title="bbox 97 324 1111 3345">
    <p class='ocr_par' dir='ltr' id='par_1_2' title="bbox 143 324 1111 484">
     <span class='ocr_line' id='line_1_2' title="bbox 205 324 1111 401; baseline 0.001 -19"><span class='ocrx_word' id='word_1_6' title='bbox 205 324 350 382; x_wconf 87' lang='lat' dir='ltr'><strong>Sacrum</strong></span> <span class='ocrx_word' id='word_1_7' title='bbox 396 341 539 382; x_wconf 86' lang='lat' dir='ltr'><strong>sacroue</strong></span> <span class='ocrx_word' id='word_1_8' title='bbox 584 327 851 383; x_wconf 84' lang='lat' dir='ltr'><strong>commendatum</strong></span> <span class='ocrx_word' id='word_1_9' title='bbox 887 329 943 401; x_wconf 89' lang='lat' dir='ltr'><strong>qul</strong></span> <span class='ocrx_word' id='word_1_10' title='bbox 980 327 1111 401; x_wconf 78' lang='lat' dir='ltr'><strong>clepsit</strong></span> 
     </span>
     <span class='ocr_line' id='line_1_3' title="bbox 143 410 614 484; baseline -0.004 -17"><span class='ocrx_word' id='word_1_11' title='bbox 143 412 305 484; x_wconf 83' lang='lat' dir='ltr'><strong>repsitue</strong></span> <span class='ocrx_word' id='word_1_12' title='bbox 328 410 507 482; x_wconf 90' lang='lat' dir='ltr'><strong>parricida</strong></span> <span class='ocrx_word' id='word_1_13' title='bbox 529 419 614 466; x_wconf 88' lang='lat' dir='ltr'><strong>esto.</strong></span> 
     </span>
    </p>

    <p class='ocr_par' dir='ltr' id='par_1_3' title="bbox 142 492 1111 651">
     <span class='ocr_line' id='line_1_4' title="bbox 204 492 1111 567; baseline 0.003 -18"><span class='ocrx_word' id='word_1_14' title='bbox 204 494 358 553; x_wconf 89' lang='lat' dir='ltr'><strong>Periurii</strong></span> <span class='ocrx_word' id='word_1_15' title='bbox 384 510 492 567; x_wconf 85' lang='lat' dir='ltr'><strong>poena</strong></span> <span class='ocrx_word' id='word_1_16' title='bbox 513 494 631 550; x_wconf 88' lang='lat' dir='ltr'><strong>diuina</strong></span> <span class='ocrx_word' id='word_1_17' title='bbox 652 492 816 566; x_wconf 78' lang='lat' dir='ltr'><strong>exitium,</strong></span> <span class='ocrx_word' id='word_1_18' title='bbox 845 496 985 551; x_wconf 89' lang='lat' dir='ltr'><strong>humana</strong></span> <span class='ocrx_word' id='word_1_19' title='bbox 1007 494 1111 552; x_wconf 86' lang='lat' dir='ltr'><strong>dede·</strong></span> 
     </span>
     <span class='ocr_line' id='line_1_5' title="bbox 142 572 342 651; baseline -0.01 -16"><span class='ocrx_word' id='word_1_20' title='bbox 142 594 200 635; x_wconf 91' lang='lat' dir='ltr'><strong>cus</strong></span> <span class='ocrx_word' id='word_1_21' title='bbox 217 572 342 651; x_wconf 83' lang='lat' dir='ltr'><strong>(colo)¹.</strong></span> 
     </span>
    </p>

    <p class='ocr_par' dir='ltr' id='par_1_4' title="bbox 142 662 1111 806">
     <span class='ocr_line' id='line_1_6' title="bbox 206 662 1111 737; baseline 0.004 -21"><span class='ocrx_word' id='word_1_22' title='bbox 206 662 383 719; x_wconf 79' lang='lat' dir='ltr'><strong>Incestum</strong></span> <span class='ocrx_word' id='word_1_23' title='bbox 409 662 601 735; x_wconf 77' lang='lat' dir='ltr'><strong>pontifices</strong></span> <span class='ocrx_word' id='word_1_24' title='bbox 631 678 792 735; x_wconf 90' lang='lat' dir='ltr'><strong>supremo</strong></span> <span class='ocrx_word' id='word_1_25' title='bbox 820 663 1003 737; x_wconf 84' lang='lat' dir='ltr'><strong>supplicio</strong></span> <span class='ocrx_word' id='word_1_26' title='bbox 1032 680 1111 720; x_wconf 92' lang='lat' dir='ltr'><strong>san·</strong></span> 
     </span>
     <span class='ocr_line' id='line_1_7' title="bbox 142 746 275 806; baseline 0.023 -3"><span class='ocrx_word' id='word_1_27' title='bbox 142 746 275 806; x_wconf 88' lang='lat' dir='ltr'><strong>olunto.</strong></span> 
     </span>
    </p>

    <p class='ocr_par' dir='ltr' id='par_1_5' title="bbox 204 828 1109 903">
     <span class='ocr_line' id='line_1_8' title="bbox 204 828 1109 903; baseline 0.006 -18"><span class='ocrx_word' id='word_1_28' title='bbox 204 830 336 903; x_wconf 82' lang='lat' dir='ltr'><strong>Impius</strong></span> <span class='ocrx_word' id='word_1_29' title='bbox 358 844 401 885; x_wconf 90' lang='lat' dir='ltr'><strong>ne</strong></span> <span class='ocrx_word' id='word_1_30' title='bbox 424 828 551 885; x_wconf 89' lang='lat' dir='ltr'><strong>audeto</strong></span> <span class='ocrx_word' id='word_1_31' title='bbox 574 829 715 902; x_wconf 88' lang='lat' dir='ltr'><strong>placare</strong></span> <span class='ocrx_word' id='word_1_32' title='bbox 735 829 835 885; x_wconf 88' lang='lat' dir='ltr'><strong>donis</strong></span> <span class='ocrx_word' id='word_1_33' title='bbox 853 830 937 886; x_wconf 89' lang='lat' dir='ltr'><strong>iram</strong></span> <span class='ocrx_word' id='word_1_34' title='bbox 958 829 1109 891; x_wconf 88' lang='lat' dir='ltr'><strong>deorum.</strong></span> 
     </span>
    </p>

    <p class='ocr_par' dir='ltr' id='par_1_6' title="bbox 143 912 1111 1155">
     <span class='ocr_line' id='line_1_9' title="bbox 206 912 1110 989; baseline 0.008 -20"><span class='ocrx_word' id='word_1_35' title='bbox 206 912 313 970; x_wconf 84' lang='lat' dir='ltr'><strong>Caute</strong></span> <span class='ocrx_word' id='word_1_36' title='bbox 337 912 621 971; x_wconf 86' lang='lat' dir='ltr'><strong>uotareddunto:</strong></span> <span class='ocrx_word' id='word_1_37' title='bbox 644 913 899 989; x_wconf 84' lang='lat' dir='ltr'><strong>poenauiolati</strong></span> <span class='ocrx_word' id='word_1_38' title='bbox 916 915 1004 971; x_wconf 90' lang='lat' dir='ltr'><strong>iuris</strong></span> <span class='ocrx_word' id='word_1_39' title='bbox 1021 924 1110 976; x_wconf 88' lang='lat' dir='ltr'><strong>esto.</strong></span> 
     </span>
     <span class='ocr_line' id='line_1_10' title="bbox 144 998 1111 1071; baseline 0.002 -18"><span class='ocrx_word' id='word_1_40' title='bbox 144 998 313 1071; x_wconf 79' lang='lat' dir='ltr'><strong>quocirca</strong></span> <span class='ocrx_word' id='word_1_41' title='bbox 345 1014 384 1053; x_wconf 93' lang='lat' dir='ltr'><strong>ue</strong></span> <span class='ocrx_word' id='word_1_42' title='bbox 415 998 489 1071; x_wconf 85' lang='lat' dir='ltr'><strong>quis</strong></span> <span class='ocrx_word' id='word_1_43' title='bbox 521 1014 639 1070; x_wconf 82' lang='lat' dir='ltr'><strong>agrum</strong></span> <span class='ocrx_word' id='word_1_44' title='bbox 670 1006 887 1054; x_wconf 85' lang='lat' dir='ltr'><strong>consecrato.</strong></span> <span class='ocrx_word' id='word_1_45' title='bbox 943 1000 1032 1071; x_wconf 89' lang='lat' dir='ltr'><strong>auri,</strong></span> <span class='ocrx_word' id='word_1_46' title='bbox 1060 1016 1111 1055; x_wconf 87' lang='lat' dir='ltr'><strong>ar·</strong></span> 
     </span>
     <span class='ocr_line' id='line_1_11' title="bbox 143 1080 832 1155; baseline 0.001 -18"><span class='ocrx_word' id='word_1_47' title='bbox 143 1084 255 1155; x_wconf 77' lang='lat' dir='ltr'><strong>genti,</strong></span> <span class='ocrx_word' id='word_1_48' title='bbox 279 1080 399 1137; x_wconf 83' lang='lat' dir='ltr'><strong>eboris</strong></span> <span class='ocrx_word' id='word_1_49' title='bbox 421 1081 582 1139; x_wconf 89' lang='lat' dir='ltr'><strong>sacrandi</strong></span> <span class='ocrx_word' id='word_1_50' title='bbox 604 1082 724 1137; x_wconf 87' lang='lat' dir='ltr'><strong>modus</strong></span> <span class='ocrx_word' id='word_1_51' title='bbox 747 1088 832 1138; x_wconf 84' lang='lat' dir='ltr'><strong>esto.</strong></span> 
     </span>
    </p>

    <p class='ocr_par' dir='ltr' id='par_1_7' title="bbox 97 1166 859 1239">
     <span class='ocr_line' id='line_1_12' title="bbox 97 1166 859 1239; baseline 0.001 -17"><span class='ocrx_word' id='word_1_52' title='bbox 97 1168 100 1171; x_wconf 83' lang='grc'><strong>’</strong></span> <span class='ocrx_word' id='word_1_53' title='bbox 206 1166 311 1223; x_wconf 87' lang='lat' dir='ltr'><strong>Sacra</strong></span> <span class='ocrx_word' id='word_1_54' title='bbox 334 1167 471 1238; x_wconf 86' lang='lat' dir='ltr'><strong>priuata</strong></span> <span class='ocrx_word' id='word_1_55' title='bbox 493 1172 667 1239; x_wconf 87' lang='lat' dir='ltr'><strong>perpetua</strong></span> <span class='ocrx_word' id='word_1_56' title='bbox 688 1174 859 1223; x_wconf 90' lang='lat' dir='ltr'><strong>manento.</strong></span> 
     </span>
    </p>

    <p class='ocr_par' dir='ltr' id='par_1_8' title="bbox 145 1243 1111 1489">
     <span class='ocr_line' id='line_1_13' title="bbox 208 1243 1111 1324; baseline 0.003 -20"><span class='ocrx_word' id='word_1_57' title='bbox 208 1250 352 1305; x_wconf 80' lang='lat' dir='ltr'><strong>Deorum</strong></span> <span class='ocrx_word' id='word_1_58' title='bbox 374 1249 515 1306; x_wconf 85' lang='lat' dir='ltr'><strong>Manium</strong></span> <span class='ocrx_word' id='word_1_59' title='bbox 537 1252 612 1305; x_wconf 90' lang='lat' dir='ltr'><strong>iura</strong></span> <span class='ocrx_word' id='word_1_60' title='bbox 635 1257 754 1307; x_wconf 88' lang='lat' dir='ltr'><strong>sancta</strong></span> <span class='ocrx_word' id='word_1_61' title='bbox 776 1259 888 1309; x_wconf 84' lang='lat' dir='ltr'><strong>sunto.</strong></span> <span class='ocrx_word' id='word_1_62' title='bbox 925 1243 1111 1324; x_wconf 80' lang='lat' dir='ltr'><strong>’sepultos²</strong></span> 
     </span>
     <span class='ocr_line' id='line_1_14' title="bbox 145 1332 1111 1408; baseline 0.004 -19"><span class='ocrx_word' id='word_1_63' title='bbox 145 1334 220 1389; x_wconf 90' lang='lat' dir='ltr'><strong>leto</strong></span> <span class='ocrx_word' id='word_1_64' title='bbox 256 1332 353 1389; x_wconf 84' lang='lat' dir='ltr'><strong>datos</strong></span> <span class='ocrx_word' id='word_1_65' title='bbox 390 1334 491 1389; x_wconf 87' lang='lat' dir='ltr'><strong>diuos</strong></span> <span class='ocrx_word' id='word_1_66' title='bbox 528 1333 696 1398; x_wconf 72' lang='lat' dir='ltr'><strong>habentoa</strong></span> <span class='ocrx_word' id='word_1_67' title='bbox 739 1343 910 1408; x_wconf 89' lang='lat' dir='ltr'><strong>sumptum</strong></span> <span class='ocrx_word' id='word_1_68' title='bbox 950 1336 983 1390; x_wconf 91' lang='lat' dir='ltr'><strong>in</strong></span> <span class='ocrx_word' id='word_1_69' title='bbox 1021 1335 1111 1393; x_wconf 94' lang='lat' dir='ltr'><strong>ollos</strong></span> 
     </span>
     <span class='ocr_line' id='line_1_15' title="bbox 146 1416 561 1489; baseline 0 -16"><span class='ocrx_word' id='word_1_70' title='bbox 146 1416 345 1489; x_wconf 87' lang='lat' dir='ltr'><strong>luctumque</strong></span> <span class='ocrx_word' id='word_1_71' title='bbox 367 1419 561 1473; x_wconf 91' lang='lat' dir='ltr'><strong>minuunto.</strong></span> 
     </span>
    </p>

    <p class='ocr_par' dir='ltr' id='par_1_9' title="bbox 141 1497 1111 1826">
     <span class='ocr_line' id='line_1_16' title="bbox 208 1497 1111 1575; baseline 0.004 -20"><span class='ocrx_word' id='word_1_72' title='bbox 208 1500 240 1556; x_wconf 90' lang='lat' dir='ltr'><strong>X.</strong></span> <span class='ocrx_word' id='word_1_73' title='bbox 264 1497 311 1559; x_wconf 77' lang='lat'><strong>23.</strong></span> <span class='ocrx_word' id='word_1_74' title='bbox 334 1500 365 1568; x_wconf 85' lang='lat' dir='ltr'><strong>Q.</strong></span> <span class='ocrx_word' id='word_1_75' title='bbox 389 1502 521 1559; x_wconf 79' lang='lat' dir='ltr'><strong>Conclusa</strong></span> <span class='ocrx_word' id='word_1_76' title='bbox 543 1500 652 1574; x_wconf 87' lang='lat' dir='ltr'><strong>quidem</strong></span> <span class='ocrx_word' id='word_1_77' title='bbox 673 1508 717 1558; x_wconf 85' lang='lat' dir='ltr'><strong>est</strong></span> <span class='ocrx_word' id='word_1_78' title='bbox 737 1518 752 1557; x_wconf 83' lang='lat' dir='ltr'><strong>a</strong></span> <span class='ocrx_word' id='word_1_79' title='bbox 776 1510 813 1573; x_wconf 85' lang='lat' dir='ltr'><strong>te,</strong></span> <span class='ocrx_word' id='word_1_80' title='bbox 835 1501 930 1575; x_wconf 86' lang='lat' dir='ltr'><strong>irater,</strong></span> <span class='ocrx_word' id='word_1_81' title='bbox 953 1519 1048 1575; x_wconf 83' lang='lat' dir='ltr'><strong>magua</strong></span> <span class='ocrx_word' id='word_1_82' title='bbox 1068 1503 1111 1559; x_wconf 85' lang='lat' dir='ltr'><strong>lor</strong></span> 
     </span>
     <span class='ocr_line' id='line_1_17' title="bbox 141 1584 1111 1658; baseline 0.002 -17"><span class='ocrx_word' id='word_1_83' title='bbox 141 1600 207 1641; x_wconf 87' lang='lat' dir='ltr'><strong>sane</strong></span> <span class='ocrx_word' id='word_1_84' title='bbox 231 1601 311 1658; x_wconf 90' lang='lat' dir='ltr'><strong>quam</strong></span> <span class='ocrx_word' id='word_1_85' title='bbox 333 1584 421 1658; x_wconf 86' lang='lat' dir='ltr'><strong>breui,</strong></span> <span class='ocrx_word' id='word_1_86' title='bbox 444 1593 498 1655; x_wconf 79' lang='lat' dir='ltr'><strong>set,</strong></span> <span class='ocrx_word' id='word_1_87' title='bbox 521 1594 552 1641; x_wconf 88' lang='lat' dir='ltr'><strong>ut</strong></span> <span class='ocrx_word' id='word_1_88' title='bbox 573 1585 638 1641; x_wconf 89' lang='lat' dir='ltr'><strong>mihi</strong></span> <span class='ocrx_word' id='word_1_89' title='bbox 661 1585 768 1658; x_wconf 86' lang='lat' dir='ltr'><strong>quidem</strong></span> <span class='ocrx_word' id='word_1_90' title='bbox 785 1586 904 1657; x_wconf 87' lang='lat' dir='ltr'><strong>uidetur,</strong></span> <span class='ocrx_word' id='word_1_91' title='bbox 926 1602 982 1643; x_wconf 89' lang='lat' dir='ltr'><strong>non</strong></span> <span class='ocrx_word' id='word_1_92' title='bbox 997 1587 1111 1644; x_wconf 90' lang='lat' dir='ltr'><strong>multum</strong></span> 
     </span>
     <span class='ocr_line' id='line_1_18' title="bbox 141 1656 1111 1743; baseline 0.004 -19"><span class='ocrx_word' id='word_1_93' title='bbox 141 1668 282 1743; x_wconf 88' lang='lat' dir='ltr'><strong>discrepat</strong></span> <span class='ocrx_word' id='word_1_94' title='bbox 295 1670 348 1725; x_wconf 88' lang='lat' dir='ltr'><strong>ista</strong></span> <span class='ocrx_word' id='word_1_95' title='bbox 367 1670 529 1726; x_wconf 85' lang='lat' dir='ltr'><strong>constitutio</strong></span> <span class='ocrx_word' id='word_1_96' title='bbox 550 1669 715 1742; x_wconf 81' lang='lat' dir='ltr'><strong>religionum</strong></span> <span class='ocrx_word' id='word_1_97' title='bbox 729 1686 746 1724; x_wconf 88' lang='lat' dir='ltr'><strong>a</strong></span> <span class='ocrx_word' id='word_1_98' title='bbox 759 1656 866 1743; x_wconf 79' lang='lat' dir='ltr'><strong>legibu&#39;s</strong></span> <span class='ocrx_word' id='word_1_99' title='bbox 881 1670 981 1727; x_wconf 83' lang='lat' dir='ltr'><strong>Numae</strong></span> <span class='ocrx_word' id='word_1_100' title='bbox 996 1672 1111 1729; x_wconf 86' lang='lat' dir='ltr'><strong>nostris·</strong></span> 
     </span>
     <span class='ocr_line' id='line_1_19' title="bbox 142 1752 344 1826; baseline 0 -17"><span class='ocrx_word' id='word_1_101' title='bbox 142 1769 197 1826; x_wconf 87' lang='lat' dir='ltr'><strong>que</strong></span> <span class='ocrx_word' id='word_1_102' title='bbox 212 1752 344 1809; x_wconf 88' lang='lat' dir='ltr'><strong>moribus.</strong></span> 
     </span>
    </p>

    <p class='ocr_par' dir='ltr' id='par_1_10' title="bbox 144 1837 1111 2164">
     <span class='ocr_line' id='line_1_20' title="bbox 206 1837 1111 1913; baseline 0.002 -19"><span class='ocrx_word' id='word_1_103' title='bbox 206 1838 249 1894; x_wconf 89' lang='lat' dir='ltr'><strong>M.</strong></span> <span class='ocrx_word' id='word_1_104' title='bbox 271 1838 313 1894; x_wconf 83' lang='lat' dir='ltr'><strong>An</strong></span> <span class='ocrx_word' id='word_1_105' title='bbox 336 1853 441 1910; x_wconf 83' lang='lat' dir='ltr'><strong>censes,</strong></span> <span class='ocrx_word' id='word_1_106' title='bbox 464 1854 548 1911; x_wconf 85' lang='lat' dir='ltr'><strong>quom</strong></span> <span class='ocrx_word' id='word_1_107' title='bbox 569 1838 596 1893; x_wconf 90' lang='lat' dir='ltr'><strong>in</strong></span> <span class='ocrx_word' id='word_1_108' title='bbox 617 1837 673 1894; x_wconf 90' lang='lat' dir='ltr'><strong>illis</strong></span> <span class='ocrx_word' id='word_1_109' title='bbox 693 1837 727 1893; x_wconf 89' lang='lat' dir='ltr'><strong>de</strong></span> <span class='ocrx_word' id='word_1_110' title='bbox 747 1837 896 1912; x_wconf 88' lang='lat' dir='ltr'><strong>republica</strong></span> <span class='ocrx_word' id='word_1_111' title='bbox 911 1838 984 1895; x_wconf 87' lang='lat' dir='ltr'><strong>libris</strong></span> <span class='ocrx_word' id='word_1_112' title='bbox 999 1856 1111 1913; x_wconf 86' lang='lat' dir='ltr'><strong>persua·</strong></span> 
     </span>
     <span class='ocr_line' id='line_1_21' title="bbox 144 1921 1110 1996; baseline 0.003 -20"><span class='ocrx_word' id='word_1_113' title='bbox 144 1921 208 1976; x_wconf 84' lang='lat' dir='ltr'><strong>dere</strong></span> <span class='ocrx_word' id='word_1_114' title='bbox 230 1921 357 1977; x_wconf 88' lang='lat' dir='ltr'><strong>uideatur</strong></span> <span class='ocrx_word' id='word_1_115' title='bbox 377 1922 527 1993; x_wconf 82' lang='lat' dir='ltr'><strong>Africanus,</strong></span> <span class='ocrx_word' id='word_1_116' title='bbox 551 1923 670 1977; x_wconf 91' lang='lat' dir='ltr'><strong>omnium</strong></span> <span class='ocrx_word' id='word_1_117' title='bbox 692 1937 783 1977; x_wconf 88' lang='lat' dir='ltr'><strong>rerum</strong></span> <span class='ocrx_word' id='word_1_118' title='bbox 804 1921 970 1996; x_wconf 89' lang='lat' dir='ltr'><strong>publicarum</strong></span> <span class='ocrx_word' id='word_1_119' title='bbox 990 1933 1110 1980; x_wconf 88' lang='lat' dir='ltr'><strong>nostram</strong></span> 
     </span>
     <span class='ocr_line' id='line_1_22' title="bbox 146 2006 1109 2081; baseline 0.005 -22"><span class='ocrx_word' id='word_1_120' title='bbox 146 2012 266 2061; x_wconf 87' lang='lat' dir='ltr'><strong>ueterem</strong></span> <span class='ocrx_word' id='word_1_121' title='bbox 281 2006 355 2061; x_wconf 89' lang='lat' dir='ltr'><strong>illam</strong></span> <span class='ocrx_word' id='word_1_122' title='bbox 370 2006 453 2062; x_wconf 85' lang='lat' dir='ltr'><strong>luisse</strong></span> <span class='ocrx_word' id='word_1_123' title='bbox 469 2016 617 2081; x_wconf 87' lang='lat' dir='ltr'><strong>optumam,</strong></span> <span class='ocrx_word' id='word_1_124' title='bbox 639 2022 695 2062; x_wconf 88' lang='lat' dir='ltr'><strong>non</strong></span> <span class='ocrx_word' id='word_1_125' title='bbox 715 2022 828 2064; x_wconf 87' lang='lat' dir='ltr'><strong>neccsse</strong></span> <span class='ocrx_word' id='word_1_126' title='bbox 848 2022 908 2063; x_wconf 87' lang='lat' dir='ltr'><strong>esse</strong></span> <span class='ocrx_word' id='word_1_127' title='bbox 929 2015 1057 2081; x_wconf 84' lang='lat' dir='ltr'><strong>optumae</strong></span> <span class='ocrx_word' id='word_1_128' title='bbox 1071 2010 1109 2064; x_wconf 86' lang='lat' dir='ltr'><strong>roi</strong></span> 
     </span>
     <span class='ocr_line' id='line_1_23' title="bbox 144 2086 668 2164; baseline 0 -19"><span class='ocrx_word' id='word_1_129' title='bbox 144 2086 268 2164; x_wconf 87' lang='lat' dir='ltr'><strong>publicae</strong></span> <span class='ocrx_word' id='word_1_130' title='bbox 283 2090 361 2163; x_wconf 81' lang='lat' dir='ltr'><strong>leges</strong></span> <span class='ocrx_word' id='word_1_131' title='bbox 376 2090 440 2147; x_wconf 86' lang='lat' dir='ltr'><strong>dare</strong></span> <span class='ocrx_word' id='word_1_132' title='bbox 454 2090 668 2148; x_wconf 72' lang='lat' dir='ltr'><strong>consentaneas?</strong></span> 
     </span>
    </p>

    <p class='ocr_par' dir='ltr' id='par_1_11' title="bbox 209 2174 674 2247">
     <span class='ocr_line' id='line_1_24' title="bbox 209 2174 674 2247; baseline -0.002 -18"><span class='ocrx_word' id='word_1_133' title='bbox 209 2174 243 2243; x_wconf 81' lang='lat' dir='ltr'><strong>Q.</strong></span> <span class='ocrx_word' id='word_1_134' title='bbox 265 2174 349 2230; x_wconf 91' lang='lat' dir='ltr'><strong>lmmo</strong></span> <span class='ocrx_word' id='word_1_135' title='bbox 371 2191 485 2247; x_wconf 88' lang='lat' dir='ltr'><strong>prorsus</strong></span> <span class='ocrx_word' id='word_1_136' title='bbox 507 2176 544 2231; x_wconf 86' lang='lat' dir='ltr'><strong>ita</strong></span> <span class='ocrx_word' id='word_1_137' title='bbox 565 2190 674 2231; x_wconf 86' lang='lat' dir='ltr'><strong>censeo.</strong></span> 
     </span>
    </p>

    <p class='ocr_par' dir='ltr' id='par_1_12' title="bbox 144 2256 1111 2584">
     <span class='ocr_line' id='line_1_25' title="bbox 208 2256 1111 2333; baseline 0 -18"><span class='ocrx_word' id='word_1_138' title='bbox 208 2258 248 2315; x_wconf 92' lang='lat' dir='ltr'><strong>M.</strong></span> <span class='ocrx_word' id='word_1_139' title='bbox 272 2257 345 2333; x_wconf 78' lang='lat' dir='ltr'><strong>Ergo</strong></span> <span class='ocrx_word' id='word_1_140' title='bbox 361 2258 428 2315; x_wconf 88' lang='lat' dir='ltr'><strong>adeo</strong></span> <span class='ocrx_word' id='word_1_141' title='bbox 444 2266 582 2333; x_wconf 80' lang='lat' dir='ltr'><strong>expectata</strong></span> <span class='ocrx_word' id='word_1_142' title='bbox 597 2258 685 2331; x_wconf 84' lang='lat' dir='ltr'><strong>leges,</strong></span> <span class='ocrx_word' id='word_1_143' title='bbox 700 2273 769 2330; x_wconf 87' lang='lat' dir='ltr'><strong>qnae</strong></span> <span class='ocrx_word' id='word_1_144' title='bbox 784 2272 871 2331; x_wconf 79' lang='lat' dir='ltr'><strong>genus</strong></span> <span class='ocrx_word' id='word_1_145' title='bbox 886 2256 954 2313; x_wconf 91' lang='lat' dir='ltr'><strong>illud</strong></span> <span class='ocrx_word' id='word_1_146' title='bbox 970 2266 1111 2330; x_wconf 86' lang='lat' dir='ltr'><strong>optumum</strong></span> 
     </span>
     <span class='ocr_line' id='line_1_26' title="bbox 145 2341 1109 2417; baseline -0.001 -18"><span class='ocrx_word' id='word_1_147' title='bbox 145 2344 185 2399; x_wconf 89' lang='lat' dir='ltr'><strong>rei</strong></span> <span class='ocrx_word' id='word_1_148' title='bbox 202 2341 326 2417; x_wconf 87' lang='lat' dir='ltr'><strong>publicae</strong></span> <span class='ocrx_word' id='word_1_149' title='bbox 341 2344 508 2414; x_wconf 83' lang='lat' dir='ltr'><strong>contineant,</strong></span> <span class='ocrx_word' id='word_1_150' title='bbox 524 2350 562 2415; x_wconf 89' lang='lat' dir='ltr'><strong>et,</strong></span> <span class='ocrx_word' id='word_1_151' title='bbox 576 2344 600 2398; x_wconf 84' lang='lat' dir='ltr'><strong>si</strong></span> <span class='ocrx_word' id='word_1_152' title='bbox 615 2358 684 2417; x_wconf 87' lang='lat' dir='ltr'><strong>quae</strong></span> <span class='ocrx_word' id='word_1_153' title='bbox 698 2341 770 2398; x_wconf 83' lang='lat' dir='ltr'><strong>forte</strong></span> <span class='ocrx_word' id='word_1_154' title='bbox 787 2357 859 2397; x_wconf 90' lang='lat' dir='ltr'><strong>ame</strong></span> <span class='ocrx_word' id='word_1_155' title='bbox 874 2341 955 2398; x_wconf 87' lang='lat' dir='ltr'><strong>hodie</strong></span> <span class='ocrx_word' id='word_1_156' title='bbox 970 2341 1109 2415; x_wconf 80' lang='lat' dir='ltr'><strong>rogabun-</strong></span> 
     </span>
     <span class='ocr_line' id='line_1_27' title="bbox 144 2424 1110 2500; baseline 0 -18"><span class='ocrx_word' id='word_1_157' title='bbox 144 2435 201 2498; x_wconf 89' lang='lat' dir='ltr'><strong>tur,</strong></span> <span class='ocrx_word' id='word_1_158' title='bbox 227 2443 296 2499; x_wconf 89' lang='lat' dir='ltr'><strong>quae</strong></span> <span class='ocrx_word' id='word_1_159' title='bbox 316 2443 371 2483; x_wconf 91' lang='lat' dir='ltr'><strong>non</strong></span> <span class='ocrx_word' id='word_1_160' title='bbox 394 2429 497 2485; x_wconf 89' lang='lat' dir='ltr'><strong>sintin</strong></span> <span class='ocrx_word' id='word_1_161' title='bbox 519 2435 613 2483; x_wconf 86' lang='lat' dir='ltr'><strong>nostra</strong></span> <span class='ocrx_word' id='word_1_162' title='bbox 635 2424 793 2500; x_wconf 86' lang='lat' dir='ltr'><strong>republica</strong></span> <span class='ocrx_word' id='word_1_163' title='bbox 815 2442 866 2483; x_wconf 88' lang='lat' dir='ltr'><strong>nec</strong></span> <span class='ocrx_word' id='word_1_164' title='bbox 887 2426 999 2499; x_wconf 87' lang='lat' dir='ltr'><strong>luerint,</strong></span> <span class='ocrx_word' id='word_1_165' title='bbox 1022 2433 1110 2484; x_wconf 66' lang='lat' dir='ltr'><strong>umen</strong></span> 
     </span>
     <span class='ocr_line' id='line_1_28' title="bbox 147 2504 968 2584; baseline -0.001 -17"><span class='ocrx_word' id='word_1_166' title='bbox 147 2504 238 2567; x_wconf 82' lang='lat' dir='ltr'><strong>erant³</strong></span> <span class='ocrx_word' id='word_1_167' title='bbox 252 2511 309 2567; x_wconf 86' lang='lat' dir='ltr'><strong>lere</strong></span> <span class='ocrx_word' id='word_1_168' title='bbox 324 2513 351 2567; x_wconf 94' lang='lat' dir='ltr'><strong>in</strong></span> <span class='ocrx_word' id='word_1_169' title='bbox 367 2528 442 2567; x_wconf 86' lang='lat' dir='ltr'><strong>more</strong></span> <span class='ocrx_word' id='word_1_170' title='bbox 458 2513 599 2582; x_wconf 85' lang='lat' dir='ltr'><strong>maiorum,</strong></span> <span class='ocrx_word' id='word_1_171' title='bbox 614 2513 661 2584; x_wconf 89' lang='lat' dir='ltr'><strong>qni</strong></span> <span class='ocrx_word' id='word_1_172' title='bbox 676 2520 734 2567; x_wconf 89' lang='lat' dir='ltr'><strong>tum</strong></span> <span class='ocrx_word' id='word_1_173' title='bbox 750 2519 781 2568; x_wconf 91' lang='lat' dir='ltr'><strong>ut</strong></span> <span class='ocrx_word' id='word_1_174' title='bbox 794 2511 838 2567; x_wconf 80' lang='lat' dir='ltr'><strong>lor</strong></span> <span class='ocrx_word' id='word_1_175' title='bbox 854 2510 968 2567; x_wconf 83' lang='lat' dir='ltr'><strong>ualebat.</strong></span> 
     </span>
    </p>

    <p class='ocr_par' dir='ltr' id='par_1_13' title="bbox 146 2590 1109 2755">
     <span class='ocr_line' id='line_1_29' title="bbox 210 2590 1109 2671; baseline 0.002 -20"><span class='ocrx_word' id='word_1_176' title='bbox 210 2590 259 2651; x_wconf 76' lang='lat'><strong>24.</strong></span> <span class='ocrx_word' id='word_1_177' title='bbox 283 2597 317 2652; x_wconf 88' lang='grc' dir='ltr'><strong>Α.</strong></span> <span class='ocrx_word' id='word_1_178' title='bbox 340 2595 426 2651; x_wconf 86' lang='lat' dir='ltr'><strong>Suade</strong></span> <span class='ocrx_word' id='word_1_179' title='bbox 440 2598 536 2670; x_wconf 79' lang='lat' dir='ltr'><strong>igitur,</strong></span> <span class='ocrx_word' id='word_1_180' title='bbox 552 2596 575 2651; x_wconf 94' lang='lat' dir='ltr'><strong>si</strong></span> <span class='ocrx_word' id='word_1_181' title='bbox 590 2595 688 2668; x_wconf 88' lang='lat' dir='ltr'><strong>placet,</strong></span> <span class='ocrx_word' id='word_1_182' title='bbox 703 2597 781 2651; x_wconf 87' lang='lat' dir='ltr'><strong>istam</strong></span> <span class='ocrx_word' id='word_1_183' title='bbox 796 2596 880 2668; x_wconf 87' lang='lat' dir='ltr'><strong>ipsam</strong></span> <span class='ocrx_word' id='word_1_184' title='bbox 895 2596 995 2669; x_wconf 80' lang='lat' dir='ltr'><strong>legem,</strong></span> <span class='ocrx_word' id='word_1_185' title='bbox 1011 2606 1042 2653; x_wconf 86' lang='lat' dir='ltr'><strong>ut</strong></span> <span class='ocrx_word' id='word_1_186' title='bbox 1056 2613 1109 2671; x_wconf 78' lang='lat' dir='ltr'><strong>ego</strong></span> 
     </span>
     <span class='ocr_line' id='line_1_30' title="bbox 146 2674 637 2755; baseline 0 -19"><span class='ocrx_word' id='word_1_187' title='bbox 146 2679 217 2737; x_wconf 80' lang='lat' dir='ltr'><strong>‘ulei</strong></span> <span class='ocrx_word' id='word_1_188' title='bbox 233 2674 293 2755; x_wconf 90' lang='lat' dir='ltr'><strong>[tu]</strong></span> <span class='ocrx_word' id='word_1_189' title='bbox 310 2681 404 2753; x_wconf 81' lang='lat' dir='ltr'><strong>rogas&#39;</strong></span> <span class='ocrx_word' id='word_1_190' title='bbox 420 2682 523 2755; x_wconf 90' lang='lat' dir='ltr'><strong>possim</strong></span> <span class='ocrx_word' id='word_1_191' title='bbox 538 2679 637 2736; x_wconf 83' lang='lat' dir='ltr'><strong>dicore.</strong></span> 
     </span>
    </p>

    <p class='ocr_par' dir='ltr' id='par_1_14' title="bbox 208 2764 938 2837">
     <span class='ocr_line' id='line_1_31' title="bbox 208 2764 938 2837; baseline -0.004 -14"><span class='ocrx_word' id='word_1_192' title='bbox 208 2764 250 2823; x_wconf 89' lang='lat' dir='ltr'><strong>M.</strong></span> <span class='ocrx_word' id='word_1_193' title='bbox 274 2764 457 2837; x_wconf 76' lang='lat' dir='ltr'><strong>nictantem,</strong></span> <span class='ocrx_word' id='word_1_194' title='bbox 473 2765 572 2835; x_wconf 82' lang='lat' dir='ltr'><strong>Attice,</strong></span> <span class='ocrx_word' id='word_1_195' title='bbox 589 2780 643 2820; x_wconf 90' lang='lat' dir='ltr'><strong>non</strong></span> <span class='ocrx_word' id='word_1_196' title='bbox 659 2780 688 2820; x_wconf 89' lang='lat' dir='ltr'><strong>es</strong></span> <span class='ocrx_word' id='word_1_197' title='bbox 703 2764 827 2821; x_wconf 87' lang='lat' dir='ltr'><strong>dicturus</strong></span> <span class='ocrx_word' id='word_1_198' title='bbox 842 2764 938 2820; x_wconf 81' lang='lat' dir='ltr'><strong>aliteri</strong></span> 
     </span>
    </p>

    <p class='ocr_par' dir='ltr' id='par_1_15' title="bbox 143 2848 1110 3006">
     <span class='ocr_line' id='line_1_32' title="bbox 207 2848 1110 2923; baseline 0.001 -20"><span class='ocrx_word' id='word_1_199' title='bbox 207 2848 244 2905; x_wconf 82' lang='lat' dir='ltr'><strong>A.</strong></span> <span class='ocrx_word' id='word_1_200' title='bbox 268 2848 384 2904; x_wconf 87' lang='lat' dir='ltr'><strong>Prorsus</strong></span> <span class='ocrx_word' id='word_1_201' title='bbox 399 2850 525 2906; x_wconf 89' lang='lat' dir='ltr'><strong>malorem</strong></span> <span class='ocrx_word' id='word_1_202' title='bbox 541 2848 649 2921; x_wconf 90' lang='lat' dir='ltr'><strong>quidem</strong></span> <span class='ocrx_word' id='word_1_203' title='bbox 663 2864 721 2905; x_wconf 90' lang='lat' dir='ltr'><strong>rem</strong></span> <span class='ocrx_word' id='word_1_204' title='bbox 736 2848 837 2905; x_wconf 91' lang='lat' dir='ltr'><strong>nullam</strong></span> <span class='ocrx_word' id='word_1_205' title='bbox 851 2849 964 2911; x_wconf 88' lang='lat' dir='ltr'><strong>sciscam</strong></span> <span class='ocrx_word' id='word_1_206' title='bbox 979 2848 1067 2923; x_wconf 86' lang='lat' dir='ltr'><strong>aliter,</strong></span> <span class='ocrx_word' id='word_1_207' title='bbox 1082 2850 1110 2905; x_wconf 91' lang='lat' dir='ltr'><strong>in</strong></span> 
     </span>
     <span class='ocr_line' id='line_1_33' title="bbox 143 2932 738 3006; baseline -0.003 -16"><span class='ocrx_word' id='word_1_208' title='bbox 143 2932 307 3002; x_wconf 86' lang='lat' dir='ltr'><strong>mluoribus‚</strong></span> <span class='ocrx_word' id='word_1_209' title='bbox 323 2933 346 2988; x_wconf 90' lang='lat' dir='ltr'><strong>si</strong></span> <span class='ocrx_word' id='word_1_210' title='bbox 362 2932 450 3006; x_wconf 88' lang='lat' dir='ltr'><strong>uoles,</strong></span> <span class='ocrx_word' id='word_1_211' title='bbox 464 2934 598 2989; x_wconf 86' lang='lat' dir='ltr'><strong>remittam</strong></span> <span class='ocrx_word' id='word_1_212' title='bbox 614 2934 667 2988; x_wconf 90' lang='lat' dir='ltr'><strong>hoc</strong></span> <span class='ocrx_word' id='word_1_213' title='bbox 681 2932 738 2993; x_wconf 86' lang='lat' dir='ltr'><strong>tibi.</strong></span> 
     </span>
    </p>

    <p class='ocr_par' dir='ltr' id='par_1_16' title="bbox 209 3014 942 3092">
     <span class='ocr_line' id='line_1_34' title="bbox 209 3014 942 3092; baseline 0.01 -21"><span class='ocrx_word' id='word_1_214' title='bbox 209 3017 244 3086; x_wconf 80' lang='lat' dir='ltr'><strong>Q.</strong></span> <span class='ocrx_word' id='word_1_215' title='bbox 267 3019 356 3090; x_wconf 79' lang='lat' dir='ltr'><strong>Atque</strong></span> <span class='ocrx_word' id='word_1_216' title='bbox 378 3034 436 3073; x_wconf 91' lang='lat' dir='ltr'><strong>mea</strong></span> <span class='ocrx_word' id='word_1_217' title='bbox 459 3016 566 3091; x_wconf 87' lang='lat' dir='ltr'><strong>quidem</strong></span> <span class='ocrx_word' id='word_1_218' title='bbox 589 3014 709 3092; x_wconf 81' lang='lat' dir='ltr'><strong>(eodem)</strong></span> <span class='ocrx_word' id='word_1_219' title='bbox 733 3019 869 3075; x_wconf 86' lang='lat' dir='ltr'><strong>sententia</strong></span> <span class='ocrx_word' id='word_1_220' title='bbox 890 3027 942 3077; x_wconf 87' lang='lat' dir='ltr'><strong>est.</strong></span> 
     </span>
    </p>

    <p class='ocr_par' dir='ltr' id='par_1_17' title="bbox 205 3099 684 3175">
     <span class='ocr_line' id='line_1_35' title="bbox 205 3099 684 3175; baseline 0 -18"><span class='ocrx_word' id='word_1_221' title='bbox 205 3100 248 3161; x_wconf 89' lang='lat' dir='ltr'><strong>M.</strong></span> <span class='ocrx_word' id='word_1_222' title='bbox 273 3105 318 3173; x_wconf 80' lang='lat' dir='ltr'><strong>nt,</strong></span> <span class='ocrx_word' id='word_1_223' title='bbox 333 3117 368 3157; x_wconf 87' lang='lat' dir='ltr'><strong>ne</strong></span> <span class='ocrx_word' id='word_1_224' title='bbox 382 3101 495 3175; x_wconf 83' lang='lat' dir='ltr'><strong>longum</strong></span> <span class='ocrx_word' id='word_1_225' title='bbox 510 3099 567 3172; x_wconf 85' lang='lat' dir='ltr'><strong>fiat,</strong></span> <span class='ocrx_word' id='word_1_226' title='bbox 584 3101 684 3158; x_wconf 89' lang='lat' dir='ltr'><strong>uidete.</strong></span> 
     </span>
    </p>

    <p class='ocr_par' dir='ltr' id='par_1_18' title="bbox 206 3185 953 3260">
     <span class='ocr_line' id='line_1_36' title="bbox 206 3185 953 3260; baseline 0.001 -18"><span class='ocrx_word' id='word_1_227' title='bbox 206 3185 243 3242; x_wconf 88' lang='lat' dir='ltr'><strong>A.</strong></span> <span class='ocrx_word' id='word_1_228' title='bbox 268 3185 374 3242; x_wconf 91' lang='lat' dir='ltr'><strong>Utinam</strong></span> <span class='ocrx_word' id='word_1_229' title='bbox 390 3187 511 3259; x_wconf 87' lang='lat' dir='ltr'><strong>quidem!</strong></span> <span class='ocrx_word' id='word_1_230' title='bbox 538 3185 603 3259; x_wconf 86' lang='lat' dir='ltr'><strong>quid</strong></span> <span class='ocrx_word' id='word_1_231' title='bbox 618 3187 689 3242; x_wconf 89' lang='lat' dir='ltr'><strong>enim</strong></span> <span class='ocrx_word' id='word_1_232' title='bbox 705 3202 787 3260; x_wconf 79' lang='lat' dir='ltr'><strong>agere</strong></span> <span class='ocrx_word' id='word_1_233' title='bbox 802 3188 953 3247; x_wconf 77' lang='lat' dir='ltr'><strong>malumus?</strong></span> 
     </span>
    </p>

    <p class='ocr_par' dir='ltr' id='par_1_19' title="bbox 207 3268 1109 3345">
     <span class='ocr_line' id='line_1_37' title="bbox 207 3268 1109 3345; baseline 0.002 -18"><span class='ocrx_word' id='word_1_234' title='bbox 207 3271 247 3327; x_wconf 87' lang='lat' dir='ltr'><strong>M.</strong></span> <span class='ocrx_word' id='word_1_235' title='bbox 273 3269 352 3327; x_wconf 84' lang='lat' dir='ltr'><strong>Casto</strong></span> <span class='ocrx_word' id='word_1_236' title='bbox 372 3268 446 3328; x_wconf 81' lang='lat' dir='ltr'><strong>iubet</strong></span> <span class='ocrx_word' id='word_1_237' title='bbox 461 3273 505 3329; x_wconf 79' lang='lat' dir='ltr'><strong>lex</strong></span> <span class='ocrx_word' id='word_1_238' title='bbox 519 3270 591 3326; x_wconf 90' lang='lat' dir='ltr'><strong>adire</strong></span> <span class='ocrx_word' id='word_1_239' title='bbox 607 3269 731 3343; x_wconf 85' lang='lat' dir='ltr'><strong>addens,</strong></span> <span class='ocrx_word' id='word_1_240' title='bbox 748 3274 836 3330; x_wconf 88' lang='lat' dir='ltr'><strong>auimo</strong></span> <span class='ocrx_word' id='word_1_241' title='bbox 852 3272 987 3338; x_wconf 86' lang='lat' dir='ltr'><strong>uidelicet,</strong></span> <span class='ocrx_word' id='word_1_242' title='bbox 1010 3274 1038 3327; x_wconf 88' lang='lat' dir='ltr'><strong>ln</strong></span> <span class='ocrx_word' id='word_1_243' title='bbox 1054 3290 1109 3345; x_wconf 90' lang='lat' dir='ltr'><strong>quo</strong></span> 
     </span>
    </p>
   </div>
   <div class='ocr_carea' id='block_1_3' title="bbox 143 3458 1059 3599">
    <p class='ocr_par' dir='ltr' id='par_1_20' title="bbox 143 3458 1059 3599">
     <span class='ocr_line' id='line_1_38' title="bbox 217 3458 1059 3529; baseline -0.001 -18"><span class='ocrx_word' id='word_1_244' title='bbox 217 3458 237 3529; x_wconf 87' lang='lat'><strong>¹)</strong></span> <span class='ocrx_word' id='word_1_245' title='bbox 253 3461 297 3511; x_wconf 75' lang='lat' dir='ltr'><strong>Em</strong></span> <span class='ocrx_word' id='word_1_246' title='bbox 311 3462 433 3512; x_wconf 82' lang='lat' dir='ltr'><strong>Lambini</strong></span> <span class='ocrx_word' id='word_1_247' title='bbox 447 3466 479 3527; x_wconf 66' lang='grc' dir='ltr'><strong>φ’.</strong></span> <span class='ocrx_word' id='word_1_248' title='bbox 495 3464 589 3514; x_wconf 80' lang='lat' dir='ltr'><strong>addidi</strong></span> <span class='ocrx_word' id='word_1_249' title='bbox 592 3478 603 3519; x_wconf 88' lang='lat'><strong>,·</strong></span> <span class='ocrx_word' id='word_1_250' title='bbox 617 3478 676 3512; x_wconf 84' lang='lat' dir='ltr'><strong>nom</strong></span> <span class='ocrx_word' id='word_1_251' title='bbox 690 3464 717 3513; x_wconf 82' lang='lat' dir='ltr'><strong>io</strong></span> <span class='ocrx_word' id='word_1_252' title='bbox 732 3464 788 3527; x_wconf 75' lang='lat' dir='ltr'><strong>le&#39;pe</strong></span> <span class='ocrx_word' id='word_1_253' title='bbox 802 3467 891 3517; x_wconf 79' lang='lat' dir='ltr'><strong>deesse</strong></span> <span class='ocrx_word' id='word_1_254' title='bbox 905 3474 956 3509; x_wconf 83' lang='lat' dir='ltr'><strong>non</strong></span> <span class='ocrx_word' id='word_1_255' title='bbox 967 3466 1059 3521; x_wconf 82' lang='lat' dir='ltr'><strong>potest.</strong></span> 
     </span>
     <span class='ocr_line' id='line_1_39' title="bbox 143 3529 670 3599; baseline -0.002 -17"><span class='ocrx_word' id='word_1_256' title='bbox 143 3529 164 3597; x_wconf 81' lang='lat'><strong>¹)</strong></span> <span class='ocrx_word' id='word_1_257' title='bbox 178 3548 224 3582; x_wconf 90' lang='lat' dir='ltr'><strong>nos</strong></span> <span class='ocrx_word' id='word_1_258' title='bbox 238 3532 291 3582; x_wconf 75' lang='lat' dir='ltr'><strong>AB</strong></span> <span class='ocrx_word' id='word_1_259' title='bbox 301 3534 341 3583; x_wconf 84' lang='lat' dir='ltr'><strong>ed.</strong></span> <span class='ocrx_word' id='word_1_260' title='bbox 361 3533 392 3583; x_wconf 89' lang='lat' dir='ltr'><strong>V.</strong></span> <span class='ocrx_word' id='word_1_261' title='bbox 423 3530 444 3599; x_wconf 82' lang='lat'><strong>⁸)</strong></span> <span class='ocrx_word' id='word_1_262' title='bbox 457 3542 527 3584; x_wconf 87' lang='lat' dir='ltr'><strong>erunt</strong></span> <span class='ocrx_word' id='word_1_263' title='bbox 540 3532 597 3582; x_wconf 85' lang='lat' dir='ltr'><strong>AB</strong></span> <span class='ocrx_word' id='word_1_264' title='bbox 608 3534 670 3582; x_wconf 86' lang='lat' dir='ltr'><strong>edd.</strong></span> 
     </span>
    </p>
   </div>
   <div class='ocr_carea' id='block_1_4' title="bbox 195 3622 881 3667">
    <p class='ocr_par' dir='ltr' id='par_1_21' title="bbox 195 3622 881 3667">
     <span class='ocr_line' id='line_1_40' title="bbox 195 3622 881 3667; baseline -0.009 -6"><span class='ocrx_word' id='word_1_265' title='bbox 195 3630 300 3661; x_wconf 72' lang='lat' dir='ltr'><strong>mmsis.</strong></span> <span class='ocrx_word' id='word_1_266' title='bbox 314 3630 397 3661; x_wconf 71' lang='lat' dir='ltr'><strong>anum.</strong></span> <span class='ocrx_word' id='word_1_267' title='bbox 411 3629 464 3660; x_wconf 79' lang='lat' dir='ltr'><strong>usn.</strong></span> <span class='ocrx_word' id='word_1_268' title='bbox 492 3630 532 3659; x_wconf 78' lang='lat' dir='ltr'><strong>so.</strong></span> <span class='ocrx_word' id='word_1_269' title='bbox 557 3628 579 3659; x_wconf 83' lang='lat' dir='ltr'><strong>v.</strong></span> <span class='ocrx_word' id='word_1_270' title='bbox 863 3622 881 3667; x_wconf 84' lang='lat'>4</span> 
     </span>
    </p>
   </div>
   <div class='ocr_carea' id='block_1_5' title="bbox 0 0 1278 3909">
    <p class='ocr_par' dir='ltr' id='par_1_22' title="bbox 0 0 1278 3909">
     <span class='ocr_line' id='line_1_41' title="bbox 0 0 1278 3909; baseline 0 0"><span class='ocrx_word' id='word_1_271' title='bbox 0 0 1278 3909; x_wconf 95' lang='lat' dir='ltr'><strong> </strong></span> 
     </span>
    </p>
   </div>
  </div>
 </body>
</html>
