2542 3909
163 217 234 282 292,
494 234 558 268 aaut
574 233 680 268 auaris.
701 213 749 268 ΙΙΙ.
768 219 811 268 34.

164 381 228 435 sola
241 381 372 450 eopnotio
388 393 428 433 en
442 383 509 437 aul
523 373 623 431 tubulis
638 374 715 447 a(on)
733 378 886 448 proficeret
902 376 942 431 ad
955 372 1134 430 hereditatem

165 463 348 534 capiendam,
360 470 387 516 et
400 462 405 523 l
419 458 527 532 matter)
539 462 608 516 adeo
618 464 648 516 in
661 459 848 534 adipiscendis
857 459 1133 532 ,liberorumlteredi-
1148 469 1200 522 [215]

165 547 282 611 tatibus,
297 549 355 603 nisi
365 561 423 617 per
441 542 446 617 Ι
465 547 494 601 in
508 562 619 601 menum
633 547 851 602 conuentionem
867 545 926 600 iura
941 546 1134 618 consanguini-

167 635 235 687 tatis
249 635 336 695 aelate
354 631 476 702 suisset,
499 645 539 686 eor
560 629 622 703 lege
637 633 748 686 nullum
768 632 813 686 ius
832 633 946 686 omniuo
965 625 1108 698 boberet‚¹
1128 622 1132 704 Ι

544 733 585 774 νν,
618 714 753 771 1644.

934 792 1132 876 r—-------m

547 903 587 944 v·
642 915 681 924 -
739 927 745 940 ,
983 913 1133 924 m

229 967 279 1028 34.
304 962 478 1044 ³Aliquondo
507 885 733 1044 tamvenlneqrbel
754 971 926 1026 emendandi
958 985 1051 1042 neque
1083 973 1134 1025 im·

164 1058 318 1130 pupnandi
332 1061 441 1112 ueteris
454 1059 538 1125 iuris,
561 1056 614 1111 sed
626 1059 719 1130 alapis
741 1055 934 1128 confirmemdi
953 1057 1049 1128 prolia
1073 1057 1204 1126 pol-121⁶}

171 1198 267 1248 Verum
281 1199 330 1248 boe
345 1207 372 1247 ut
387 1206 529 1262 appareat,
543 1199 700 1248 restituendi
714 1214 810 1256 eorum,
831 1198 955 1262 quaedam
969 1213 985 1246 o
1003 1196 1135 1247 Gb'sebeno

168 1277 306 1329 mutuatae,
317 1271 465 1332 perieulum
476 1271 540 1333 feei,
554 1286 624 1319 nune
639 1271 675 1318 ad
688 1271 796 1335 oestipio
816 1263 862 1317 W
874 1269 1074 1318 aeeontodoium.

245 1337 265 1406 1Ι
279 1339 324 1389 Ad
341 1356 442 1390 sensum
461 1343 488 1390 in
502 1357 524 1389 a.
541 1352 656 1404 itt—24„
677 1341 720 1390 ubi
735 1342 853 1404 pauculo
871 1347 969 1389 tontum
988 1341 1015 1388 in
1037 1340 1062 1389 0.
1085 1341 1137 1404 lapi

165 1418 317 1476 potuerunt,
328 1420 394 1475 puta
406 1413 466 1475 sere
475 1419 589 1461 secutum
598 1426 666 1460 esse:
683 1409 719 1461 ‘et
729 1418 840 1476 praetor
850 1413 877 1459 ln
888 1410 910 1460 b.
917 1427 945 1474 p.
961 1426 1011 1460 uon
1023 1412 1136 1474 fratrem

169 1491 267 1532 tantum
281 1483 328 1532 sed
341 1499 427 1533 ornnes
441 1490 551 1548 apnatos
569 1484 594 1532 ei
607 1484 773 1546 praeferret,
793 1483 861 1532 bano
880 1483 1040 1546 iniquitatem
1055 1498 1135 1546 quan-

169 1563 221 1604 tum
244 1555 281 1604 ad
297 1561 403 1604 matrem
424 1556 561 1619 inpenuam
580 1555 671 1612 trium,
691 1554 844 1602 libertinam¹
856 1561 978 1617 quattuor
996 1551 1136 1602 liberorum

170 1627 228 1675 iure
241 1625 395 1675 honoratam
405 1633 498 1688 postea
507 1623 575 1675 soto
589 1624 750 1675 Tertulliano
761 1632 906 1675 correctam
915 1639 977 1673 esse.
1005 1623 1054 1673 boe
1069 1625 1135 1672 enim

168 1698 247 1745 matri
261 1703 359 1745 tantum
369 1697 492 1760 praefert
504 1711 578 1744 suum
591 1695 723 1756 heredem,
738 1711 834 1754 eumue,
850 1697 894 1759 qui
908 1697 976 1744 inter
987 1709 1048 1744 suos
1062 1695 1135 1743 ltere-

168 1768 215 1816 des
229 1783 245 1816 a
255 1774 381 1830 praetore
394 1768 429 1817 ad
439 1783 467 1830 p.
479 1769 667 1830 possessionem
686 1775 810 1825 uoeatur,
825 1767 883 1816 item
897 1773 999 1830 patrem
1018 1766 1136 1829 defuncti

169 1834 421 1906 emancipatolll(em)
432 1841 473 1887 uel
479 1840 593 1902 fratrem
602 1837 853 1904 o(on)san-puineum,
864 1853 909 1886 neo
920 1835 1004 1903 u(ero)
1015 1838 1117 1888 litteras.
1131 1833 1134 1903 Ι

168 1907 201 1973 (a.
212 1908 249 1975 tt)
263 1909 341 1976 p(0st)
351 1925 402 1958 eam
413 1917 486 1960 uocet
495 1917 534 1958 set
543 1909 670 1974 pariter)
683 1918 766 1960 tamen
777 1909 855 1976 e(um)
865 1925 896 1958 ea
905 1908 1042 1974 soror(em)
1053 1909 1136 1974 elon)-

168 1982 337 2046 sanpuineorn
347 1988 373 2030 et
382 1976 490 2049 ultorem
500 1979 586 2045 q(uoe)
598 1983 625 2030 in
634 1996 736 2030 monum
749 1988 914 2040 conuenerat,
929 1981 1022 2030 deinde
1037 1988 1137 2030 eeteros

168 2049 291 2117 apnatos’
307 2051 347 2117 (ut
358 2051 440 2102 Gaius
449 2052 498 2102 bo'e
506 2053 581 2102 modo
591 2054 667 2102 simul
677 2054 718 2102 ius
728 2054 861 2116 antiquum
871 2059 929 2114 apte
939 2052 1136 2117 sipnistcamrh,

169 2124 240 2187 quod
257 2121 305 2172 SC.
326 2125 432 2189 opuntis
450 2123 650 2188 reservaverat).
692 2122 842 2186 Quanquam
856 2121 963 2171 Studus
982 2125 1059 2172 initia
1073 2123 1137 2172 baeo

124 2245 127 2252 ,
167 2193 325 2243 Blulamiana
339 2212 362 2244 u.
378 2206 412 2246 us.
423 2202 449 2244 et
457 2206 491 2244 ea.
506 2196 534 2243 in
548 2193 652 2243 dubium
668 2201 743 2245 noent
757 2201 781 2243 et
795 2195 884 2242 ultima
894 2209 916 2242 a.
927 2205 961 2244 ut.
972 2209 1040 2258 pars
1053 2208 1137 2243 aaoun

168 2267 194 2314 ei
206 2267 263 2315 uisa
277 2273 322 2315 est.
382 2263 403 2330 Ἰ
418 2265 500 2316 Initio
513 2266 591 2314 buius
601 2267 718 2330 popinae
733 2267 773 2314 uel
782 2267 864 2328 paulo
874 2272 935 2328 post
944 2264 1081 2328 probabile
1091 2271 1136 2322 est,

171 2335 263 2386 Gaium
277 2338 386 2395 dixisse,
403 2353 438 2385 ea
446 2335 495 2386 SC.
510 2335 671 2387 Tertulliano
683 2338 762 2386 matri
775 2351 826 2386 non
836 2336 910 2386 modo
920 2335 942 2384 b.
949 2338 1137 2399 possessionem

169 2407 217 2456 sed
229 2408 306 2456 etiam
320 2408 489 2456 hereditatem
499 2414 650 2471 competere,
665 2423 769 2471 eamque
779 2406 801 2456 b.
809 2408 997 2470 possessionem
1011 2409 1138 2456 aduersus

167 2485 278 2543 opnatos
292 2493 391 2542 semper
405 2494 462 2528 eurn
476 2494 505 2527 re
515 2486 665 2543 praetorem
679 2480 753 2528 dare.
783 2478 900 2528 Proinde
914 2478 982 2528 bono
999 2477 1021 2527 b.
1034 2493 1137 2542 posses·

167 2549 265 2598 sionem
283 2564 334 2598 non
352 2550 427 2600 modo
445 2551 585 2613 supplendi
601 2551 649 2600 sed
666 2551 742 2599 etiam
766 2549 938 2614 impupnandi
960 2551 1029 2598 iuris
1051 2550 1138 2598 ciuilis

168 2633 250 2668 eausa
267 2621 344 2668 dari:
362 2621 525 2684 quodetiam
543 2623 571 2670 in
590 2623 653 2670 aliis
672 2622 760 2671 causis
775 2622 844 2684 fieri.
921 2617 941 2684 8Ι
962 2620 1049 2670 Verbo
1069 2617 1137 2669 ‘Ali-

169 2691 273 2754 quando
283 2717 316 2726 —
326 2692 466 2741 secundum
480 2692 583 2742 tabulas
592 2691 715 2743 bonorum
726 2689 937 2756 possessionem',
952 2707 986 2741 ea
995 2694 1018 2754 ς.
1031 2704 1049 2741 1.
1073 2691 1138 2739 I.de

169 2760 191 2810 b.
203 2776 232 2824 p.
244 2761 275 2827 (t,
289 2762 313 2827 9)
323 2765 416 2826 petila,
430 2763 509 2813 buius
526 2765 578 2814 loei
597 2765 695 2822 uidem,
715 2765 767 2812 iam
789 2762 881 2812 Gdseb.
903 2763 1042 2821 iudicarit,
1056 2775 1137 2825 eaque

168 2832 220 2882 lue
234 2835 410 2884 transcribere
424 2850 476 2885 non
491 2834 617 2893 dubitaui,
628 2843 798 2898 posteaquam
807 2835 988 2893 animaduerti,
1003 2832 1138 2883 amborum

169 2904 210 2966 qai
218 2907 551 2971 testemonifestauestipio
560 2907 636 2956 initio
644 2921 695 2956 non
703 2905 805 2970 quidem
813 2921 835 2954 u.
845 2916 879 2955 21.
894 2905 1034 2955 seeundum
1043 2902 1137 2954 Sebed.

167 2974 269 3025 Bluln.
277 2978 325 3026 sed
329 2989 393 3028 aas.
400 2978 541 3028 seeundum
552 2971 727 3040 Wreperiri,
734 2984 1048 3041 aequequaesequuntur,
1054 2975 1138 3040 ferme

168 3047 235 3097 duos
243 3063 335 3098 uersus
347 3047 409 3098 Ver.
420 3048 445 3099 0.
455 3047 500 3113 (es.
508 3046 544 3113 24)
554 3050 666 3111 replere.
681 3046 734 3098 Sed
741 3050 792 3096 iam
800 3063 847 3097 nea
855 3047 953 3106 dubito,
964 3050 1026 3112 quin
1033 3047 1137 3104 baseos,

169 3133 235 3182 quae
249 3121 277 3168 in
291 3119 388 3184 Iastia,
398 3121 495 3183 paucis
504 3135 521 3168 a
535 3118 674 3183 Tlreoplailo
689 3126 714 3169 et
727 3118 887 3169 triboniano
897 3119 1050 3178 interiectis,
1065 3125 1138 3168 onte·-

169 3190 278 3239 eedunt:
301 3188 360 3240 ‘Ias
379 3191 502 3241 bonorum
521 3192 699 3254 possessionis
720 3191 896 3240 introductum
919 3197 958 3239 est
975 3205 992 3240 a
1012 3197 1138 3254 praetore

169 3262 325 3310 emendandi
338 3263 436 3311 ueteris
450 3263 518 3311 iuris
530 3263 628 3327 pratia.
664 3261 717 3312 Neo
731 3264 812 3311 solum
829 3263 856 3311 in
871 3263 1051 3312 intestatorum
1064 3261 1137 3310 luere·

170 3331 295 3382 ditatibus
310 3340 384 3381 uetus
398 3334 439 3382 ius
453 3348 482 3383 eo
497 3334 571 3383 modo
582 3341 694 3398 praetor
704 3334 857 3392 emendanti,
872 3334 1031 3397 siautsupra
1042 3333 1138 3382 dietum

170 3410 209 3452 est
223 3401 274 3468 (ἐξ.
289 3414 315 3455 ea
329 3402 404 3470 sep),
423 3405 471 3454 sed
488 3406 515 3454 in
535 3420 622 3455 eorum
642 3418 753 3469 quoque,
773 3407 818 3468 qui
837 3411 987 3455 testamento
1003 3405 1077 3467 farto
1094 3403 1138 3476 de·

240 3524 266 3595 5.
282 3530 324 3578 el.
340 3549 375 3570 ιι
389 3530 412 3589 5.
428 3542 449 3579 1.
468 3528 491 3578 Ι.
507 3529 539 3580 de
554 3528 575 3579 l.
585 3543 612 3592 p.
626 3527 659 3595 (e,
674 3527 707 3594 9).
734 3529 771 3592 Os.
784 3530 875 3580 Collat.
891 3541 925 3593 16,
940 3541 961 3583 t.
976 3530 999 3590 i.
1015 3539 1036 3582 δ.
1060 3542 1138 3587 avos.

168 3595 241 3664 aaa]
263 3598 302 3661 Of.
316 3610 338 3662 a,
353 3611 400 3650 144.
