2542 3909
293 218 617 255 rur.cv1vsu.1vancous.
633 216 821 254 corsvurnono.
837 200 857 253 Ι.
873 206 952 253 4-9.
1036 200 1097 265 839

146 348 323 422 proposuisti,
339 343 443 422 capite¹
460 348 539 402 inuiti
561 348 648 419 pactio
671 354 698 402 et
718 356 792 403 metu
813 347 897 403 coacti
914 348 978 420 ipsis
994 346 1100 421 legibus

81 432 180 490 rootde
202 432 287 504 pactis
309 430 485 487 clamantibus
500 431 667 503 apertissime
688 428 851 487 infirmatum
874 446 934 487 nam
957 430 1100 487 manifeste

146 515 324 571 constitutum
340 521 391 586 est,
407 530 442 570 ne
456 515 587 587 quispiam
603 515 700 586 pacisci
716 522 831 587 cogatur
849 516 962 571 inuitus.
991 512 1020 573 4.
1036 514 1100 571 lieiu

147 604 235 653 tentus
252 590 596 671 ’memoratarum21egum
612 591 665 653 'si³
682 599 814 653 continet:

189 697 256 753 quas
271 680 356 737 libero
372 680 482 737 arbitrio
498 689 527 737 et
541 680 683 738 uoluntate
699 680 829 737 coniecit:

146 764 207 837 quis
222 766 274 820 erit
289 774 342 820 tam
354 764 501 821 destitutus
514 766 643 839 sapientia
653 773 680 821 et
691 780 792 821 uacuus
805 764 957 837 intellectu,
976 773 1007 820 ut
1019 764 1102 835 dicat,

146 847 218 903 illam
239 850 390 920 pactionem
411 848 510 905 iontem
532 858 560 905 et
580 848 681 905 firmam
703 864 763 904 esse
778 846 885 917 debere,
909 864 987 922 quam
1005 848 1102 906 mulier

139 941 221 1002 ‘metu
236 941 328 988 coacta
348 932 436 989 mariti
457 932 618 1006 subscripsit
638 932 768 1007 imperio,
790 949 820 989 ac
840 933 863 987 si
878 932 987 989 liberam
1003 933 1102 989 uolun-

146 1020 230 1073 tatem
261 1024 289 1071 et
316 1016 456 1090 proprium
486 1015 626 1083 arbitrium
663 1032 718 1073 non
749 1016 911 1090 intelligitur
938 1008 1101 1072 habuissei⁴

145 1095 174 1155 ti.
195 1102 233 1155 Ac
248 1114 297 1172 per
311 1100 365 1156 boc
379 1100 438 1174 ipso
453 1100 544 1173 legum
561 1101 657 1173 capite,
678 1102 749 1156 siout
768 1102 820 1155 iam
836 1116 917 1173 supra
933 1098 1102 1171 dictumest,

147 1180 202 1239 tale
223 1191 331 1256 pactum
353 1184 453 1240 nullius
476 1184 609 1240 iudicatur
636 1199 696 1239 esse
719 1186 857 1255 momenti,
881 1192 1011 1256 quantum
1026 1182 1102 1257 leges

147 1265 243 1322 subter
261 1282 379 1322 annexae
394 1274 537 1323 testantur.
573 1262 601 1322 6.
619 1265 654 1321 lix
671 1282 787 1340 corpore
803 1266 961 1340 Gregorianl
977 1265 1023 1323 lib.
1034 1262 1102 1323 tt.:⁶

189 1349 256 1421 lmp.
272 1349 390 1404 Seuerus
406 1352 435 1406 A.
451 1350 517 1405 lulio
537 1349 741 1406 Conserturiuo.
772 1348 821 1421 Ea,
845 1366 914 1423 quae
935 1366 984 1424 per
1003 1351 1058 1405 uim
1073 1358 1101 1405 et

190 1439 291 1488 metum
306 1441 382 1505 gesta
397 1442 471 1503 sunt,
489 1435 567 1489 etiam
580 1436 647 1489 citra
659 1434 805 1507 principale
817 1434 942 1489 auxilium
954 1435 1030 1489 irrita
1042 1450 1102 1489 esse

190 1515 300 1586 debere,
317 1516 368 1571 iam
380 1515 482 1589 pridem
494 1517 674 1573 constitutum
687 1525 738 1573 est.
755 1518 869 1591 Accepta
882 1517 934 1573 kal.
947 1515 1102 1573 iubilextro

190 1600 221 1657 ll.
236 1609 264 1656 et
278 1593 405 1656 ’Prisco6
418 1616 489 1656 coss.

232 1679 259 1740 i.
282 1683 348 1740 ltem
364 1684 413 1740 alia
429 1701 462 1740 ex
477 1701 592 1757 corpore
606 1693 635 1741 et
650 1684 718 1741 libro
734 1675 902 1759 supra'dIcto:

189 1759 276 1840 timp.
292 1769 445 1824 Antoninus
458 1772 490 1824 A.
506 1768 587 1826 luliac
603 1768 723 1824 basiliae.
754 1767 843 1839 Pacta,
860 1784 929 1841 quae
944 1768 976 1824 ab
997 1762 1104 1826 inuitis8

190 1859 285 1906 contra
308 1851 383 1925 leges
398 1853 663 1924 constitutionesque
685 1851 769 1921 dunt,
791 1850 892 1906 nullam
915 1853 970 1907 uim
993 1850 1103 1923 habere,

84 1935 89 1941 ’
191 1932 333 1989 indubitati
349 1936 415 1991 iuris
436 1945 487 1992 est.
511 1943 545 1990 et
559 1942 621 1991 cet.
657 1934 707 1990 PP.
717 1935 747 1991 V.
763 1934 814 1991 lal.
832 1936 901 2009 Aug.
918 1937 1055 1993 Antonino
1072 1938 1103 1991 A.

190 2010 261 2072 >ppo
276 2026 304 2071 et
319 2017 415 2074 Albino
431 2036 502 2080 coss.

233 2096 262 2155 8.
281 2093 377 2173 ¹⁰lmp.
393 2102 545 2158 Alexander
560 2103 590 2157 A.
606 2102 744 2175 Dionysio.
774 2102 819 2157 Ad
840 2102 966 2158 locum:
983 2102 1102 2174 Pactum,

191 2182 266 2255 quod
281 2182 348 2237 mala
363 2182 416 2240 lide
431 2185 531 2242 laetum
547 2194 597 2256 est,
611 2186 717 2243 irritum
734 2202 803 2257 esse,
819 2192 853 2241 et
868 2193 990 2242 cetera.
1013 2185 1111 2243 PP.ll.·

192 2265 229 2322 id.
246 2265 321 2339 Sept.
337 2266 488 2325 Alexandro
504 2271 573 2343 Aug.
589 2286 664 2330 cons

234 2345 264 2407 9.
287 2349 352 2404 item
368 2350 420 2406 alia
436 2352 497 2408 eod.
514 2353 582 2409 libro
598 2363 625 2409 et
641 2370 769 2427 corpore:

193 2432 277 2507 impp.
294 2432 472 2491 Diocletianus
487 2444 515 2492 et
531 2436 702 2494 llanimianus
715 2439 768 2493 AA.
786 2436 897 2493 Aurelio
914 2436 1054 2492 Heraclidi.
1076 2436 1105 2493 Si

193 2533 248 2574 non
264 2533 297 2572 en
311 2516 435 2572 mandato
451 2521 542 2574 uxoris
563 2530 626 2577 tuae
647 2521 801 2577 aduersario
822 2522 878 2576 eius
894 2521 1045 2576 cautionem
1062 2536 1105 2577 re·

194 2602 306 2672 misisti,
333 2599 415 2672 idque
442 2599 612 2660 euidentibus
641 2596 811 2661 documentis
834 2603 978 2660 monstrari
1001 2612 1104 2678 potest,

193 2685 267 2759 quod
281 2685 347 2741 citra
359 2685 549 2739 conscientiam
569 2689 661 2742 uxoris
678 2696 739 2744 tuae
755 2696 782 2743 et
794 2704 825 2743 ea
840 2690 923 2744 inuita
935 2687 1036 2745 lactum
1052 2696 1105 2759 est,

225 2911 246 2979 1)
259 2916 284 2963 Ιι.
299 2931 321 2964 e.
335 2931 371 2964 ex
379 2916 467 2978 prima
482 2928 570 2972 couno,
581 2916 701 2977 primum.
755 2912 775 2981 ⁹)
790 2916 846 2966 Iam
860 2918 887 2965 in
902 2918 959 2979 ipsa
974 2919 1106 2966 consulta·

151 2986 235 3040 tione:
248 3000 307 3033 nom
320 2986 489 3048 adversarius
502 2984 570 3032 bone
584 2986 789 3035 constitutionem
804 2985 846 3051 (L.
857 2999 877 3038 o.
897 2987 940 3035 Tb.
954 2986 978 3035 0.
990 2987 1021 3035 de
1032 2994 1103 3049 poet.

150 3061 177 3103 et
189 3060 314 3103 tranaaet.
329 3065 350 3112 2,
364 3053 397 3119 o.)
412 3055 514 3118 videtur
528 3069 580 3116 pro
593 3068 622 3103 oe
634 3055 783 3119 ndlepnsse,·
803 3058 837 3119 ef.
853 3072 875 3106 c.
890 3058 959 3119 apin.
1032 3053 1053 3121 8)
1069 3058 1105 3106 sic

151 3124 219 3182 edd„
234 3131 261 3172 nt
274 3139 335 3173 uoce
349 3124 407 3181 Quis
422 3140 488 3175 nouo
498 3125 625 3187 periodus
635 3126 752 3187 incipiat.
800 3123 821 3191 ⁴)
836 3126 903 3175 Edd.
914 3129 1014 3192 riporum
1024 3129 1104 3177 inter·

151 3209 207 3258 νο).
223 3202 284 3257 post
297 3196 411 3257 imperio,
426 3196 469 3245 laic
481 3195 617 3245 semicolon
634 3202 741 3257 ponunt.
816 3193 836 3260 ὅ)
852 3196 883 3244 L.
900 3210 919 3248 1.
940 3196 997 3247 Lib.
1013 3197 1050 3247 II.
1066 3200 1104 3249 tit.

150 3264 183 3312 de
197 3264 238 3313 bis
252 3280 317 3328 quae
331 3267 358 3314 oi
371 3273 418 3315 etc.
433 3267 461 3315 in
475 3266 598 3315 Haenelii
614 3264 690 3331 Grep.
708 3265 733 3316 θ.
750 3280 777 3327 p.
792 3278 812 3316 s.
842 3264 890 3315 Eat
908 3269 972 3315 anni
986 3279 1032 3319 196.

152 3330 174 3398 ⁶)
189 3332 299 3397 Crispino
312 3336 386 3392 edd:
400 3337 451 3385 oid.
467 3336 575 3385 Haenel.
628 3333 649 3402 ἵ)
663 3335 695 3384 L.
711 3346 730 3385 Ξ.
746 3335 779 3385 ib.
795 3335 880 3385 Haeo.
895 3358 928 3378 ==
943 3336 975 3386 L.
991 3349 1011 3388 o.
1033 3338 1058 3387 0.
1073 3338 1106 3386 de

147 3411 219 3467 pact.
234 3404 265 3469 (a,
279 3405 310 3470 a).
326 3422 350 3455 a.
365 3418 414 3458 213.
491 3404 513 3472 8)
528 3406 668 3456 Excidisse
682 3407 783 3455 uidetur
798 3413 838 3455 aut
852 3408 891 3454 oei
905 3407 951 3454 uel.
1024 3405 1046 3473 ⁹)
1061 3406 1106 3456 En

150 3474 221 3612 (Iuno)
233 3474 275 3531 0.,·
289 3490 336 3524 om.
352 3476 416 3525 Por.
431 3489 480 3533 τω
495 3478 531 3527 Vl.
547 3478 612 3527 Por.
626 3489 660 3529 tto.
714 3474 746 3542 10)
763 3476 801 3539 Cf.
817 3476 848 3524 L.
859 3487 871 3525 8
882 3471 928 3541 [a]
950 3476 975 3524 C.
991 3478 1023 3525 de
1032 3484 1106 3541 poet.

162 3555 182 3604 2,
196 3556 210 3597 8
223 3582 229 3595 .
244 3560 269 3594 α.
284 3556 330 3597 226.
