2542 3909
485 217 509 251 C.
526 216 624 251 mm
641 216 743 251 wl'ro.

134 338 204 416 We
228 334 272 409 ὥς
300 332 447 415 (10771129
473 335 593 413 ἷσῖόθη·

36 465 37 472 .
134 422 592 492 uev;¹-Plutareln0u.liom.50.

197 522 243 583 18.
264 519 353 581 ²lline
365 535 394 581 et
404 528 498 581 Ateius
508 524 604 598 Capito
616 542 715 581 annum
727 542 742 581 a
752 528 868 583 circuitu
879 530 1007 601 temporis
1020 536 1099 601 putat

133 612 246 681 dietum,
269 612 332 682 quia
352 620 463 665 ueteres
476 607 535 663 ‘an’
550 626 601 682 pro
616 609 740 665 ‘nircum’
757 627 859 683 ponere
874 622 1053 682 consuerunt,
1069 620 1099 667 ut

35 725 36 776 3
133 698 201 751 Cato
222 696 252 750 in
274 693 441 766 originibus:
469 691 581 748 ‘Arator
594 710 629 749 an
644 696 799 749 terminum'
823 694 849 749 id
865 704 907 751 est
922 698 992 752 eirca
1009 698 1099 751 termi-

35 791 36 798 ’
133 779 222 850 uum',
244 787 274 833 et
296 775 423 834 ‘ambire’
444 778 544 833 dieitur
566 793 616 851 pro
638 780 786 834 circumire.
801 806 843 819 —
864 778 981 835 llaerob.
995 778 1051 835 Sat.
1070 781 1099 850 1,

134 863 186 934 14,
201 862 230 920 5.

90 1009 128 1059 [aa]
402 996 444 1051 lle
465 997 543 1051 iure
565 995 840 1051 sacrificiorum.

192 1113 239 1173 le
260 1114 344 1170 Cuius
363 1113 413 1185 (se.
429 1113 499 1167 Ateii
513 1108 662 1186 Capitonis)
684 1110 767 1167 uerba
782 1126 814 1167 ex
828 1111 899 1169 libro
913 1114 1003 1187 primo
1018 1116 1099 1170 saeri-

33 1219 35 1282 l
132 1198 256 1257 doiorum
271 1198 339 1255 baee
351 1205 430 1253 sunt:
463 1195 569 1269 ‘ltaque
582 1196 642 1251 loui
655 1203 743 1265 tauro,
760 1212 849 1267 uerae,
871 1198 955 1252 ariete
969 1197 1100 1254 immolari

33 1285 34 1314 ¹
132 1301 187 1340 non
201 1282 292 1339 lioet'.
306 1310 348 1321 -
363 1279 479 1337 llaorob.
494 1279 550 1335 Sat.
566 1278 662 1352 3,10.
678 1279 706 1351 3.
724 1280 753 1337 3.
768 1310 811 1320 -
827 1272 939 1336 luterus
960 1273 1031 1337 euim
1053 1281 1100 1339 Ca·

33 1419 34 1434 ,
131 1370 200 1441 pito,
216 1383 299 1440 quem
313 1368 342 1421 iu
356 1365 413 1421 aeie
427 1372 523 1420 eontra
537 1363 672 1419 llarouem
686 1365 794 1435 locasti,
809 1364 905 1421 adiecit
919 1366 985 1421 baec
1000 1366 1099 1423 uerba:

33 1439 34 1478 ³
133 1450 174 1507 ‘Sl
193 1452 258 1525 quis
280 1449 352 1505 lorte
374 1456 453 1504 tauro
468 1448 526 1503 loui
539 1447 643 1519 feeerit,
665 1448 802 1521 piaculum
817 1447 904 1504 dato’.
920 1478 963 1489 —
978 1449 1099 1507 llacrob.

32 1595 33 1600 ,
133 1534 190 1592 Sat.
207 1534 241 1605 3,
257 1533 307 1591 10.
322 1533 351 1605 S.
365 1532 394 1589 7.

32 1623 33 1630 ’
194 1616 242 1676 lo.
266 1611 485 1689 ⁴‘Propudianus
499 1631 600 1688 porcus
615 1615 704 1681 dictam
718 1617 784 1684 est’,
800 1622 831 1671 ut
841 1617 878 1673 ait
889 1615 983 1690 Capito
995 1618 1099 1689 dteim,

32 1733 33 1776 ;
134 1701 192 1777 ‘qui
213 1704 245 1758 in
259 1698 391 1757 sacrificio
406 1701 497 1773 gentis
512 1697 637 1755 Claudiae
652 1698 729 1755 uelut
742 1702 907 1773 piamentum
919 1710 948 1757 et
962 1702 1098 1758 exsolutio

32 1827 33 1834 .
134 1789 221 1844 omnis
232 1792 388 1841 contractae
398 1783 539 1856 religionis
550 1781 974 1857 est'.-lest.v.1³r0pudianus
985 1803 1014 1860 p.
1026 1785 1097 1843 238.

190 1867 241 1931 16,
263 1868 377 1925 Portam
398 1883 506 1922 aurmm
526 1875 555 1922 et
576 1874 733 1939 argenteam
754 1867 817 1939 diei,
839 1867 982 1942 aitCapito
994 1870 1099 1940 Ateius,

135 1970 202 2028 quae
217 1953 273 2009 etsi
286 1966 400 2009 numero
415 1950 566 2007 hostiarum
580 1966 636 2005 nou
652 1952 716 2023 siut,
730 1968 829 2009 nomen
840 1960 930 2009 umen
946 1969 1037 2009 earum
1053 1953 1100 2009 ha·

134 2037 208 2110 bere,
231 2036 344 2093 alteram
359 2051 393 2091 ex
408 2051 486 2107 auro,
501 2034 613 2091 alteram
628 2050 662 2089 ex
678 2044 790 2109 argento
808 2036 904 2092 laetam
920 2036 1042 2093 adhiberi
1058 2053 1100 2093 sa·

136 2121 237 2179 erllieio
252 2118 360 2177 Ceriali.
374 2148 417 2159 -
431 2116 503 2174 liest.
518 2136 544 2175 r.
560 2118 673 2175 Poenam
688 2136 716 2192 p.
733 2118 805 2178 238.

195 2202 242 2265 17.
265 2202 382 2260 ‘Rutilae
396 2218 489 2273 canes,
510 2202 539 2258 id
553 2210 597 2258 est
611 2218 667 2257 uon
681 2202 778 2277 proeul
792 2220 808 2258 a
822 2201 907 2258 rubro
923 2203 1027 2274 colore,
1049 2206 1098 2260 im·

136 2288 296 2360 moluntur’‚
319 2296 351 2342 ut
371 2287 410 2342 alt
424 2288 517 2341 Ateius
533 2284 638 2359 Capito,
661 2285 778 2342 ‘canario
801 2284 933 2343 sacrificio
948 2302 999 2360 pro
1014 2286 1101 2361 frugi·
1200 2356 1204 2365 ι

136 2370 185 2429 bus
198 2371 387 2447 deprecandae
404 2372 534 2426 saeuitiae
548 2386 629 2426 eausa
644 2368 740 2425 sideris
756 2369 915 2439 caniculae’.
932 2400 970 2411 —
986 2369 1060 2427 Fest.
1073 2388 1099 2428 v.

136 2454 241 2514 Rutilae
254 2474 284 2532 p.
301 2452 372 2514 285.

419 2587 461 2643 lle
482 2587 609 2644 ollieio
632 2590 821 2644 senatorio.

195 2706 244 2765 18.
268 2706 299 2763 C.
315 2705 413 2764 Caesar
432 2707 462 2763 in
483 2704 639 2770 consulatu,
662 2721 743 2780 quem
766 2722 827 2763 eum
841 2705 876 2763 ll.
891 2704 986 2764 Bibulo
1002 2709 1100 2783 pessit,

136 2802 267 2865 quattuor
288 2790 363 2851 solos
385 2800 461 2847 extra
476 2790 599 2847 ordinem
614 2805 728 2863 rogasse
742 2792 906 2847 sententiam
922 2791 1030 2849 dicitur.
1062 2791 1099 2847 Er

135 2874 175 2931 bis
197 2883 332 2950 quattuor
352 2876 500 2949 prinoipem
521 2872 637 2947 rogabat
658 2872 693 2930 ll.
717 2873 856 2946 Crassum,
884 2875 933 2931 sed
955 2884 1099 2950 postquam

136 2956 217 3016 liliam
231 2957 282 3016 Cn.
297 2958 427 3033 Pompeio
449 2957 641 3032 desponderat,
664 2958 779 3031 primum
802 2969 929 3033 coeperat
944 2959 1100 3033 Pompeium

135 3059 241 3118 rogare.
265 3040 330 3098 bins
346 3045 387 3098 rei
401 3044 534 3098 rationem
548 3038 699 3098 reddidisse
714 3057 775 3098 eum
790 3045 896 3099 senatui
907 3044 970 3100 Tiro
982 3042 1099 3112 Tullius,

135 3124 167 3185 ll.
180 3127 320 3185 Ciceronis
335 3126 459 3198 libertus,
480 3126 575 3199 refert,
589 3127 681 3199 itaque
696 3141 726 3181 se
741 3142 773 3183 ea
788 3136 905 3201 patrono
921 3144 972 3184 suo
988 3126 1098 3181 audisse

206 3331 228 3401 ι)
241 3333 318 3384 Haeo
334 3348 435 3400 quoque
448 3348 484 3383 ex
500 3332 576 3383 libris
593 3335 662 3383 iura's
676 3335 807 3396 pontificii
819 3349 882 3395 esse,
902 3330 1041 3383 uerisimile
1055 3337 1101 3378 est.

137 3398 311 3468 ¹)Aeoeeaitt.
320 3406 361 3455 ed.
377 3401 466 3471 ⁰)Hoe
474 3405 675 3467 supplementum
685 3406 711 3452 in
716 3406 801 3467 primo
808 3412 834 3454 et
842 3406 926 3453 altera
934 3404 973 3454 ed.
982 3400 1101 3452 omissum

135 3474 212 3526 debeo
230 3475 386 3528 Ubbelobdt'o
401 3473 480 3541 (odat.
494 3476 545 3540 pel.
560 3474 624 3526 Ana.
641 3486 701 3526 1861.
717 3489 745 3537 p.
765 3475 836 3540 1118).
869 3470 890 3538 ⁴)
912 3475 967 3524 Viae
981 3468 1101 3521 dacbitan-

136 3544 202 3607 du,
216 3548 279 3611 quin
293 3548 332 3611 fr.
348 3557 446 3599 tb-ll.
461 3560 497 3596 eae
510 3545 600 3595 todem
618 3544 712 3607 sacrif.
728 3543 804 3596 libris
818 3545 951 3607 desumpto
964 3544 1025 3593 sint.
