2542 3909
353 219 411 255 noe.
430 220 463 254 ur
482 220 541 255 aon.
561 220 651 255 nucvu
668 219 775 255 connnr.
794 201 829 254 II.
849 208 872 254 5.
1022 200 1085 263 653

129 358 266 405 tumorem
277 348 386 421 iecerit3
402 348 450 404 sed
461 350 498 405 ita
509 348 625 419 demum,
645 350 668 405 si
685 348 811 405 damnum
826 340 978 421 ’(ἱηὶανία)1
994 347 1086 403 datum

129 441 183 489 est.
213 430 337 488 Ceterum
352 434 374 487 si
390 432 418 488 in
432 432 508 489 nullo
523 448 633 488 seruum
649 434 739 507 pretio
755 432 878 489 uiliorem
889 432 1087 488 deterioremue

131 516 237 585 lecerit,
258 515 337 571 ’actio
353 516 422 590 legis
438 508 574 590 Aquiliae²
593 525 691 587 cessat,
711 517 923 590 iniuriarumque
938 518 990 572 erit
1004 532 1086 589 agen-

130 600 198 655 dum
217 598 397 670 ²(duulaoeat3
416 600 532 673 Aquilia
548 604 620 658 euim
636 616 689 658 eae
702 601 865 672 ruptiouet,
887 616 964 673 quac
982 602 1088 657 damna

130 686 219 752 daut,
239 678 459 759 persequitur).³
494 683 566 758 Ergo
583 693 611 741 et
625 687 649 741 si
663 686 750 759 pretio
766 684 873 757 quidem
894 700 948 740 non
963 685 999 740 sit
1013 684 1087 739 dete-

132 769 192 824 rior
207 767 294 824 lactus
310 784 424 840 seruus,
446 784 541 825 uerum
556 778 681 843 sumptus
695 770 723 824 in
739 768 854 824 salutem
873 770 931 824 eius
947 776 976 824 et
990 770 1088 824 sanita·

133 861 191 907 tem
212 850 275 907 lacti
297 846 385 924 'sint,⁴
411 854 439 907 in
461 846 550 908 'haec⁵
572 853 636 908 milti
659 852 767 909 uidetur
787 846 942 908 ’damnumi
972 848 1088 925 (datum,

132 942 221 1009 atque
234 936 298 993 ideo
314 928 403 1011 ῑερε)7
418 936 524 1009 Aquilia
538 930 609 1010 ’agi⁸
624 951 714 1010 posse.

196 1018 262 1091 llap.
285 1020 315 1081 V.
359 1020 485 1075 Paulus
509 1019 597 1075 liltro
625 1020 816 1094 'singulari
838 1014 891 1076 et⁰
918 1018 1029 1078 titulo
1052 1020 1090 1075 de

131 1103 288 1159 iniuriis.
332 1102 357 1162 1.
381 1096 580 1159 ¹⁰Generaliter
594 1103 693 1159 dicitur
707 1104 804 1160 iniuria
826 1120 921 1176 omne,
945 1103 1017 1176 quod
1035 1120 1090 1159 non

132 1186 193 1243 iure
208 1185 253 1259 ut,
277 1186 429 1260 specialiter
443 1186 507 1241 alias
519 1187 693 1258 contumelia,
715 1203 795 1260 quam
810 1188 904 1245 Graeci
918 1181 1023 1264 (ὕβριν
1038 1205 1090 1259 ap·

129 1272 253 1343 pellant,
272 1273 458 1341 clincampo,
474 1287 560 1343 quam
576 1270 683 1327 Graeci
694 1262 827 1345 ἀδίκημα
841 1273 951 1343 dicunt,
972 1274 1091 1328 cicuitu

131 1357 196 1427 tege
210 1354 325 1423 Aquilia
340 1355 474 1410 domuum
493 1356 619 1411 iniuriae
634 1359 795 1429 accipitur,
817 1358 892 1413 aliae
912 1359 1049 1429 iniquitas
1064 1364 1090 1412 et

132 1440 289 1508 iniustitia,
312 1454 398 1511 quam
414 1432 533 1515 Graeci)
549 1425 671 1494 ἀδικίαν
691 1447 805 1507 uocant3
828 1456 890 1496 nam
906 1456 966 1496 cum
981 1449 1092 1513 praetor

133 1537 190 1577 nou
211 1522 271 1577 iure
293 1521 423 1577 aduersus
446 1538 496 1578 nos
523 1525 695 1595 pronuntiat,
725 1525 850 1579 iniuriam
878 1540 929 1580 nos
957 1525 1091 1598 accepisse

134 1605 257 1661 dicimus.
301 1604 376 1661 Unde
398 1615 519 1680 apparel,
541 1622 597 1663 non
612 1622 672 1662 esse
687 1624 798 1677 uerum,
822 1608 894 1681 quod
910 1608 998 1664 Labeo
1014 1616 1092 1681 puta·

134 1688 196 1760 hat,
224 1688 294 1763 apud
323 1698 475 1763 praetorem
502 1691 625 1745 iniuriam
652 1684 744 1766 ὕβριν
772 1693 901 1749 duntaxat
929 1690 1090 1766 siguificare.

134 1768 163 1828 2.
186 1771 342 1829 ’Commune
365 1772 488 1830 omnibus
510 1767 643 1830 iniuriis¹¹
667 1783 720 1844 est,
743 1775 817 1849 quod
832 1792 939 1849 semper
961 1776 1092 1831 aduersus

56 1856 328 1914 [⁵561nonosmorcs
344 1855 374 1913 fit
396 1856 432 1913 ’id
447 1851 548 1930 quod¹²
564 1874 618 1913 non
634 1857 691 1914 lieri
708 1859 820 1917 alieuius
833 1862 957 1915 interest.
989 1856 1018 1915 8.
1035 1858 1093 1915 lloc

136 1939 252 1998 edictum
268 1942 373 1997 adeam
389 1941 512 1997 iniuriam
528 1944 661 2014 pertinet,
678 1958 746 2017 quae
761 1943 940 2001 contumeliae
955 1958 1034 1998 cansa
1049 1941 1090 1998 m.

135 2022 166 2081 4.
190 2025 233 2080 lit
248 2033 335 2080 autem
359 2026 454 2081 iniuria
475 2024 519 2081 uel
534 2027 562 2081 in
578 2040 709 2099 corpore,
731 2027 795 2083 dum
816 2026 967 2097 caedimur,
990 2025 1035 2081 uel
1056 2025 1092 2082 ’in

137 2101 285 2178 auribus,¹³
308 2108 372 2165 dnm
387 2109 536 2165 conuitium
552 2110 678 2183 patimur,
697 2110 740 2166 uel
756 2127 817 2167 cum
832 2110 949 2184 dignitas
964 2109 1090 2183 laeditur,

136 2284 200 2351 (pro
214 2284 262 2335 icc
277 2286 393 2335 ceciderit
412 2286 457 2335 Vc.
477 2286 538 2352 Vt),
557 2289 585 2335 iu
600 2302 629 2337 eo
644 2288 669 2336 ni
683 2302 718 2337 ex
731 2294 766 2347 ut,
784 2302 884 2349 sgenere
903 2294 929 2337 et
946 2287 1045 2336 eederet
1059 2302 1093 2336 eu

137 2356 236 2405 eciderit
250 2355 288 2405 dir
302 2358 399 2419 scripto
412 2356 512 2419 factum
526 2372 580 2407 ecce
594 2365 713 2421 apparet.
737 2372 790 2406 eum
801 2358 886 2407 alionis
896 2372 983 2420 genere
993 2358 1092 2407 sciderit

137 2426 178 2475 Bi.
197 2440 274 2490 quoue
289 2426 334 2475 alio
353 2427 390 2476 nis
404 2441 491 2489 genere
511 2428 610 2477 sciderit
628 2428 734 2477 Lacdm.
754 2430 786 2492 ej.
862 2426 882 2495 ¹)
897 2428 923 2477 E
939 2428 1014 2493 Dig„
1033 2430 1095 2479 licet

137 2498 226 2547 careri
246 2512 278 2546 ca
298 2512 359 2547 occe
375 2499 466 2561 poerit.
542 2494 563 2562 2)
583 2498 612 2547 ad
633 2499 745 2561 aquiliam
763 2498 794 2547 B.
821 2500 851 2549 ad
870 2500 957 2563 aquilia
981 2499 1022 2548 Vi.
1047 2500 1092 2550 Vc.

137 2566 228 2631 Aquilia
243 2568 301 2617 edd.
315 2574 341 2617 et
354 2568 415 2633 Dig.
438 2566 491 2618 Sed
504 2569 533 2617 ad
548 2584 582 2617 ex
596 2569 641 2617 adl.
653 2570 763 2632 prodiit.
814 2566 837 2634 8)
851 2569 877 2619 Ε
889 2571 949 2635 Dig.
967 2569 1020 2620 Om.
1035 2572 1093 2621 edd.

138 2634 161 2702 ⁴)
176 2644 230 2685 sunt
247 2637 307 2687 Cdd.
323 2639 381 2688 edd.
437 2635 457 2702 ὁ)
472 2640 532 2689 haec
546 2653 590 2688 nee
605 2638 650 2703 (ex
664 2642 772 2703 repetito
787 2642 836 2690 hec
846 2640 941 2707 ortum)
957 2641 1019 2692 Cdd.
1035 2643 1093 2693 ed..

138 2707 229 2757 Malim
242 2709 295 2757 hoc.
361 2704 422 2773 ⁰)ss
434 2709 494 2773 Dig.
510 2709 590 2759 damni
610 2709 672 2759 Cdd.
693 2711 750 2759 edd.
816 2708 878 2776 ')E
890 2712 951 2777 Dig.
967 2710 1019 2762 Om.
1035 2714 1094 2762 cdd.

139 2774 160 2843 8)
176 2777 227 2839 lege
243 2778 305 2827 Odd.
325 2779 375 2839 lege
390 2780 428 2839 agi
442 2780 499 2829 edd.
565 2776 586 2845 9)
602 2780 646 2828 Aa
660 2782 794 2845 legendum
807 2798 825 2833 v
838 2783 933 2844 regular
946 2783 1009 2832 suh?
1030 2782 1092 2848 (aeq.

138 2863 194 2909 cap.
206 2862 258 2910 pro
272 2848 386 2909 singulari
405 2850 447 2899 Vi.
462 2850 537 2899 dahel
550 2850 717 2916 singulorum).
746 2851 839 2914 Mouet,
854 2854 924 2915 quod
938 2868 995 2903 cunt
1008 2868 1094 2903 omnen

138 2917 208 2974 libri,
223 2932 286 2980 quac
295 2918 355 2967 Leto
363 2919 414 2968 Dei
428 2921 499 2982 citat,
514 2921 619 2970 aliunde
633 2923 758 2980 mutiunt,
769 2922 859 2972 Paulli
869 2922 934 2972 liber
948 2925 1095 2987 singularia

82 3038 86 3043 ,
138 2988 170 3035 de
184 2988 291 3037 iniuriis
305 2990 451 3054 ignoratur,
465 2998 490 3039 et
504 2998 586 3039 tamen
601 3006 635 3040 esc
649 3006 687 3049 eo,
703 3008 775 3055 quem
787 2992 831 3042 dic
846 2994 918 3051 citat,
933 2992 1000 3042 libra
1010 3007 1054 3056 pr.
1070 2993 1093 3043 1.

138 3058 170 3106 de
185 3058 263 3105 iuiur.
278 3056 311 3123 (t,
324 3057 348 3124 4)
360 3068 486 3124 cumptum
504 3068 549 3110 ert.
578 3061 701 3119 Accedit,
716 3062 785 3125 quod
797 3064 836 3111 tit.
851 3074 871 3113 o.
888 3078 909 3111 e.
925 3073 945 3111 r.
961 3077 1013 3125 pro
1033 3063 1094 3112 libro

138 3127 271 3188 regularum
290 3128 404 3191 singulari
422 3131 496 3180 dubet
515 3131 575 3180 libro
595 3132 709 3193 singulari
729 3131 774 3181 Vc.
795 3132 857 3181 liber
869 3132 989 3194 -eingulari
1013 3132 1095 3184 Vici

137 3199 220 3247 simile
235 3200 322 3248 uitium
336 3208 375 3249 eat
388 3203 415 3250 iu
429 3201 459 3250 B.
476 3204 514 3251 tu.
526 3213 559 3253 16.
570 3217 593 3255 c.
602 3213 624 3253 4.
677 3197 710 3267 10)
727 3201 765 3264 Cf.
776 3218 820 3265 pr.
835 3202 858 3251 Ι.
873 3203 906 3251 de
920 3204 999 3251 iaiur.
1015 3201 1046 3268 (4,
1061 3203 1093 3270 4).

141 3265 174 3333 11)
192 3268 231 3319 Ita
244 3269 435 3320 Lacdmauuuc.
451 3286 599 3321 communem
614 3273 724 3321 omnibus
739 3274 802 3321 enim
816 3273 875 3322 iuris
892 3273 953 3322 Odd.
969 3288 1094 3323 commune

138 3353 224 3388 nomen
245 3341 308 3389 enim
330 3341 381 3390 eius
399 3340 439 3391 Bi.
463 3341 654 3401 Numerarem,
675 3357 746 3407 quem
765 3343 807 3393 Bt.
828 3352 888 3393 autc
908 3344 975 3393 Unde
995 3353 1095 3408 apparet

134 3418 268 3473 potuerat,
283 3412 334 3460 iam
349 3418 408 3461 autc
422 3410 549 3462 Commune
564 3415 695 3463 transtuli.
763 3410 796 3479 1¹)
812 3414 882 3477 idque
899 3415 960 3465 Cdd.
976 3416 1033 3464 edd.
1049 3431 1094 3479 que

137 3482 251 3546 excipio
266 3496 289 3544 q.
306 3481 413 3544 factum.
441 3481 487 3533 Sic
501 3498 593 3533 carere
608 3499 745 3547 parcuntur
762 3484 886 3537 voeadutc
906 3486 1007 3549 aliquid,
1027 3487 1096 3550 quod

138 3550 244 3601 Lacum.
260 3558 319 3600 ante
334 3552 360 3601 lit
374 3552 529 3603 intrudebat.
596 3550 628 3618 ιθ)
643 3555 725 3604 uerbis
739 3554 775 3622 (in
788 3556 869 3605 uerbis
889 3555 941 3622 Vi.)
959 3556 1020 3607 Odd.
1035 3557 1093 3606 edd.
