2542 3909
422 238 484 274 osu
503 238 607 275 rasere.
625 220 646 276 Ι.
667 227 810 278 tes-tat.
1037 224 1101 289 203

127 385 249 439 duarum
271 381 428 452 librarum,
452 380 524 437 unde
546 384 626 437 etiam
649 381 805 456 dupondius
828 382 917 441 dictus
941 390 993 457 est,
1016 384 1100 457 prasi

127 468 183 522 duo
207 464 314 539 pondo:
338 466 412 539 quod
435 482 533 521 nomen
556 467 644 523 adhuc
666 468 693 522 in
717 484 768 523 usu
790 468 934 523 retinetur.
972 471 1102 526 semisses

126 557 290 625 quoquest
313 550 479 624 quadrantes
500 568 550 624 pro
572 562 630 607 rata
654 550 759 609 seilicet
787 554 914 626 portione
936 552 968 608 ad
992 553 1100 627 pondus

126 636 270 691 examinati
293 643 382 691 erant.
413 642 477 690 tunc
499 636 587 709 ipitar
602 644 629 693 et
652 638 699 709 qui
714 635 794 693 dabat
816 640 908 694 alicui
915 630 923 669 ¹
948 640 1100 711 pecuniam,

127 737 184 775 non
196 718 389 774 adnumerabat
402 736 470 792 eam,
482 721 530 776 sed
542 720 729 795 appendebet3
746 721 818 777 uude
829 723 913 793 serui,
927 721 1025 795 quibus
1039 739 1100 795 per-

127 806 247 860 mittitur
266 806 468 860 administratio
495 808 634 877 pecuniae.
657 806 862 879 dispensatores
884 806 1013 879 appellati
1037 814 1102 863 sunt

127 884 574 955 111111111111ἀίεηιιὶιόιυιιῑιιτ.2
608 886 674 947 123.
696 886 739 945 ³Si
756 898 845 946 tamen
861 899 973 963 quaerat
989 890 1100 964 aliquis,

58 995 113 1049 11³⁰]
127 991 184 1049 qua
198 989 229 1028 re
244 974 267 1027 si
282 990 337 1046 qna
349 976 559 1047 coemptiotrem
577 976 661 1047 fecit,
683 976 806 1047 differat
821 994 839 1030 a
854 978 1039 1046 mancipatis,
1055 975 1101 1031 illa

127 1058 254 1134 quidem,
277 1074 347 1131 quae
361 1060 560 1131 coemptionem
577 1060 655 1128 iacit,
680 1078 737 1116 non
754 1059 907 1115 deducitur
925 1062 954 1115 ta
970 1058 1100 1115 seruilem

126 1142 340 1213 condicionem,
364 1150 390 1199 at
406 1162 425 1198 a
444 1146 618 1216 parentibus
632 1152 661 1200 et
676 1162 694 1199 a
710 1145 1012 1216 coempttoaatoritbns
1027 1158 1100 1199 man·

126 1229 211 1302 eipatr'
232 1229 435 1301 mancipataeue
456 1244 598 1283 seruorum
621 1228 683 1285 loco
707 1230 925 1299 constituuntur,
949 1228 1016 1284 adeo
1040 1230 1100 1301 qui·

125 1313 199 1383 dem,
220 1310 358 1384 artabae,
380 1314 458 1369 cuius
478 1314 505 1367 in
529 1314 662 1387 mancipio
683 1310 689 1386 Ι
707 1322 782 1380 sunt,
806 1328 895 1387 neque
918 1313 1097 1369 hereditatem
1109 1316 1151 1366 33.

125 1413 216 1470 neque
231 1396 321 1470 legate
335 1396 414 1452 aliter
424 1414 522 1471 capere
537 1402 653 1470 possint,
672 1414 751 1471 quam
767 1399 791 1453 si
805 1398 888 1453 simul
904 1398 998 1453 eodem
1015 1405 1096 1453 testa·

126 1489 220 1538 mento
242 1481 320 1537 liberi
336 1498 397 1537 esse
418 1480 578 1553 iubeantur,
600 1484 682 1539 sienti
704 1484 770 1538 iuris
794 1491 836 1538 est
858 1484 885 1537 in
907 1498 1026 1555 persona
1041 1498 1098 1537 ser·

125 1582 235 1623 uorum.
272 1565 321 1621 sed
336 1566 505 1622 differentiae
519 1569 589 1623 ratio
606 1568 751 1623 manifesta
767 1574 819 1639 est,
835 1583 896 1623 eum
913 1565 1098 1640 aparentibus

125 1660 184 1707 eta
202 1650 483 1723 coemptionatoribns
504 1651 599 1707 iisdem
623 1652 714 1708 uerhis
738 1653 872 1725 mancipio
894 1644 1098 1726 'accipiantur‚⁴

125 1734 226 1811 quibus
241 1738 331 1802 serui3
347 1735 421 1808 quod
437 1752 492 1791 non
508 1737 632 1793 annititur
643 1737 684 1808 sit
698 1739 726 1791 iu
742 1730 951 1809 coemptione.⁵

190 1817 257 1879 124.
274 1819 415 1875 Videamus
431 1837 515 1892 nuno,
531 1838 586 1894 quo
602 1821 684 1878 modo
700 1825 730 1892 ii,
748 1822 794 1894 qui
810 1822 898 1877 alieno
912 1822 966 1877 iuri
981 1822 1097 1878 subtecti

124 1914 205 1974 sunt,
228 1922 262 1961 eo
284 1905 344 1960 iure
366 1904 525 1962 liberentur.

188 1987 254 2048 125.
278 1991 317 2045 Ac
337 1990 414 2062 prius
435 1989 470 2045 de
485 1991 527 2045 his
542 1990 727 2064 dispiciamus,
751 1993 797 2063 qui
819 1992 847 2046 in
863 1996 1001 2064 potestate
1024 1997 1097 2045 sunt.

123 2069 192 2134 126.
208 2074 242 2130 Et
257 2074 367 2147 quidem
383 2078 458 2131 serui
477 2076 705 2148 quemadmodum
721 2083 858 2147 potestate
878 2074 1045 2145 liberentur,
1067 2090 1099 2129 er

125 2162 170 2217 his
191 2160 351 2233 inteilepere
373 2176 531 2233 possumus,
553 2176 623 2233 quae
645 2159 678 2215 de
699 2160 787 2214 seruis
809 2158 1030 2214 manumittendis
1051 2174 1099 2214 sa·

126 2246 221 2319 perias
237 2245 423 2318 exposuimus.
457 2239 520 2301 127.
538 2237 585 2299 6111
599 2260 680 2316 uero,
701 2245 748 2317 qui
762 2248 793 2301 r'o
806 2250 950 2315 potestate
963 2245 1099 2315 parentis

125 2337 204 2397 snat,
225 2338 336 2387 mortuo
357 2346 390 2387 eo
411 2333 459 2385 sai
478 2332 552 2386 turis
571 2333 655 2401 fiunt.
686 2330 739 2385 sed
751 2330 806 2385 lroo
829 2327 1034 2384 distinctionem
1056 2343 1099 2383 re·

101 2438 107 2449 ·
125 2416 208 2487 cipit;
225 2432 286 2470 nam
300 2423 414 2473 mortuo
426 2422 511 2487 patre
526 2431 593 2471 sane
608 2412 765 2469 omnimodo
789 2411 835 2469 otii
851 2412 957 2468 filiaeue
972 2414 1015 2467 sui
1030 2412 1097 2467 iuris

124 2497 305 2572 effiaiuutar3
333 2508 444 2555 mortuo
469 2516 535 2555 uero
557 2515 610 2555 auo
633 2516 690 2556 non
718 2497 876 2556 omnimodo
903 2504 1022 2570 nepotes
1047 2512 1096 2552 ne·

122 2578 235 2662 ptesflue
257 2586 300 2640 sui
321 2586 391 2641 iuris
405 2587 491 2656 fiunt,
506 2587 559 2640 sed
571 2589 613 2641 ita
627 2587 655 2639 si
672 2590 873 2656 postmortem
889 2586 940 2639 aui
962 2582 990 2637 iu
1011 2583 1098 2655 patris

125 2672 169 2725 sni
195 2677 359 2744 potestatem
385 2669 505 2725 recasuri
528 2685 583 2725 nou
604 2675 681 2725 sunt.
725 2672 821 2741 itaque
843 2668 867 2722 si
889 2668 1021 2723 moriente
1045 2683 1097 2722 auo

122 2763 213 2827 pater
228 2772 327 2812 eorum
343 2762 370 2811 et
385 2758 467 2811 uiuat
483 2761 511 2810 et
524 2758 554 2809 ia
567 2760 713 2825 potestate
728 2754 814 2826 patris
830 2752 929 2824 tuerit,
951 2761 1018 2808 tunc
1034 2758 1098 2825 post

167 2939 171 2944 ·
201 2905 221 2975 1)
236 2908 311 2959 Haec
330 2909 441 2957 masinae
459 2907 618 2969 respondere
636 2903 730 2955 Sched.
750 2906 880 2954 ridentur.
911 2906 999 2967 passis
1014 2911 1098 2953 tamea

124 2982 203 3029 etiam
215 2981 320 3043 faeere:
336 2979 507 3029 convenienter
520 2976 561 3041 qui
575 2977 648 3025 dabat
662 2978 727 3025 olim.
798 2970 820 3041 ¹)
835 2975 880 3024 Ere
893 2975 988 3023 Hollw.
1004 2982 1029 3024 et
1042 2990 1098 3023 mea

125 3054 159 3114 ej.
175 3053 286 3100 restitut.
354 3046 422 3116 ³)In
437 3048 599 3099 restituenda
613 3047 664 3097 hae
681 3050 704 3110 §-
716 3054 777 3111 post
797 3042 843 3095 W
852 3048 989 3110 paululum
1002 3046 1099 3109 defieret

125 3122 159 3171 ab
183 3122 236 3180 Itis,
261 3138 327 3186 qaae
345 3123 386 3171 ed.
405 3132 426 3173 s.
446 3134 645 3185 proposueram.
730 3115 753 3184 4)
772 3118 923 3182 accipiuntur
942 3116 968 3165 0.
989 3117 1029 3165 ed.
1049 3114 1099 3181 Bp.

128 3190 210 3258 ⁵)Ere
227 3193 320 3243 Gdsoit.
335 3194 375 3241 ed.
390 3206 410 3243 a.
426 3193 538 3241 restitui.
604 3187 626 3255 ⁰)
641 3189 823 3254 Supplementa
839 3188 966 3245 debentur
980 3186 1044 3236 Inst.

197 3330 224 3404 ξ.
241 3337 301 3386 123.
323 3334 361 3398 Os.
377 3336 417 3396 ξς.
433 3345 481 3385 11s.
500 3332 569 3400 (com
584 3333 621 3382 ibt
634 3332 703 3397 citt.)
718 3342 764 3383 res.
784 3342 805 3393 1,
821 3341 867 3382 rso.
887 3340 908 3391 s,
927 3341 973 3379 nt.
993 3334 1018 3377 et
1034 3327 1099 3377 dett.

126 3418 162 3469 as,
176 3418 197 3457 tt.
217 3406 286 3455 unde
305 3412 428 3469 apparet,
444 3405 567 3469 quosdam
582 3418 700 3464 aucorem,
715 3417 781 3467 qaae
795 3402 975 3463 coemptionem
986 3399 1099 3463 fecerat,

127 3479 155 3526 ira
166 3494 243 3526 amna
254 3484 279 3526 et
287 3478 417 3539 mancipio
428 3479 481 3525 oiri
486 3491 546 3538 esse
555 3476 665 3525 dimisse.
717 3470 742 3541 §-
755 3474 813 3524 124.
826 3494 859 3513 =
866 3487 909 3535 pr.
920 3470 942 3520 I.
954 3470 1021 3535 quib.
1033 3470 1099 3520 mod.

127 3551 145 3597 i.
157 3556 214 3612 pot.
229 3550 292 3598 soto.
303 3548 336 3613 (1,
351 3547 396 3613 aa).
451 3543 477 3615 ξ.
494 3548 553 3597 125.
571 3547 609 3610 Of.
621 3548 661 3608 ἐξ.
673 3557 699 3596 ts
708 3560 761 3609 seq.
816 3540 842 3612 §-
854 3543 913 3592 126.
925 3564 958 3585 =
966 3558 1009 3605 pr.
1020 3540 1042 3589 I.
1055 3543 1098 3591 eit.

127 3615 253 3687 superius]
268 3619 303 3682 cf.
318 3626 379 3668 ante
394 3620 417 3681 5.
433 3631 466 3669 18.
482 3626 533 3667 not.
597 3614 624 3686 ᾗ.
636 3619 696 3667 121.
708 3631 789 3679 =pr.
801 3614 823 3663 I.
839 3616 881 3663 eit.
899 3612 938 3676 Of.
958 3613 1013 3677 Ulp.
1028 3625 1063 3675 1ο,
1078 3624 1099 3664 s.
