2542 3909
423 220 489 257 1vn11
507 220 601 257 ravum
620 221 691 256 asrtr.
710 202 757 256 ΙΙΙ.
778 210 802 257 l.
1032 204 1095 269 509

139 349 215 405 citati
236 346 427 421 alicni'parata
449 358 527 420 sunt,
550 358 578 405 et
592 349 654 405 ideo
676 359 730 408 tam
754 352 859 425 potoria
883 368 963 425 qnam
985 354 1094 419 escaria,

139 434 203 488 item
226 426 399 488 ‘ministeria¹
424 434 510 489 omnia
533 433 712 505 debebuntnr,
736 435 821 491 ueluti
838 436 950 506 urceoli,
973 445 1093 511 paterae,

140 515 241 586 lances,
252 518 430 590 piperatoria3
442 517 591 573 cochlearia
604 534 722 592 quoqne,
736 520 854 593 itemque
867 520 974 593 trullae,
987 521 1093 591 calices,

140 600 235 673 scyphi
258 600 341 656 ethis
364 600 469 667 similia.¹
502 596 550 657 87.
573 594 679 657 ²Libris
694 602 802 675 legatis,
825 604 933 660 elrartae
956 605 1093 661 uolumina

141 683 186 739 nel
207 682 375 739 membranae
396 691 423 740 et
443 684 565 757 philonae
586 687 776 753 continentur;
796 687 903 743 codices
919 704 1029 762 qnoque
1048 688 1094 745 de·

140 766 254 823 beatur:
277 766 407 823 librorum
422 769 492 823 enim
507 768 687 842 appellatione
707 786 761 825 non
777 770 916 825 uolumina
931 772 1094 841 chartarum,

140 850 188 905 setl
205 852 354 925 scripturae
368 851 480 916 modus,
503 854 549 924 qui
565 861 641 908 certo
657 851 710 909 fine
724 853 910 924 concluditur,
932 856 1096 914 aestimatur.

139 931 191 991 88.
215 926 309 991 ³Auro
324 934 425 1007 legato,
442 950 564 1009 gemmae
580 952 689 1010 qnoque
704 936 840 1009 inclusae,
855 939 975 1010 itemque
991 955 1095 1013 marga·

141 1020 209 1075 ritae
229 1025 256 1074 et
276 1018 411 1091 smaragdi
431 1018 524 1093 legato
546 1019 655 1076 cedunt.
698 1020 746 1076 setl
766 1021 854 1094 magis
870 1030 927 1090 est,
945 1022 1094 1080 uoluntatis

141 1116 202 1157 esse
226 1103 428 1175 quaestionem:
452 1102 581 1159 iniectum
604 1107 675 1159 enim
697 1120 792 1159 aurum
814 1104 945 1173 debetnr3
967 1101 1097 1162 ’fuerumt

141 1195 360 1242 ornamentorum
372 1202 472 1258 genere
484 1188 649 1248 continetur,
673 1184 725 1245 89.
739 1181 827 1244 ⁵Vasis
838 1191 976 1262 argenteis
988 1190 1095 1263 legatis,

142 1268 299 1331 emblemata
319 1286 428 1344 quoqne
450 1286 482 1326 er
502 1287 568 1325 anro
589 1268 669 1327 infixa
691 1271 783 1345 legato
805 1272 913 1333 cedunt.
950 1268 1003 1332 90.
1026 1267 1096 1331 ilr-

141 1361 225 1427 genio
241 1355 348 1427 potorio
364 1354 466 1428 legato,
482 1356 578 1425 onmia,
596 1371 665 1428 quae
677 1354 710 1411 ad
721 1356 881 1430 poculorum
894 1359 1011 1430 speciem
1023 1374 1096 1413 com·

141 1443 233 1510 parata
264 1446 343 1509 sum,
371 1436 555 1509 debebantur,
584 1439 669 1495 ueluti
698 1447 821 1513 paterae,
850 1440 962 1513 calices,
991 1442 1095 1515 scyphi,

142 1519 256 1593 urceoli,
272 1521 438 1595 oenophoria
460 1531 487 1578 et
502 1522 629 1583 conchae.
674 1520 719 1583 st.
742 1516 876 1581 ⁷Carruca
898 1541 958 1582 cum
973 1526 1097 1582 iunctura

141 1604 247 1679 legata,
269 1605 356 1661 mulae
377 1621 486 1679 qnoque
511 1606 632 1679 legatae,
657 1624 713 1664 non
734 1608 817 1665 mulio
838 1610 962 1681 uidetur,
985 1619 1098 1685 propter

142 1688 322 1763 quotidianam
337 1688 467 1763 loquendi
482 1691 714 1747 consuetudinem.
775 1735 779 1743 .

270 1767 313 1850 [L.
331 1771 380 1830 28.
403 1774 439 1829 D.
455 1777 546 1847 quiet
561 1793 578 1829 a
595 1776 671 1846 quib.
687 1793 812 1833 manum.
829 1772 896 1852 (40,
913 1771 956 1854 9).

268 1856 303 1914 L.
319 1855 368 1913 29.
393 1857 428 1913 D.
445 1860 480 1914 etc
496 1860 579 1914 odim.
597 1878 619 1915 v.
637 1859 779 1931 transfer.
793 1862 849 1933 lep.
867 1855 932 1937 (34,
948 1856 1004 1937 4).]

69 1958 131 2007 [tis]
205 1937 255 1997 92.
278 1932 411 1997 ⁸Prolatis
434 1940 563 1997 codicillis
586 1941 630 1996 uel
653 1942 704 1997 alio
729 1950 907 2014 testamento,
931 1943 1028 2017 quibus
1051 1944 1097 2001 atl-

142 2034 261 2098 emptnm
282 2032 324 2080 est
344 2024 464 2098 legatum
485 2024 529 2081 uel
550 2035 622 2081 certe
648 2020 823 2097 rescissum,⁹
843 2044 985 2102 perperam
1008 2027 1098 2085 soluta

142 2116 314 2183 repetuntur.

261 2306 324 2349 TIT.
339 2306 394 2347 Vll.
424 2306 466 2346 Dm
481 2301 597 2347 MORTIS
614 2303 713 2347 CAVSA
727 2303 972 2349 nonestotttnvtt.

205 2404 231 2466 1.
258 2402 382 2465 ¹⁰llortis
398 2424 476 2465 cansa
498 2408 593 2482 donat,
617 2410 664 2482 qui
686 2408 719 2464 ad
734 2407 834 2465 bellum
852 2408 1047 2483 proficiscitur,
1070 2421 1097 2467 et

143 2494 190 2567 qui
203 2494 323 2568 nauigat,
345 2508 376 2550 ea
391 2493 495 2549 scilicet
510 2492 680 2564 condicione,
696 2499 736 2562 ut,
751 2493 774 2548 si
791 2508 919 2550 reuersus
935 2493 1027 2566 inerit,
1047 2495 1097 2551 sibi

143 2578 318 2650 restituatur3
348 2577 371 2633 si
392 2578 516 2651 perierit,
545 2592 629 2650 penes
652 2592 714 2633 eum
736 2586 887 2641 remaneat,
911 2580 954 2635 oni
976 2578 1097 2637 donanti.

142 2658 172 2719 2.
197 2652 219 2693 ¹¹
229 2660 340 2717 ltonntio
356 2662 452 2717 mortis
467 2676 547 2717 eausa
563 2669 686 2717 cessante
703 2658 859 2718 ualetudine
874 2672 902 2719 et
917 2672 1009 2720 secuta
1024 2665 1098 2719 sant-

142 2849 174 2897 D.
190 2850 222 2898 de
236 2861 302 2897 unro
316 2862 373 2912 erp.
388 2845 433 2911 (³4,
448 2846 479 2912 2).
533 2843 553 2913 ¹)
567 2849 585 2897 i.
600 2862 621 2896 e.
638 2846 730 2910 quibus
744 2848 771 2895 in
785 2850 911 2897 conviviis
925 2850 1098 2900 ministratur.

144 2915 166 2984 ¹)
181 2919 219 2981 Cf.
234 2918 266 2967 L,
281 2928 307 2969 51
318 2934 361 2981 pr.
387 2918 418 2966 D.
433 2917 527 2983 detep.
543 2928 563 2969 a.
637 2914 808 2982 ³)0f.L.1o.
833 2920 872 2980 55.
893 2930 918 2970 ta
932 2934 985 2983 seq.
1011 2920 1043 2968 L.
1064 2933 1098 2972 19.

143 2989 175 3042 Ι).
191 2990 222 3038 de
236 3003 302 3039 onro
321 3003 378 3053 erp.
394 2988 443 3052 (sn,
463 2987 494 3053 2).
519 2988 588 3037 Ptin.
605 2986 636 3036 N.
651 2986 685 3035 lt.
701 2999 734 3038 ts.
751 2989 839 3052 praef.
859 3004 941 3052 supra
954 2991 977 3051 9.
992 3000 1026 3041 81.

144 3056 165 3126 ⁴)
182 3060 268 3109 lactum
283 3059 345 3107 enim
362 3058 423 3108 odd.
439 3060 497 3108 edd.
503 3076 513 3114 ‚·
526 3060 573 3107 sed
587 3059 651 3108 enim
664 3072 699 3107 em
709 3058 807 3108 iat-ctum
815 3060 977 3123 pertinatiam.
1025 3058 1047 3125 ⁶)
1060 3060 1098 3124 Of.

142 3130 175 3180 L.
190 3142 222 3181 ts.
239 3132 262 3191 ἓ.
277 3140 298 3181 o.
318 3130 350 3179 D.
365 3129 420 3179 eod.
485 3126 506 3195 ὅ)
523 3129 560 3193 Cf.
576 3130 607 3178 L.
623 3141 649 3179 21
659 3125 703 3192 pr.
722 3128 754 3177 L.
769 3140 802 3181 at.
827 3128 860 3177 D.
875 3130 931 3179 eod.
947 3128 1062 3179 Inoenal.
1077 3143 1099 3188 tt,

140 3211 189 3252 sea.
210 3200 327 3253 Martini.
343 3212 364 3259 t,
378 3211 412 3251 as.
464 3197 485 3265 ⁷)
502 3200 539 3263 Cf.
554 3199 587 3249 L.
603 3211 635 3251 ts.
656 3200 688 3248 L.
704 3210 736 3249 m.
757 3201 811 3261 §.e
831 3198 863 3247 D.
879 3200 934 3249 eod.
951 3200 1028 3251 mse.
1044 3203 1097 3263 §.s

142 3267 476 3337 D.deaedit.ed.(21,1).
551 3266 571 3335 8)
588 3270 625 3332 Cf.
642 3270 675 3319 L.
690 3281 710 3320 2.
725 3271 748 3331 ξ.
765 3283 785 3319 1.
805 3270 836 3318 L.
852 3281 872 3321 a.
887 3282 908 3320 1.
928 3270 960 3322 Ι).
975 3271 1007 3319 de
1023 3273 1098 3321 cond.

143 3342 197 3391 ind.
212 3340 257 3407 (11,
268 3339 300 3407 s).
325 3341 367 3389 An
382 3343 458 3390 etiam
468 3357 519 3405 per
534 3342 739 3390 darnnationem?
759 3340 797 3403 Cf.
812 3340 957 3398 Getides.
1004 3336 1098 3407 ⁹)Atto

139 3412 213 3475 sueto
234 3419 382 3463 testamento
397 3414 490 3476 priore
509 3419 593 3476 rupto.
630 3410 695 3460 Nam
713 3418 738 3460 et
756 3411 908 3461 donationes
922 3419 947 3462 et
960 3413 1098 3475 emptiones

142 3484 259 3533 rescindi
272 3483 403 3533 dicuntur.

218 3553 265 3603 Tit.
286 3552 347 3602 VII.
387 3549 421 3619 ¹⁰)
438 3552 475 3616 Of.
491 3563 555 3611 sos.
572 3553 593 3614 ξ.
605 3563 624 3601 1.
674 3548 707 3616 ¹¹)
724 3551 761 3614 Cf.
777 3554 800 3613 §-
812 3566 831 3603 1.
851 3552 1011 3605 ldedonat.
1022 3551 1095 3620 (ns).
