2542 3909
430 231 498 268 rvnn
515 230 610 268 sareu
628 232 700 267 sm.
719 212 766 267 IV.
786 219 811 268 9.
1034 214 1098 277 519

143 380 207 421 cum
224 364 269 436 qui
287 354 466 437 (omiserat)‚¹
485 369 622 435 acceperat
639 360 826 433 substitutum,
843 362 956 419 euenire
968 378 1024 420 non
1038 370 1101 437 pot·

143 448 214 505 erit:
231 447 338 502 diuersa
354 447 424 502 enim
439 461 518 502 causa
534 456 576 501 est
591 447 684 519 scripti
700 453 727 501 et
741 446 867 521 legitimi.

207 601 270 642 rer.
287 600 330 641 rx.
361 597 559 641 anserinus
576 596 760 641 cousvnrvu
774 577 1039 643 rnenvnnranvu?

209 683 234 743 1.
258 676 375 741 ¹¹llatres
391 693 445 739 tam
460 685 592 757 ingenuae
608 699 687 756 quam
707 682 847 739 libertinae
870 685 944 739 ciues
959 685 1104 757 Romanae,

142 781 177 829 ut
191 772 233 827 ius
249 768 397 825 liberorum
412 775 573 823 consecutae
589 767 743 837 uideantur,
760 776 803 822 ter
818 775 846 821 et
857 775 953 839 quater
964 771 1103 842 peperisse

73 906 78 917 ,
145 852 274 924 sufficiet,
291 852 435 909 dummodo
451 853 530 907 uiuos
546 858 572 905 et
587 850 660 924 pleni
677 852 805 923 temporis
818 851 932 924 pariant.
969 849 999 910 2.
1017 845 1103 919 ⁴Quae

145 938 230 996 semel
252 954 306 993 uno
323 944 401 1011 partu
424 930 508 991 ’tres⁵
532 932 601 991 lilios
617 934 715 1005 edidit,
738 936 780 989 ius
797 932 944 990 liberorum
961 951 1016 990 non
1038 953 1103 993 con·

145 1024 283 1097 sequitur:
305 1020 451 1077 nonenim
473 1027 514 1075 ter
536 1020 691 1093 peperisse,
716 1018 764 1073 sed
778 1017 863 1073 semel
876 1026 984 1091 parturn
1000 1018 1103 1075 fudisse

146 1105 268 1169 uidetur;
290 1106 341 1160 nisi
356 1103 428 1159 sorte
443 1119 492 1176 per
506 1101 650 1159 interualla
666 1103 760 1175 pariat.
805 1096 834 1157 ³.
860 1095 975 1158 ¹llulier
989 1104 1011 1157 si
1027 1119 1104 1160 inon-

145 1199 265 1247 strosum
281 1187 380 1261 aliquid
396 1195 442 1243 aut
456 1186 644 1261 prodigiosum
660 1188 736 1241 enixa
750 1187 803 1257 sit,
823 1184 890 1241 nihil
904 1184 1024 1259 prolicit:
1048 1204 1103 1243 non

145 1282 211 1331 suut
227 1274 296 1329 enirn
311 1271 404 1345 liberi,
422 1272 466 1344 qui
483 1278 577 1327 contra
593 1270 705 1325 formam
722 1270 830 1325 humani
846 1273 953 1341 generis
969 1286 1102 1327 conuerso

146 1372 223 1415 more
237 1364 425 1430 procreantur.
462 1352 491 1410 4.
515 1353 635 1423 Partem,
659 1355 705 1427 qui
726 1353 910 1409 membrorum
925 1354 1104 1411 humanorum

145 1438 237 1496 officia
252 1438 415 1513 duplicauit,
437 1437 509 1512 ’quia
524 1438 574 1494 hac
589 1429 714 1493 ratione⁷
730 1438 900 1511 aliquatenus
916 1437 1024 1495 uidetur
1039 1439 1103 1495 elle·

144 1532 218 1595 ctus,
235 1525 313 1579 matri
327 1522 457 1596 prodesse
472 1522 583 1596 placuit.
621 1518 650 1579 ὅ.
673 1514 806 1595 ¹³Septimo
822 1538 914 1579 meuse
930 1531 1009 1578 natus
1025 1518 1107 1580 matri

145 1607 272 1683 prodest:
287 1608 356 1662 ratio
373 1608 445 1662 enim
457 1606 636 1680 Pythagoraei
652 1608 755 1661 numeri
768 1606 821 1661 lroc
834 1604 941 1662 uidetur
951 1607 1103 1677 admittere,

143 1701 178 1749 ut
194 1701 241 1748 aut
255 1692 371 1765 septimo
386 1690 482 1764 pleno,
508 1697 555 1745 aut
575 1689 679 1746 decimo
696 1684 807 1746 mense¹¹
827 1699 920 1764 partus
941 1686 1104 1748 maturior¹⁰

145 1768 318 1833 ’uideatur.¹¹
354 1769 384 1831 6.
409 1768 561 1829 ¹²Alrorsus
578 1774 622 1829 uel
638 1773 747 1831 abactus
762 1781 860 1830 uenter
874 1783 981 1848 partum
997 1773 1105 1832 elficere

70 1879 135 1931 [tar]
148 1877 206 1917 non
222 1842 338 1916 uidetur.
381 1851 408 1913 7.
431 1856 567 1913 Libertina
582 1854 719 1930 ¹(Latino)
730 1849 755 1891 ¹¹
776 1865 806 1911 ut
820 1858 862 1912 ius
878 1856 1023 1914 liberorum
1039 1875 1104 1916 cou-
1165 1882 1168 1886 ²

144 1946 223 2018 sequi
238 1944 335 2017 possit,
353 1948 449 2015 quater
464 1955 522 1997 earn
537 1942 687 2015 peperisse,
703 1942 743 1995 'ut
759 1936 810 2014 (in)
823 1934 982 2015 ingenua,¹¹
992 1942 1103 2000 suflicit.

220 2087 239 2157 ¹)
254 2092 361 2141 instituto
376 2091 505 2157 (institutio
520 2092 602 2155 aliqui
618 2089 692 2156 odet.)
711 2104 765 2139 eum
783 2090 823 2154 qui
840 2090 902 2140 cdd.
916 2092 975 2141 edd.
990 2092 1103 2159 instituti,

143 2176 216 2229 quem
236 2162 337 2211 coheres
358 2163 415 2212 edd.
438 2177 507 2212 meae
528 2174 547 2213 1.
568 2173 587 2212 s.
609 2161 657 2209 sed
673 2162 784 2224 facilior
805 2168 843 2210 eet
864 2164 1007 2221 correctio,
1029 2178 1104 2227 quam

144 2249 215 2284 nunc
228 2232 297 2281 dedi.

144 2302 146 2305 ’
222 2302 269 2353 lit.
290 2300 342 2351 IX.
362 2303 389 2351 in
411 2301 473 2352 odd.
493 2308 518 2352 et
536 2302 575 2351 ed.
595 2300 680 2351 Haeo.
695 2303 806 2365 ponitur
822 2310 883 2365 post
900 2304 924 2365 ὅ.
940 2314 960 2354 t.
1027 2300 1103 2370 ¹)Os.

150 2374 207 2437 Uip.
222 2384 257 2432 so,
271 2383 292 2424 s.
315 2371 364 2423 lt't.
379 2372 401 2421 I.
416 2384 438 2431 a,
452 2384 472 2425 s.
525 2368 1103 2437 ’)0[.11ε11.1,11,11.1..119.11111111.

144 2448 214 2510 siqu.
230 2441 343 2509 (oo,1o·),
363 2443 436 2506 infra
455 2444 479 2505 §-
493 2452 513 2494 t.
582 2441 604 2508 ⁴)
619 2442 658 2491 De
677 2444 731 2507 leqe
751 2443 837 2506 Papia
857 2444 938 2507 Popp.
959 2445 994 2508 cs.
1010 2444 1041 2495 L.
1057 2457 1103 2497 tet.

147 2516 180 2564 D.
195 2514 252 2567 eod.
303 2510 325 2578 ὅ)
341 2520 390 2562 tres
404 2513 443 2562 uel
457 2515 517 2562 duos
532 2514 656 2577 permulti
672 2513 734 2562 odd.
763 2515 805 2563 An
821 2516 902 2579 iqitur
917 2518 1042 2581 legemur:
1055 2524 1105 2566 tres

147 2585 186 2635 uel
201 2584 261 2650 (dis)
276 2584 335 2633 duos
349 2590 375 2633 et
383 2591 476 2648 postea
491 2584 564 2633 semel
574 2583 684 2650 (bisue)?
730 2579 751 2651 ⁰)
766 2583 811 2634 Ex
825 2587 864 2647 ἐξ.
874 2597 895 2637 8.
904 2597 925 2636 t.
939 2586 1054 2650 formata
1068 2595 1106 2637 est

148 2656 180 2705 L.
196 2667 230 2706 11.
250 2655 283 2704 D.
298 2655 330 2704 de
343 2660 412 2704 statu
427 2655 492 2705 dom.
508 2653 539 2720 (t,
550 2653 580 2720 5).
602 2655 641 2717 Cf.
652 2654 684 2703 J..
696 2665 742 2706 115.
762 2656 794 2705 D.
806 2656 838 2705 de
848 2656 916 2705 verli.
927 2659 993 2722 siqu.
1006 2658 1049 2724 (oo,
1060 2657 1104 2724 to).

148 2724 169 2791 ¹)
186 2725 322 2775 Fortasse:
340 2726 394 2789 quia
413 2733 429 2775 o
448 2722 508 2791 (uel)
527 2726 550 2773 in
571 2725 615 2774 hac
634 2726 768 2775 iteratione.
842 2722 863 2793 ⁸)
880 2727 919 2791 Os.
936 2728 1005 2778 Ptin.
1023 2728 1054 2779 N.
1069 2728 1104 2779 H.

146 2809 168 2855 r,
181 2806 202 2848 5.
217 2798 241 2858 §-
256 2807 290 2848 es.
309 2794 341 2846 L.
357 2806 390 2847 11.
409 2796 441 2845 D.
457 2796 488 2845 de
502 2801 571 2845 statu
586 2796 650 2845 lom.
665 2794 702 2861 (1,
717 2796 748 2862 s).
769 2797 801 2846 J..
816 2809 837 2850 a.
859 2800 882 2859 §-
898 2808 931 2849 11.
957 2800 988 2847 D.
1004 2800 1036 2850 de
1050 2802 1106 2849 ruis

145 2864 386 2933 etleqit.(tto,1o).
412 2866 543 2917 censorin.
558 2878 578 2919 o.
594 2880 627 2919 11.
654 2866 718 2916 Geli.
738 2878 763 2925 1,
783 2879 816 2920 lo.
841 2868 958 2919 Macrob.
979 2871 1006 2919 ire
1025 2885 1104 2921 somn.

144 2937 217 3001 Scip.
233 2950 254 2996 1,
268 2949 290 2990 o.
359 2934 381 3002 ¹¹)
396 2936 508 3001 Septimo
523 2952 606 2987 mense
617 2940 696 3001 pleno
710 2939 803 2998 minor,
818 2938 916 2989 decimo
926 2941 1006 3003 pleno
1021 2943 1105 2990 maior

142 3014 246 3072 partus.
277 3007 411 3058 Censorio.
425 3010 441 3057 l.
457 3024 479 3058 c.
541 3005 573 3073 ¹⁰)
587 3007 618 3057 Si
632 3010 715 3074 iqitur
728 3011 830 3058 carectis
844 3010 898 3058 illia
912 3009 1039 3059 mensibus
1053 3026 1104 3060 ma·

145 3080 233 3129 tetrior
247 3079 365 3128 nascitur
379 3076 473 3145 (minor
487 3081 527 3128 oel
540 3078 633 3143 maior)
649 3086 756 3142 partus,
777 3081 854 3129 etiam
874 3094 925 3129 non
943 3082 1045 3129 exactis
1059 3083 1107 3131 aed

144 3150 244 3213 coeptis
258 3155 355 3198 tantum
369 3150 534 3213 aliquatenus
548 3157 664 3199 necturna
678 3152 753 3199 nasci
765 3156 836 3199 recte
850 3150 976 3209 creditur,
992 3153 1060 3202 velut
1074 3154 1103 3211 is,

146 3221 191 3283 qui
205 3219 247 3269 die
262 3226 384 3267 01111111
394 3220 488 3269 editur.
508 3220 540 3272 L.
551 3230 570 3271 e.
587 3220 609 3282 ἕ.
621 3230 654 3270 11.
671 3222 714 3269 cit.
738 3220 777 3269 De
788 3221 1010 3283 intempestivitate
1019 3225 1106 3272 octavi

144 3292 240 3339 menois
253 3290 305 3341 oid.
322 3288 385 3343 dett.
400 3293 417 3339 l.
432 3306 454 3341 c.
485 3289 569 3341 Noodt
583 3290 618 3339 ad
632 3290 716 3339 Pand.
732 3303 752 3347 1.
767 3300 787 3342 5.
802 3298 828 3339 et
840 3289 976 3357 Scdultinp
987 3301 1103 3343 enarrat.

145 3360 209 3410 idid.
224 3362 277 3425 teqt
290 3362 426 3410 voluerunt
439 3363 545 3424 septimo
559 3368 605 3410 aut
614 3363 694 3425 pleno
708 3360 813 3413 decimo.
868 3358 899 3425 ¹¹)
911 3361 1001 3411 enaiim
1012 3362 1102 3413 edatur.

147 3428 182 3495 ¹¹)
199 3430 238 3495 Os.
254 3430 284 3480 L.
300 3440 320 3483 1.
338 3430 363 3480 0.
379 3430 490 3495 depost.
505 3431 559 3481 lter.
574 3430 606 3496 (o,
620 3431 665 3495 tto).
724 3427 757 3496 ¹¹)
771 3430 895 3495 Suppleoi
907 3440 932 3481 et
947 3435 1104 3492 necessario,

146 3500 217 3567 (nam
235 3501 268 3551 de
286 3500 415 3551 libertinis
434 3501 532 3551 civibus
551 3500 622 3554 Rom.
642 3502 691 3552 lroc
710 3503 761 3551 iam
779 3502 886 3552 dixerat
899 3504 922 3564 §-
939 3501 962 3568 1)
981 3511 1006 3553 et
1021 3503 1105 3567 facilc

141 3577 204 3635 poet
218 3571 347 3625 liber-tina.
415 3568 448 3639 ¹⁴)
462 3571 508 3623 Sic
522 3570 572 3636 (cel
586 3570 722 3637 ingenuam)
736 3588 822 3623 omnes
838 3572 915 3631 cdd„
932 3575 985 3623 nisi
998 3575 1067 3638 quod
1080 3575 1106 3623 in
