2542 3909
459 194 521 231 nnu
538 194 637 235 msrrr.
656 177 676 231 1.
694 182 804 233 att-68.
1055 178 1115 244 189

142 338 226 393 etiam
238 336 360 391 incertus
372 336 422 405 sit;
434 334 506 392 unde
518 336 609 392 solent
620 338 707 410 spurii
720 335 768 393 iiiii
780 336 919 411 appellari,
933 336 977 393 nel
989 355 1003 393 a
1016 335 1115 395 Graeca

143 437 216 477 uoce
231 422 309 494 quasi
324 414 481 495 σποράδην
495 424 638 495 concepti,
661 420 705 477 uei
722 423 798 495 quasi
813 422 872 477 sinc
887 430 964 495 patre
980 416 1056 479 fitn¹

210 500 259 563 66,
277 508 439 578 Aliquando
454 513 551 561 autem
566 509 670 576 euenit,
695 514 726 563 ut
747 508 839 576 libert,
864 509 915 579 qui
935 511 1031 563 statim
1053 512 1117 581 qui-

143 592 211 647 dem
224 597 258 647 nt
272 583 355 645 nati²
369 599 445 661 sunt,
465 598 609 663 parentum
625 591 653 645 in
668 599 805 664 potestate
819 607 875 646 non
892 589 967 663 fiant,
985 593 1004 647 ii
1019 601 1115 666 postea

66 683 129 740 [117]
144 684 238 731 tamen
250 674 410 748 redigantur
423 675 451 730 in
467 684 643 746 potestatem.
672 670 720 733 66.
740 676 822 732 Uelut
834 679 861 732 si
874 675 994 732 Latinus
1010 676 1116 751 exlege

145 758 223 814 Aelia
238 758 331 815 Sentia
352 776 438 815 uxore
460 758 543 815 ducta
567 757 652 815 fliium
671 761 865 833 procreancrit,
881 769 927 815 aut
942 759 1067 817 Latinum
1083 778 1117 818 ex

145 843 241 899 Latina
256 853 304 899 aut
318 845 407 905 ciuem
422 842 571 899 Romanum
586 861 619 899 en
635 846 695 901 ciue
710 842 838 911 Romana,
860 861 915 900 non
931 844 1039 901 habebit
1054 862 1116 902 eum

145 931 177 984 in
188 937 340 1001 potestate3
352 928 414 985 'sed
422 931 448 984 si
456 935 554 1000 postea
565 945 646 985 cansa
654 930 778 1000 probata
786 929 1098 987 ciuitatemltomanam
1111 940 1115 993 t

146 1012 426 1085 consecutusfnerit,
438 1010 539 1069 'ciuem
545 1005 864 1071 Romanumeumsimul³
876 1006 1056 1089 inpotestatei
1065 1031 1112 1070 sua
1127 1020 1166 1075 18.

147 1098 250 1154 habere
261 1099 366 1171 incipit.
391 1092 437 1157 67.
449 1096 517 1153 Item
529 1100 553 1153 si
568 1100 636 1154 cinis
649 1099 786 1154 Romanos
797 1096 919 1153 Latinam
932 1107 978 1153 aut
993 1101 1116 1171 peregri·

147 1198 210 1239 nam
221 1199 333 1238 uxorem
346 1183 453 1238 duxerit
462 1199 512 1255 per
521 1183 714 1257 ignorantiam,
729 1198 790 1238 oum
802 1198 860 1238 eam
871 1184 959 1239 ciuem
971 1181 1117 1239 Romanam

148 1284 210 1323 esse
225 1266 360 1339 crederet,
381 1277 409 1323 et
423 1265 508 1323 filium
527 1268 722 1339 procreauerd,
745 1268 860 1324 hicnon
876 1275 918 1323 est
938 1269 964 1323 in
981 1276 1117 1341 potestate

148 1354 219 1423 eius,
232 1353 294 1425 quia
305 1368 339 1408 ne
351 1352 460 1425 quidem
467 1352 535 1408 ciuis
542 1351 680 1408 Romanus
686 1360 738 1424 est,
750 1352 799 1408 sed
811 1350 975 1408 autLatinus
986 1362 1033 1407 ant
1040 1368 1117 1426 pere·

148 1438 257 1511 grinon,
275 1436 302 1492 id
315 1447 358 1492 est
369 1438 428 1493 eins
439 1436 620 1506 condicionis,
640 1439 717 1493 cuius
727 1446 756 1493 et
767 1445 852 1493 mater
874 1436 966 1506 inerit,
983 1439 1045 1510 quia
1061 1452 1117 1492 non

149 1511 354 1593 aliterquisque
361 1521 392 1576 ad
400 1524 484 1595 patris
491 1521 799 1593 condicionemaccedit,
811 1524 921 1594 quamsi
934 1522 1006 1577 inter
1014 1528 1118 1594 patrem

149 1616 297 1663 etmatrem
309 1607 368 1661 eius
380 1605 527 1663 conubium
539 1607 588 1662 sit:
601 1606 649 1662 sed
660 1623 691 1663 ex
699 1606 938 1663 senatusconsulto
950 1606 1118 1679 permittitur

149 1708 257 1747 eausam
268 1692 371 1746 erroris
382 1693 510 1764 probare,
521 1691 596 1746 etita
610 1708 679 1746 uxor
688 1707 798 1764 quoque
811 1700 839 1747 et
851 1689 923 1747 fliius
936 1694 974 1747 ad
980 1692 1117 1747 ciuitatem

148 1776 297 1831 Romanam
309 1778 484 1849 perueniunt,
496 1785 562 1831 etex
574 1792 607 1832 eo
621 1786 744 1849 tempore
756 1778 851 1848 incipit
861 1774 933 1831 iilius
943 1777 971 1831 in
982 1782 1118 1849 potestate

149 1863 235 1933 patris
249 1877 321 1916 esse.
346 1860 418 1915 idem
429 1862 495 1917 iuris
510 1868 564 1930 cst,
578 1862 602 1915 si
617 1876 675 1917 eam
691 1877 740 1933 per
750 1862 930 1935 ignorantiam
941 1876 1053 1915 uxorem
1070 1858 1118 1915 do·
1167 1930 1171 1939 ⁵

151 1947 231 2018 nerit,
245 1961 314 2017 quae
326 1944 634 2001 dediticiorumnumero
648 1956 701 2015 est,
715 1944 848 2019 nisiquod
861 1961 930 1999 uror
941 1962 996 2001 non
1009 1942 1039 1999 fir
1050 1945 1118 1999 cinis

150 2028 279 2085 Romana.
314 2023 553 2086 ostensionis
565 2030 685 2085 Romana
697 2045 747 2101 per
758 2045 879 2085 errorem
895 2037 979 2103 nupta
992 2030 1027 2084 sit
1041 2044 1119 2101 pere·

151 2117 232 2189 grino
244 2123 379 2187 tamquam
392 2117 446 2171 cini
456 2113 587 2182 Romano,
604 2114 772 2187 permittitur
784 2116 807 2168 ei
823 2130 930 2169 causam
942 2115 1043 2169 erroris
1055 2130 1118 2185 pro·

150 2198 225 2272 bare,
241 2208 269 2254 et
282 2201 319 2253 ita
335 2198 408 2256 iiiios
422 2216 531 2273 quoque
544 2201 602 2254 eius
614 2205 643 2253 et
654 2200 766 2253 moritus
779 2200 815 2253 ad
826 2199 961 2253 ciuitatem
973 2198 1118 2252 Romanam

150 2286 328 2357 perueniunt,
344 2296 372 2340 et
384 2300 470 2358 aeque
483 2284 565 2339 simul
578 2285 671 2357 incipit
683 2281 754 2337 filius
767 2287 794 2338 in
806 2289 943 2356 potestate
953 2282 1038 2355 patris
1048 2296 1118 2336 esse.

151 2368 222 2423 idem
241 2370 308 2424 iuris
329 2378 388 2438 est,
409 2370 433 2424 si
455 2370 600 2442 peregrino
629 2378 764 2441 tamquam
784 2366 879 2422 Latino
905 2383 937 2422 ex
962 2366 1024 2439 lege
1044 2364 1120 2421 Aelia

151 2452 244 2508 Sentio
265 2462 350 2526 nupta
370 2455 421 2522 sit3
449 2470 509 2510 nam
525 2463 553 2510 et
574 2454 608 2509 de
629 2454 682 2509 hoc
702 2452 857 2525 specialiter
881 2448 1119 2507 senatusconsulto

151 2546 275 2593 cauetur.
311 2537 383 2598 idem
403 2539 471 2593 iuris
492 2548 536 2595 est
556 2538 744 2611 aliquatenus,
767 2538 789 2592 si
805 2538 846 2606 ei,
869 2538 914 2609 qui
930 2536 1118 2591 dediticiorum

151 2638 266 2678 numero
287 2629 344 2692 est,
366 2632 504 2695 tamqnam
524 2625 578 2679 ciui
597 2624 719 2679 Romano
742 2630 789 2677 aut
808 2620 902 2676 Latino
924 2620 948 2676 'e
969 2621 1030 2694 lege
1046 2620 1119 2675 Aelia

225 2778 246 2847 ¹)
260 2781 384 2847 Sequitur
394 2785 463 2833 linea
473 2799 565 2833 noenu.
622 2779 644 2847 ²)
660 2781 705 2831 Eu
719 2782 782 2832 Inst.
807 2780 860 2830 Sed
868 2784 1026 2846 sequentium
1039 2796 1119 2830 consa

49 2870 54 2877 ·
151 2854 246 2903 addidi
261 2851 397 2917 ‘quidem'.
421 2862 450 2903 ut
463 2862 488 2904 et
504 2854 658 2917 Heopnilus
673 2856 765 2919 legisse
778 2853 887 2902 videtur.
941 2849 961 2918 ³)
977 2853 1048 2901 simul
1063 2868 1119 2915 ergo

151 2940 207 2974 eum
216 2923 310 2977 Sched.
323 2923 415 2975 Gaison.
425 2926 495 2990 quod
507 2933 585 2975 antea
600 2928 627 2974 in
643 2925 699 2974 edd.
711 2932 836 2985 retentum
847 2939 904 2973 eum
918 2926 964 2973 uix
978 2924 1054 2973 innius
1069 2926 1121 2973 loci

150 2999 200 3055 sit,
220 2998 248 3044 in
265 2996 290 3045 0.
310 3000 350 3045 oet
368 2999 511 3062 archetypo
525 2999 616 3060 potius
631 2998 716 3060 fuerit
728 3000 804 3047 onom.
819 2998 980 3059 transpositu
999 3012 1020 3043 n.
1037 2995 1119 3056 simul;

151 3084 212 3117 narn
226 3069 304 3117 etium
318 3069 402 3130 filiunt
420 3070 501 3119 ciuem
520 3068 591 3118 Rom.
604 3069 716 3131 fuctum,
735 3069 825 3116 sinon
844 3074 915 3125 erat,
935 3068 1022 3115 tacere
1040 3064 1120 3115 Gaius

152 3155 204 3189 non
214 3146 322 3202 poterut
336 3136 382 3204 (cf.
392 3152 413 3198 1,
423 3139 472 3204 st);
487 3140 536 3189 doc
546 3155 606 3189 vero
616 3146 721 3202 recepto
735 3140 811 3187 etiam
821 3139 848 3186 in
859 3137 1063 3201 interpretandis
1078 3138 1119 3197 iis,

152 3226 219 3274 quae
225 3211 390 3273 praecedunt
399 3213 426 3259 in
434 3210 525 3260 Gdsclr.
536 3219 561 3260 et
566 3209 774 3268 Bionnsned„
785 3209 887 3274 aliquid
896 3209 1044 3257 mutandum
1054 3215 1119 3257 erat.

225 3348 559 3420 §.oo.=§.1s.1.eod.
632 3349 659 3420 ξ.
675 3356 717 3403 66.
739 3352 778 3415 Os.
798 3348 853 3414 lltp.
870 3363 890 3409 a,
906 3362 927 3401 t.
946 3366 1028 3413 supro
1042 3352 1066 3411 ξ.
1086 3361 1119 3400 29.

153 3419 179 3491 §-
195 3425 239 3474 67.
256 3423 293 3488 Cf.
310 3424 366 3488 Ulp.
377 3437 428 3484 nt.
444 3436 465 3487 5,
475 3437 495 3476 s.
511 3425 585 3488 infra
595 3435 617 3484 n,
627 3435 674 3475 142.
690 3435 711 3482 s,
721 3436 742 3477 a.
753 3434 786 3475 as.
809 3422 898 3472 Cottae
911 3432 944 3479 ro,
954 3432 974 3471 a.
990 3423 1013 3482 §-
1024 3432 1044 3472 5.
1056 3432 1089 3480 m,
1100 3432 1120 3471 s.

153 3496 194 3557 ἐξ.
210 3507 229 3545 t.
245 3507 279 3547 15.
294 3512 376 3559 supra
391 3498 414 3558 ἓ.
430 3508 464 3547 ao.
487 3496 547 3545 Hoc
561 3497 810 3545 senatusconsultum
824 3495 958 3557 antiquius
970 3493 1053 3555 fuisse
1068 3493 1121 3541 ulio

152 3566 200 3615 sub
215 3566 357 3617 Hadriano
368 3568 455 3630 facto,
470 3575 581 3630 apparet
594 3582 629 3616 ex
643 3579 663 3628 t,
679 3578 726 3617 142.
741 3574 789 3615 143·
844 3561 869 3631 ξ.
885 3565 927 3615 68.
945 3563 982 3626 Cf.
999 3563 1054 3627 Uip.
1065 3576 1085 3623 i,
1100 3575 1120 3613 4.
