2542 3909
531 235 736 285 PRAEFATIO.
1063 236 1115 284 vn

154 387 258 453 Paulli
286 386 481 452 Sententiae·
506 388 541 451 in
569 386 839 468 (insultatione)
869 391 902 452 et
929 387 1046 451 recessi
1074 387 1116 451 ab

154 494 203 555 eo,
227 472 282 535 ubi
304 472 405 535 maior
427 471 580 555 quaedam
600 471 724 535 utilitas
737 472 771 535 id
785 471 950 552 suadebat,
972 470 1060 536 velut
1080 472 1115 535 in

154 556 228 621 Gaii
243 555 517 619 Institutionibus.
541 555 631 619 Intra
647 576 700 619 eos
714 558 832 637 autem,
848 576 928 638 quos
942 554 1019 638 dixi,
1035 556 1115 619 fines

153 640 252 704 etiam
268 640 376 708 omnia
393 640 506 703 veteris
522 640 790 722 iurisprudentiae
805 642 1022 721 monumenta,
1035 660 1115 722 quae

154 727 292 788 aetatem
318 724 481 807 tulerunt,
505 724 628 807 corpori
650 727 760 787 nostro
782 724 973 788 vindicanda
994 724 1114 807 putavi.

153 806 265 891 Neque
295 807 414 891 igitur,
441 810 478 870 ut
506 811 601 871 antea
630 808 670 871 ab
697 808 844 872 omnibus
869 808 1026 872 eiusmodi
1054 806 1115 871 col·

154 890 330 956 lectionum
358 891 623 973 compositoribus
653 891 708 956 sed
735 893 806 956 sine
834 893 920 955 iusta
949 912 1060 975 causa,
1087 891 1117 956 si

155 975 232 1058 quid
254 974 358 1057 rideo,
379 974 563 1039 factitatum
586 978 645 1058 est,
668 974 708 1039 ad
730 996 783 1040 eos
798 980 923 1039 tantum
939 973 1045 1057 IGtos‚
1060 976 1116 1057 qui

154 1063 230 1141 post
243 1057 446 1122 Hadrianum
459 1059 619 1141 vixerunt,
647 1059 788 1122 animum
803 1059 934 1140 adverti,
950 1058 1005 1122 sed
1020 1059 1116 1123 etiam

154 1164 194 1205 ex
216 1142 397 1225 antiquiore
419 1142 669 1225 iurisprudentia
692 1142 720 1205 si
742 1142 817 1225 quid
839 1143 873 1206 in
896 1142 967 1205 aliis
982 1143 1116 1225 scripto·

154 1227 244 1289 ribus
259 1230 420 1309 superstes
436 1230 494 1309 est,
510 1227 594 1311 quod
610 1226 765 1291 hactenus
780 1230 909 1290 tantum
923 1248 942 1290 a
956 1224 1116 1290 Dirkseno

154 1310 285 1393 propria
307 1310 495 1375 collectione
518 1331 616 1373 unum
646 1310 705 1374 sub
727 1314 932 1393 conspectum
953 1310 1115 1374 redactum

154 1394 277 1477 crat‚*)
310 1394 349 1458 ad
383 1415 450 1459 rem
483 1415 586 1458 meam
614 1394 774 1477 pertinere
803 1398 890 1459 ratus
918 1416 997 1458 sum.
1042 1393 1116 1459 Scio

154 1476 299 1560 quidem,
325 1478 411 1542 inter
439 1480 607 1561 utrumque
635 1498 738 1563 genua
764 1478 969 1561 reliquiarum
997 1478 1117 1561 aliquid

153 1562 320 1626 interesse.
365 1562 453 1637 Quae
486 1561 570 1626 enim
604 1583 643 1625 ex
675 1564 848 1645 posteriorc
877 1582 955 1625 aero
982 1565 1116 1645 restant,

153 1646 305 1729 pleraque
337 1650 373 1709 ut
405 1646 535 1729 propria
566 1648 686 1729 scripta
712 1649 745 1710 ct
775 1666 832 1710 suo
865 1646 955 1729 quasi
987 1647 1116 1710 nomine

154 1732 281 1794 servata
303 1732 392 1794 sunt:
416 1730 596 1813 antiquiora
618 1733 745 1794 tantum
766 1731 807 1794 ab
822 1729 894 1793 aliis
909 1730 1116 1813 scriptoribus

155 1813 349 1877 referuntur.
387 1812 448 1878 Sed
470 1812 530 1877 hoc
553 1813 723 1878 discrimen
738 1835 797 1877 neo
836 1835 869 1877 er
883 1814 991 1877 omnia
1005 1835 1116 1877 verum

154 1900 205 1962 ert
227 1900 316 1981 (nam
339 1918 388 1963 er.
404 1917 453 1982 gr.
478 1899 574 1961 etiam
597 1918 634 1961 ex
650 1836 879 1980 posterioriirus
899 1898 1115 1981 fragmentum

157 1980 797 2149 artaturtendutur
813 1985 863 2129 ai
880 1981 1116 2148 attint

156 2151 246 2232 runt)
268 2170 327 2213 nee
349 2149 480 2213 omnino
503 2149 632 2213 adrem
655 2150 805 2233 pertinet,
829 2170 901 2213 cum
922 2169 989 2213 non
1011 2149 1117 2213 minus

158 2232 278 2297 idcirco
311 2233 439 2297 intersit
477 2234 527 2317 vel
559 2232 685 2315 deceat,
720 2235 853 2315 utroque
888 2232 982 2295 modo
1014 2235 1047 2296 et
1078 2254 1117 2296 ex

127 2348 138 2385 ,·
158 2318 291 2397 utroque
319 2337 397 2381 aevo
426 2338 506 2400 quae
535 2316 628 2380 nobis
657 2315 775 2380 tradita
806 2319 897 2395 sunt,
930 2335 994 2378 uno
1023 2336 1117 2398 opere

156 2399 293 2465 collecta
321 2399 447 2465 habere.
491 2400 560 2465 lmo
588 2399 809 2483 imperfectum
836 2399 914 2464 iuris
937 2398 1039 2463 civilis
1061 2420 1116 2464 an·

156 2483 357 2548 teiustiniani
379 2488 549 2568 syntagma
571 2484 670 2548 rideri
686 2484 790 2566 debet,
814 2485 848 2547 in
864 2504 924 2567 quo
939 2503 1005 2547 non
1019 2485 1116 2549 etiam

156 2568 320 2632 anteriora
348 2568 405 2632 illa
432 2567 536 2632 locum
559 2589 652 2633 suum
674 2569 878 2633 obtinuerint
921 2566 966 2631 nt
987 2587 1060 2632 oum
1081 2570 1117 2634 in

155 2651 225 2715 inre
247 2652 351 2735 magis
373 2673 424 2716 res
446 2674 542 2736 quam
563 2653 661 2717 verba
683 2655 877 2735 spectentur,
899 2672 940 2715 nc
955 2650 1033 2715 illud
1049 2654 1117 2736 qui·

155 2736 228 2800 dem
257 2736 377 2801 referre
404 2736 593 2815 existimavi,
616 2739 723 2800 utrum
745 2736 906 2800 sententia
925 2738 1052 2799 tantum
1075 2758 1117 2801 an
1199 2770 1204 2777 ·

155 2820 252 2885 etiam
280 2819 377 2883 verba
399 2819 532 2885 alicuius
556 2820 773 2884 iurisconsulti
794 2820 888 2883 nobis
909 2820 1115 2903 referrentur,

154 2907 187 2967 et
215 2906 324 2967 utrum
353 2902 524 2968 iudicando
551 2904 602 2968 vel
631 2925 685 2968 ore
711 2903 931 2987 respondendo
954 2925 1024 2967 eam
1046 2925 1116 2968 aen·

153 2989 290 3052 tantiam
313 2987 491 3070 protulerit,
514 3009 555 3052 an
579 2988 673 3053 etiam
693 2988 844 3071 scriptam
859 2988 928 3070 ipse
942 2988 1115 3071 reliquerit.

218 3070 281 3137 Sed
304 3070 369 3134 alia
391 3072 533 3154 quaestio
555 3072 609 3153 diu
631 3071 828 3155 multumque
842 3093 893 3135 me
908 3072 1013 3153 torsit,
1037 3093 1116 3156 quae

154 3156 292 3221 maxime
315 3154 355 3218 ad
378 3156 591 3241 antiquiorum
619 3156 799 3220 litterarum
820 3160 1027 3221 monumenta
1048 3177 1117 3238 per·

220 3384 245 3449 ⁴¹)
265 3381 469 3437 ‘Bruchstticke
479 3399 528 3437 aus
539 3382 593 3437 den
604 3381 744 3437 Schriften
754 3380 1116 3441 deermischeanristen,

151 3449 323 3519 gesammelt
337 3464 392 3502 von
406 3449 441 3508 H.
454 3449 485 3509 Ε.
498 3448 626 3505 Dirlrsen.
645 3448 778 3518 Konigsb.
797 3454 869 3504 1814.
882 3453 917 3500 8.’
946 3446 1030 3502 Liber
1043 3459 1118 3499 nunc

152 3516 270 3583 quidem
287 3530 345 3570 non
363 3514 511 3582 sufficiens,
530 3516 579 3571 scd
596 3517 647 3571 illa
665 3518 758 3571 aetate
776 3514 855 3571 omni
871 3513 956 3567 laude
976 3516 1084 3585 dignus.
