2542 3909
309 224 412 261 nonnum
431 224 538 262 verunt
555 224 653 265 assem.
673 208 732 263 XII.
752 208 886 263 n-XHL
905 214 929 263 2.
1034 210 1098 276 587

69 355 296 414 [metabularum
318 348 440 426 dentur‚¹
461 363 507 411 aut
528 356 680 427 honorarii,
699 356 785 412 idest
801 359 1016 431 quiapraetore
1036 373 1101 414 con·

144 442 306 497 stituuntur.
351 437 379 497 2.
402 438 457 495 Lex
479 439 621 496 duodecim
640 439 790 497 tabularum
813 442 961 512 iuriosnm,
983 442 1101 514 itemque

144 524 306 599 prodigum,
335 524 377 579 eni
400 516 498 581 bonis²
525 522 698 581 interdictum
726 533 781 594 est,
810 526 837 581 in
861 528 1001 582 curatione
1027 525 1103 581 iubet

145 624 206 665 esse
222 600 407 681 agnatorum.³
448 604 477 664 3.
501 609 664 681 Apraetore
685 610 861 665 constituitur
876 618 1000 680 curator,
1022 625 1102 683 quem

145 695 204 767 ipse
224 700 336 766 praetor
358 690 494 763 uoluerit,
516 691 648 748 libertinis
669 692 804 765 prodigis,
824 694 944 765 itemque
964 694 1101 767 ingenuis,

145 778 193 850 qni
209 792 240 833 ea
255 784 419 832 testamento
434 780 557 849 percutis
572 776 685 832 heredes
700 775 763 833 iacti
784 776 852 832 male
872 776 1002 850 dissipant
1017 776 1102 833 bona:

146 861 188 916 his
211 862 282 915 enim
304 876 336 915 ex
359 859 420 933 iege
442 868 552 916 curator
573 860 630 915 dari
653 876 709 916 non
735 868 858 933 poterat,
885 876 945 916 cum
968 862 1102 933 ingenuus

146 944 255 1017 quidem
276 960 331 999 non
352 942 383 998 ab
404 945 549 1020 intestato,
571 943 619 999 sed
635 960 667 999 ex
683 952 845 1000 testamenta
866 944 946 999 heres
968 944 1053 1001 iactus
1068 946 1104 999 sit

146 1030 232 1102 patri3
256 1027 398 1083 libertinus
421 1037 509 1084 autem
531 1027 606 1083 nunilo
628 1027 710 1083 modo
733 1030 803 1101 patri
825 1028 905 1084 heres
927 1027 984 1083 lieri
1004 1030 1103 1103 possit,

147 1114 194 1185 qui
209 1127 259 1168 nec
274 1120 379 1184 patrem
395 1110 518 1168 hahuisse
533 1112 658 1183 uidetur,
680 1128 741 1169 eum
762 1112 871 1168 seruilis
890 1111 1104 1185 cognationalis

145 1198 191 1256 sit.
228 1195 257 1252 4.
279 1196 420 1251 Praeterea
440 1190 587 1273 '(praelor
603 1212 642 1252 eac
656 1198 717 1269 lepe
731 1190 915 1272 ΡΙαείονιίι)4
934 1196 980 1253 dat
997 1206 1104 1254 curato·

147 1294 204 1336 rem
226 1280 316 1336 'etiam
337 1274 392 1351 εἰ)
415 1282 461 1353 qni
483 1295 569 1354 nuper
590 1279 678 1355 pubes
693 1279 781 1335 iactus
804 1280 900 1336 idonee
923 1281 1105 1354 negotiosus

146 1365 219 1419 tueri
233 1380 289 1420 non
304 1371 405 1438 potest.
422 1380 439 1421 e
453 1381 470 1422 n
484 1381 502 1420 s

198 1518 261 1560 uin.
277 1518 347 1559 x111.
370 1518 413 1559 nn
429 1515 565 1559 annuens
581 1516 662 1559 oneo
679 1518 719 1558 nn
735 1495 913 1579 solnunsmo
928 1493 1056 1560 aeunni
1118 1502 1212 1571 monti

212 1600 237 1660 1.
263 1595 355 1675 ⁷Lege
370 1600 435 1658 tutta
450 1602 630 1676 prohihentur
650 1619 750 1660 uxores
771 1603 872 1660 ducere
892 1612 1032 1662 senatores
1047 1606 1107 1679 qui·

147 1687 209 1743 dem
237 1685 370 1759 liberique
399 1701 495 1742 eorum
525 1686 664 1742 libertinas
691 1696 720 1744 et
749 1704 822 1761 quae
851 1690 933 1762 ipsae
959 1704 1108 1763 quesumus

146 1779 225 1845 peter
248 1778 367 1825 materne
382 1779 467 1826 artem
483 1769 615 1827 ludicram
635 1770 744 1840 iecerit;
789 1768 816 1828 2.
842 1765 950 1829 ⁸’iidem
974 1767 1043 1846 (et)⁹
1064 1788 1108 1829 ce·

147 1856 199 1911 teri
220 1862 310 1910 autem
330 1855 442 1927 ingenui
463 1853 642 1927 prohibentur
656 1847 847 1931 ’(nacarcm)¹⁰
861 1855 959 1913 ducere
973 1852 1107 1928 ’(ραὶαηι)

147 1954 264 2012 corpore
276 1946 419 2011 quaestum
433 1936 592 2008 facientem,
607 1931 690 2015 (et)¹¹
706 1938 808 2002 lenam,
825 1947 852 1995 et
867 1956 881 1994 a
897 1939 995 1995 lenone
1010 1938 1107 1995 lenaue

222 2085 242 2153 ¹)
256 2087 348 2151 Itaque
362 2087 441 2137 iuius
459 2090 524 2153 lepis
542 2102 573 2137 ea
593 2089 773 2150 interpretatio
790 2089 865 2150 facta
881 2096 932 2147 est,
954 2096 982 2139 ut
996 2097 1107 2153 praetor

147 2158 334 2220 conluctaret,
353 2172 417 2221 quas
435 2160 479 2208 len
498 2165 634 2208 curatores
652 2172 706 2208 esse
724 2160 849 2209 iussisset.
881 2159 919 2223 Os.
934 2161 956 2221 ξ.
971 2172 992 2211 a.
1012 2160 1074 2210 Li.
1089 2169 1107 2211 t.

148 2230 181 2295 (1,
197 2227 234 2294 an)
250 2228 310 2292 ibiq.
325 2227 437 2278 Scltrad.
453 2235 478 2277 et
491 2244 543 2292 seq.
558 2229 581 2290 ξ.
592 2241 613 2280 s.
627 2228 721 2278 verba:
734 2243 804 2293 qoem
819 2231 870 2293 ipse
884 2238 981 2293 praetor
996 2230 1106 2283 uoluerit.

150 2298 172 2365 ⁹)
188 2300 311 2349 Fortasse
326 2298 427 2348 caecidit
442 2295 571 2363 ‘paternis
584 2306 609 2348 el
622 2296 724 2358 anilis’,
739 2302 774 2362 ct.
791 2299 866 2349 Paul.
881 2303 947 2362 ³‚4⁸.
962 2303 986 2362 5.
997 2314 1017 2353 t.
1040 2300 1108 2361 Quia

148 2372 216 2420 enirn
235 2371 280 2419 leae
298 2370 332 2419 iis
351 2376 448 2418 tantum
467 2369 552 2430 bonis,
575 2384 641 2433 quae
659 2371 717 2432 ipsa
733 2371 853 2433 familiae
871 2373 972 2420 nomine
990 2371 1107 2430 dederat,

147 2440 199 2491 sibi
218 2438 355 2489 uidebatur
370 2440 490 2502 familiae
510 2442 610 2489 nornine
631 2440 789 2490 interdicere
804 2455 895 2504 posse,
917 2442 975 2491 idea
993 2443 1108 2506 legitima

149 2511 301 2561 interdictio
316 2525 366 2560 non
381 2509 531 2573 pertinebat
544 2511 580 2559 ad
593 2510 672 2569 lana,
687 2525 753 2574 puae
767 2522 877 2561 autnon
891 2527 908 2561 a
918 2519 997 2575 patre
1011 2528 1108 2578 avoque

148 2588 195 2631 aut
208 2596 260 2631 non
275 2592 310 2629 ex
323 2582 379 2645 lepe
393 2581 429 2629 ad
437 2581 578 2645 pradipum
588 2589 779 2644 peruenerant;
793 2582 828 2646 cf.
839 2583 863 2643 ξ.
873 2593 894 2633 e.
945 2579 966 2646 ο)
985 2582 1064 2633 Taeet
1076 2584 1108 2634 de

146 2650 295 2718 gentilibus,
310 2652 355 2715 qui
368 2653 543 2701 exoleverunt.
573 2651 611 2714 Of.
629 2652 719 2701 Collat-
736 2664 770 2710 to,
784 2664 804 2703 4.
820 2654 843 2715 §-
858 2665 879 2704 4.
931 2648 955 2718 ⁴)
974 2653 1034 2703 Vid.
1051 2653 1108 2706 FlI.

145 2733 241 2785 14444.
269 2720 308 2784 Of.
330 2721 466 2784 Capitalia.
487 2721 571 2771 Marc.
591 2734 625 2773 ιο,
641 2738 686 2785 pr.
706 2722 728 2770 I.
748 2724 779 2771 de
801 2731 885 2772 curat.
908 2722 945 2787 (1,
965 2725 1001 2789 43)
1023 2724 1108 2789 ibique

148 2791 292 2843 Schrader.
326 2790 441 2841 Ceterum
458 2792 522 2841 iaec
541 2795 586 2841 lec
603 2794 664 2841 alirn
682 2792 708 2841 t.
724 2793 768 2841 PL.
788 2800 878 2843 notata
896 2796 999 2844 uidetur
1014 2796 1107 2857 fnisse,

149 2878 225 2927 quana
243 2868 329 2912 natam
348 2869 467 2912 natarum
485 2864 636 2913 collectores
656 2865 722 2912 male
742 2866 782 2912 uel
799 2864 866 2913 locus
885 2865 994 2927 publicos
1013 2868 1054 2915 uel
1071 2867 1108 2915 lex

149 2934 243 2997 plebeia
257 2934 401 2996 explicant.
465 2930 487 2999 ὓ)
502 2934 524 2982 ei
539 2934 609 2982 etiam
623 2932 696 2997 (olim
707 2934 792 2996 suerit
804 2941 836 2983 et.
852 2933 884 2998 ei)
905 2935 962 2983 Vat.
978 2935 1036 2985 edd.

150 3001 172 3069 ⁰)
189 3004 227 3066 Of.
245 3002 343 3068 dittinp
358 3006 385 3052 in
401 3003 559 3067 Zeitsaltr.f.
576 3002 607 3052 lt.
625 3002 654 3053 θ.
677 3003 726 3053 XI.
737 3020 766 3067 p.
780 3014 828 3055 tto.
895 3001 970 3068 7)οΓ.
985 3016 1019 3062 lo,
1033 3016 1054 3055 4.
1074 3007 1107 3056 L.

148 3086 176 3127 44
186 3089 231 3137 pr.
250 3073 283 3122 Ι).
299 3074 331 3123 de
345 3076 388 3123 rit.
404 3080 475 3137 nupt.
491 3073 536 3140 (us,
551 3072 582 3139 4).
606 3072 638 3125 L.
653 3085 687 3125 ue.
708 3074 735 3123 0.
749 3075 781 3123 de
796 3080 867 3136 nupt.
882 3072 918 3139 (a,
932 3072 964 3138 4).
1030 3073 1052 3141 ⁸)
1068 3077 1106 3140 Of.

150 3144 182 3193 L.
196 3156 231 3195 44.
246 3146 269 3205 5.
285 3154 305 3194 8.
325 3143 357 3192 L.
371 3156 407 3196 44.
430 3144 463 3194 D.
482 3145 513 3194 de
533 3146 585 3194 ritu
600 3152 671 3207 nupt.
688 3143 738 3206 (es,
756 3142 788 3209 4).
862 3140 884 3209 ⁹)
899 3145 955 3192 item
975 3144 1032 3194 Vat.
1048 3148 1106 3196 edd.

151 3215 190 3278 Of:
211 3214 266 3264 att.
282 3229 309 3277 p.
329 3226 376 3265 set.
408 3213 478 3275 Quae
498 3217 525 3264 in
549 3214 607 3264 Vat.
627 3221 653 3264 et
670 3215 727 3263 edd.
746 3221 889 3278 sequuntur
907 3213 986 3263 rerba
1005 3230 1107 3278 corpore

150 3292 275 3349 quaestum
294 3285 421 3334 facientem
440 3285 544 3351 (amisso
562 3286 590 3333 in
605 3286 658 3347 fine
673 3286 760 3348 posito
779 3300 834 3335 vac.
850 3283 883 3349 et)
899 3287 1107 3348 perperentinus

150 3357 319 3418 transposita,
334 3363 441 3405 auctore
452 3356 614 3414 Mommseno,
627 3370 676 3405 sua
690 3358 746 3405 laco
761 3363 821 3405 ante
834 3370 888 3406 voc.
904 3356 980 3403 lenam
994 3357 1105 3406 restitui.

153 3422 185 3490 ¹⁰)
200 3424 312 3476 Recidit
320 3426 351 3475 ab
360 3426 515 3476 antecedens
523 3426 705 3488 prohibent-urs
720 3426 754 3489 cf.
764 3433 814 3476 nat.
825 3437 852 3476 1⁰
865 3426 901 3475 ad
908 3438 929 3484 e,
940 3437 959 3475 1.
1004 3421 1037 3489 ¹¹)
1047 3425 1106 3475 Hae

149 3511 226 3545 sensa
238 3496 374 3562 flapitante
388 3496 434 3563 (cf.
449 3497 482 3544 L.
496 3508 523 3547 44
533 3510 577 3559 pr.
592 3494 647 3561 eit.)
662 3503 734 3547 tanto
750 3498 861 3560 facilins
873 3496 1018 3559 suppletur,
1038 3496 1108 3558 quod

150 3566 211 3616 ltine
226 3568 323 3645 densum
338 3575 460 3631 apparet,
480 3569 524 3630 qui
540 3567 640 3628 facturn
657 3568 704 3625 sit,
726 3574 755 3615 ut
773 3566 899 3615 librarius
912 3564 989 3613 verba
1003 3580 1105 3628 corpore
