2542 3909
477 256 539 293 san
557 258 662 295 ansam.
680 241 701 295 Ι.
718 248 760 298 ot.
1046 246 1105 311 181

136 399 238 470 stituit,
262 408 292 453 ut
312 400 335 454 si
349 398 472 456 latinus
493 401 531 456 iu·
544 399 612 456 urbe
635 394 762 459 triennio
776 404 922 477 pistrinum
945 408 1107 479 exercuerit,

135 485 214 554 quod
238 476 287 539 in¹
311 483 368 539 dics
393 483 517 557 singulos
540 502 597 541 uon
619 488 707 542 minus
737 504 817 561 quam
846 498 977 546 centanas
1000 492 1108 549 modios

135 567 266 623 frumenti
294 562 452 641 pinseret,²
481 568 513 624 ad
537 569 581 627 ius
603 569 749 638 Quiritium
771 577 932 647 perueniret
955 566 1144 653 ii—b.
1192 628 1194 632 .

135 670 179 707 vv.
192 651 274 710 1-3
283 682 387 693 ——-·-
400 645 404 731 Ι
420 648 468 711 85.
481 696 488 709 .
503 647 533 711 .⁴
547 656 665 713 maiores
680 658 793 731 triginta
807 674 938 715 annorum
951 662 1108 717 manumissi

135 744 164 792 et
178 734 266 793 Latini
282 738 347 795 iacti
363 740 493 795 eomodo
507 742 640 811 poslsunt
654 742 696 797 ius
712 740 857 808 Quiritium
873 746 1016 817 conseant,
1032 749 1110 819 quod

135 830 169 880 ut
183 826 264 879 serui
281 824 408 897 triginta
428 839 561 879 annorum
577 828 807 884 manumittantur
827 831 904 885 iusta
921 844 957 885 aa
979 833 1107 904 lepitimo

133 910 357 965 manumissione
372 910 410 964 ab
431 923 475 980 eo,
498 912 582 966 cuius
597 926 637 967 ea
657 914 723 969 iure
739 912 890 981 Quiritium
905 916 971 969 sint.
1007 918 1107 988 itaque

133 994 258 1051 Latinus
274 996 279 1059 Ι
295 991 480 1050 manumissus
503 994 622 1051 uindicta
646 1003 693 1051 sut
714 1012 799 1053 censu
820 1006 867 1053 aut
889 1004 1054 1068 testamento
1079 1009 1107 1057 et

134 1081 206 1141 ciuis
217 1085 354 1140 Romanus
371 1081 375 1144 t
393 1086 421 1134 et
435 1082 498 1135 eius
511 1077 626 1135 libertus
641 1078 683 1151 fit,
699 1083 745 1155 qui
761 1097 822 1137 eum
838 1078 1009 1138 ἰῑιῑνιιιειίι.δ
1040 1101 1106 1157 ergo

210 1224 230 1293 ¹)
251 1225 291 1276 ‘in
305 1242 355 1291 quo
369 1222 408 1275 in’
425 1228 459 1286 ai.
473 1224 548 1275 Stud.
563 1226 610 1275 sed
627 1227 710 1290 ipsum
720 1228 864 1290 pistrinum
878 1235 916 1277 est
930 1230 1107 1279 centenarium

134 1300 194 1369 (Fr.
209 1299 268 1350 Vat.
280 1296 331 1360 usu)
346 1305 371 1346 et
380 1297 415 1361 cf.
426 1304 503 1346 antea
519 1311 593 1361 eaque
604 1297 673 1345 nauis
684 1335 690 1345 .
702 1334 707 1346 .
719 1334 725 1347 .
736 1299 876 1361 portauerit.
917 1295 937 1363 ²)
952 1298 1026 1359 Quod
1035 1308 1107 1350 ante-

133 1373 205 1423 cedit
214 1372 238 1419 b.
249 1387 271 1420 u.
282 1371 385 1434 sipnurn
393 1370 479 1432 fuitne
489 1383 504 1432 p
515 1370 608 1418 omisso
618 1382 631 1416 r
642 1367 687 1435 (=
696 1370 779 1433 populi
789 1369 856 1419 Rom.
868 1372 903 1434 cs.
916 1370 960 1419 iii.
977 1370 1034 1420 Vat.
1046 1370 1107 1437 ssa.)

133 1460 171 1493 an
185 1457 279 1492 errore
288 1442 420 1504 positum?
447 1438 537 1503 Suppl.
552 1437 590 1488 St.
609 1440 649 1488 ed.
669 1440 719 1488 Kr.
735 1452 755 1491 s.
771 1455 799 1504 p.
819 1441 899 1491 XXI.
913 1450 1020 1491 secutus
1037 1460 1107 1493 nunc

133 1516 217 1564 omisi.
275 1508 297 1574 ⁸)
314 1511 378 1561 Tres
388 1513 490 1575 primos
503 1511 581 1560 buius
590 1526 654 1575 pap.
669 1528 691 1561 a.
703 1526 750 1561 nec
763 1512 935 1578 Studlepere
945 1515 1031 1577 potuit
1050 1517 1107 1580 (uc-
1197 1572 1199 1577 Ι

133 1593 211 1648 cepta
227 1599 258 1633 a:
280 1582 436 1650 (contisequi
454 1585 482 1631 in
500 1598 524 1631 a.
543 1593 564 1632 s.
583 1582 648 1631 med.
663 1584 691 1631 in
704 1582 815 1647 Suppl.).
852 1582 922 1644 Quae
943 1600 1002 1635 uera
1017 1601 1051 1635 ex
1067 1601 1106 1635 se·

133 1656 271 1722 quentibua
285 1663 308 1703 a}
319 1668 349 1706 a.
360 1691 366 1704 .
378 1666 421 1711 ,1⁸
431 1655 531 1716 passim
540 1656 694 1717 expiscatus
703 1662 748 1715 est,
754 1662 887 1718 postremo
897 1658 974 1705 etiarn
984 1658 1107 1707 continuo

133 1730 206 1793 lepit,
217 1726 339 1791 probant,
354 1725 527 1784 haecomnia,
542 1732 571 1773 ut
584 1727 661 1774 etiam
675 1724 815 1791 Kriiperus
829 1726 911 1791 (Krit.
926 1725 1106 1794 Beitr.p.1tt)

51 1825 54 1829 1
133 1799 245 1854 iudicat,
253 1798 290 1847 ad
296 1798 458 1847 iterationem
465 1798 634 1859 pertinuisse,
643 1797 711 1845 unde
719 1814 787 1847 nunc
796 1799 927 1848 conticere
934 1800 1004 1857 licet,
1015 1799 1107 1849 Gaium

134 1872 163 1919 in
173 1887 196 1919 u.
208 1882 219 1920 1
231 1907 237 1918 .
249 1907 255 1917 .
267 1907 273 1917 .
284 1880 297 1919 a
309 1869 368 1931 sere
378 1869 487 1926 dixisse,
502 1868 625 1917 Latinam
634 1870 717 1918 solam
726 1870 803 1918 etiam
817 1876 857 1919 ter
874 1872 977 1920 enisam
987 1886 1022 1919 ex
1031 1870 1106 1926 soto,

134 1957 233 1992 omnem
247 1940 371 1989 Latinum
385 1938 507 2002 beneficio
519 1940 670 2002 principali
684 1942 725 1989 ius
743 1938 788 1999 Qu.
800 1942 915 2004 consequi
922 1956 1009 2003 posse,
1026 1958 1042 1991 a
1057 1957 1107 2007 quo

133 2013 172 2061 ad
180 2012 352 2069 iterationem,
363 2026 414 2074 pua
424 2012 616 2074 ipsepatronus
625 2010 674 2059 boc
682 2010 830 2073 beneficium
840 2012 940 2071 tribuit,
947 2013 1040 2075 facilis
1049 2020 1107 2063 erat

134 2085 272 2144 transitus,
287 2084 356 2131 uelut
368 2081 410 2130 bis
424 2080 510 2148 verbis
523 2082 600 2130 initio
614 2081 637 2141 §-
650 2092 689 2133 85:
707 2079 759 2130 ‘Ab
774 2084 830 2145 ipso
841 2080 978 2146 patrouo’.
1017 2081 1039 2149 ⁴)
1056 2083 1106 2134 Re-

133 2156 236 2203 stitutio
255 2154 332 2202 buius
355 2154 404 2213 §.23
427 2154 502 2201 cuius
521 2151 613 2216 ubique
631 2153 713 2215 spatii
731 2160 756 2201 et
774 2155 921 2202 litterarum
940 2151 986 2202 V⁸t
1003 2157 1107 2205 ratione

133 2225 225 2275 babitu
243 2226 271 2273 in
290 2224 331 2273 ed.
350 2236 371 2273 4.
387 2224 535 2286 periculum
551 2224 681 2285 feceram,
705 2226 809 2273 multum
822 2224 997 2287 discrepabat
1015 2225 1048 2275 ab
1066 2242 1106 2284 ea,

134 2313 211 2362 quam
230 2296 370 2360 Kriiperus
388 2296 404 2343 l.
420 2310 443 2343 c.
463 2296 635 2359 excapitavit,
656 2296 753 2343 utalia
772 2303 878 2354 taceam,
897 2297 949 2343 iam
963 2311 992 2346 eo
1012 2299 1106 2361 impro-

134 2367 253 2425 babilem,
272 2366 341 2431 qaod
359 2373 453 2416 contra
471 2367 599 2415 rationem
618 2367 687 2414 iuris
704 2373 730 2415 et
747 2365 853 2430 Ulpiani
866 2368 1048 2417 auctoritatem
1062 2384 1108 2417 no·

133 2456 193 2489 oum
208 2454 240 2488 aa
255 2440 347 2487 mirum
361 2438 403 2485 ius
416 2438 483 2502 lepis
496 2436 589 2486 Aeliae
603 2434 709 2486 Sentiae
724 2438 834 2498 inducit,
853 2445 878 2487 et
897 2440 972 2488 eirca
982 2440 1060 2501 finem
1074 2438 1107 2488 ab
1184 2466 1189 2471 ,

134 2512 184 2560 boc
199 2512 256 2560 loco
266 2512 347 2573 plane
362 2510 450 2557 aliena
459 2508 491 2557 de
502 2514 662 2571 patronatus
671 2510 729 2558 iure
742 2508 807 2560 Gaio
817 2509 940 2559 obtrudit.
966 2509 1020 2560 Sed
1028 2527 1106 2570 nunc,

134 2580 180 2631 ubi
192 2580 284 2644 Suppl.
299 2578 339 2630 St.
349 2595 378 2643 p.
397 2579 474 2628 XXI
483 2581 591 2629 meliora
606 2579 742 2640 dederunt,
762 2587 787 2629 et
801 2581 856 2645 ipse
870 2582 898 2629 in
912 2584 999 2631 multis
1013 2581 1045 2631 ab
1060 2583 1107 2631 illa

134 2652 272 2702 discedere
291 2665 384 2716 sopor,
407 2658 432 2699 et
450 2651 561 2699 maxime
579 2650 682 2714 quidem
700 2653 751 2700 iam
770 2654 798 2700 in
817 2668 859 2710 eo,
881 2652 951 2717 quod
968 2653 1004 2714 §.i
1022 2654 1106 2711 initio,

133 2725 259 2787 deceptus
269 2722 351 2785 falsa,
371 2722 410 2771 uti
427 2738 496 2771 nunc
510 2728 629 2785 apparet,
644 2723 739 2785 priore
757 2721 826 2772 Stdi
842 2725 951 2773 lectione
971 2722 1050 2790 (uelut
1068 2723 1107 2772 bis

135 2790 300 2844 ‘Latinorum’
313 2808 365 2856 pro
382 2789 532 2851 ‘annorum’,
547 2789 697 2841 ‘consilium’
709 2809 762 2858 pro
778 2790 917 2858 ‘consequi’
930 2792 998 2861 etc),
1016 2794 1107 2844 Gaium

133 2868 213 2916 etiam
231 2866 358 2914 minorum
376 2864 466 2913 XXX
478 2880 539 2913 ann.
559 2866 773 2915 manumissorum
787 2866 913 2915 rationem
926 2865 1048 2915 babuisse
1058 2882 1106 2930 po-

133 2952 254 2987 sueram:
267 2936 337 3000 puod
346 2937 448 2986 omnino
459 2934 585 2985 credibile
595 2936 704 2999 quidem,
720 2934 767 3001 (cf.
779 2935 824 2985 Fr.
835 2936 935 2989 Dasitb.
947 2950 980 2987 14.
991 2944 1016 2987 et
1024 2953 1107 3002 supra

133 3011 158 3071 ξ.
169 3020 197 3058 aa
210 3010 239 3057 in
253 3007 334 3070 nota),
348 3007 396 3055 sed
408 3024 443 3057 an
460 3008 561 3070 factum
574 3008 617 3064 sit,
636 3023 706 3057 nunc
724 3010 835 3057 maxime
854 3009 911 3059 coll.
932 3006 987 3072 Ulp.
1003 3020 1023 3068 s,
1038 3021 1058 3060 t.
1079 3010 1107 3057 in

133 3080 214 3130 dubio
224 3079 429 3143 relinquendum.
449 3086 478 3128 at
485 3080 575 3141 potius
585 3079 731 3142 nepandum
740 3085 785 3128 est.
818 3078 888 3139 Quae
898 3095 967 3129 nunc
976 3095 1107 3143 propono,

134 3152 163 3200 in
178 3150 296 3200 omnibus
311 3150 372 3212 sere
386 3151 483 3213 peritis
500 3150 675 3212 satisfactura
694 3164 749 3199 esse
768 3151 877 3217 confido,
896 3152 972 3199 etiam
983 3165 1052 3213 prae
1066 3150 1106 3199 ed.

134 3222 185 3270 Kr.
201 3234 231 3280 a,
246 3236 312 3285 quae
325 3222 382 3270 sine
397 3236 477 3271 causa
491 3222 590 3283 partim
605 3222 693 3269 aliena
712 3222 832 3280 intrudit,
847 3223 946 3284 partim
964 3220 1052 3269 biatus
1067 3222 1107 3270 in-

133 3295 253 3357 expletos
262 3294 396 3356 relinquit,
407 3293 506 3355 partim
515 3298 587 3341 recte
601 3293 701 3341 tradita
710 3298 820 3341 attentat
829 3295 869 3341 uel
878 3293 978 3341 omittit.
1017 3288 1038 3356 ὁ)
1053 3291 1107 3341 Hic

134 3379 198 3413 usas
217 3364 341 3428 loquendi
360 3371 452 3413 canna
468 3363 529 3413 dod.
544 3366 726 3413 auctoritatem
741 3365 792 3413 iam
806 3371 867 3427 post
886 3362 930 3412 Fr.
951 3362 1010 3412 Vat.
1025 3373 1064 3413 221
1079 3364 1107 3411 in

207 3486 234 3558 5.
249 3491 292 3541 35.
315 3489 354 3553 Of.
368 3488 424 3552 Ulp.
434 3500 487 3548 aa.
507 3501 528 3548 1,
540 3500 573 3538 ιι.
594 3488 639 3537 Fr.
655 3488 714 3538 Vat.
725 3498 772 3539 ιιι.
792 3487 863 3552 Epit.
875 3501 896 3547 t,
910 3501 931 3546 1,
945 3501 965 3538 4.
988 3488 1032 3537 Fr,
1042 3488 1106 3537 Dos.

133 3560 266 3697 {aqizi}
286 3577 325 3625 ep.
341 3574 362 3621 t,
377 3573 410 3611 16.
438 3559 521 3609 Tacit.
536 3559 570 3608 A.
590 3572 624 3620 ts,
640 3572 674 3613 at.
697 3560 815 3610 bonorum
834 3555 971 3628 possessio]
993 3560 1030 3625 Cf.
1045 3571 1065 3621 s,
1080 3571 1107 3611 8⁸
