2542 3909
160 188 223 253 648
350 209 408 245 uos.
427 210 466 248 nn.
486 212 546 247 non.
566 211 658 247 nnovn
675 211 781 247 concur.
799 192 820 246 Ι.
839 199 917 248 2-5.

223 337 289 412 llap.
305 338 336 396 ll.
359 339 484 397 Paulus
500 356 640 415 qnoque
661 339 753 397 libro
776 342 898 414 quinto
919 343 1197 400 sententia-[⁵5⁰]
1250 394 1251 399 ,

160 439 232 480 rum
254 421 315 478 sub
340 424 448 480 titulo
470 425 507 480 ad
529 424 902 498 tegemcornetiamde
923 426 1064 482 sicariis
1080 435 1115 482 et
1250 416 1251 419 ¹

160 506 331 562 ueneficis
354 502 476 564 dicit:¹
512 505 536 565 1.
560 508 614 566 Lea
633 507 756 564 Cornelia
779 524 892 582 poenam
914 508 1114 582 deportationis

160 588 258 662 infligit
273 591 312 660 ei,
336 593 381 665 qui
397 592 532 648 hominem
548 591 684 654 occiderit.
706 587 824 648 'eiusne2
842 594 882 648 rei
897 608 986 666 causa,
1009 593 1113 650 furtiue

160 673 274 729 faciendi
295 690 356 730 cnm
378 675 434 732 telo
456 676 546 744 fuerit,
572 669 677 749 'quiue³
701 692 835 732 uenenum
857 676 973 733 hominis
996 678 1113 736 necandi

160 773 238 814 causa
260 757 395 830 habuerit,
417 759 579 833 uendiderit,
601 761 746 833 parauerit,
771 758 903 816 falsumne
925 762 1114 816 testimonium

159 840 270 916 dixerit,
294 857 347 915 quo
371 843 431 916 quis
453 845 569 917 periret,
592 845 724 898 mortisue
739 859 843 899 causam
866 845 1041 916 praestiterit.
1084 841 1114 905 2.

159 923 231 992 Quae
253 928 342 983 omnia
365 927 481 984 facinora
502 930 531 984 in
553 928 724 984 honestiores
752 943 840 1003 poena
862 929 955 1000 eapitis
983 928 1114 986 uindicari

159 1009 275 1082 placuit3
298 1010 456 1067 humiliores
472 1027 538 1069 uero
556 1019 602 1067 aut
616 1013 644 1066 in
659 1026 767 1067 crucem
789 1010 934 1083 tolluntur,
958 1019 1005 1068 ant
1018 1011 1113 1069 bestiis

158 1089 347 1150 'obiciuntnr.⁴

221 1175 286 1250 llap.
309 1176 351 1234 lll.
389 1178 555 1254 Ulpianus
584 1179 674 1236 libro
695 1196 753 1237 vn.
804 1178 845 1234 de
875 1179 1001 1235 cilicio
1032 1196 1114 1253 pro·

158 1261 316 1318 consulis
352 1261 412 1318 sub
451 1263 559 1319 titulo
596 1263 635 1318 de
672 1263 811 1320 sicariis
848 1271 883 1318 et
921 1262 1112 1320 ueneficis:

158 1341 181 1403 1.
199 1343 290 1417 Capite
302 1339 388 1418 primo
404 1345 472 1421 legis
488 1345 628 1402 Corneliae
644 1346 677 1402 de
691 1348 794 1403 sicariis
809 1354 932 1417 cauetur,
950 1354 981 1402 ut
995 1347 1018 1401 is
1033 1364 1112 1421 prae-

159 1436 202 1483 tor
217 1428 333 1484 iudeaue
349 1432 526 1502 quaestionis,
549 1432 592 1487 cni
606 1439 681 1486 sorte
702 1430 843 1486 obuenerit
858 1431 981 1502 quaestio
996 1430 1029 1486 de
1044 1432 1112 1486 sica·

158 1513 204 1566 riis
220 1513 288 1582 eius,
312 1513 383 1585 quod
400 1515 426 1568 in
442 1512 508 1569 urbe
523 1515 604 1570 Roma
620 1509 789 1587 propius(uel
807 1513 879 1569 mille
900 1530 995 1587 passus
1011 1513 1112 1570 iactum

158 1596 203 1664 sit,
220 1596 260 1650 uti
275 1604 389 1667 quaerat
403 1615 463 1654 cum
479 1597 623 1667 iudicibus,
639 1600 685 1671 qui
697 1599 721 1653 ei
732 1614 764 1653 ex
775 1597 836 1670 lege
851 1606 927 1654 sorte
939 1597 1110 1668 obuenerint,

157 1677 299 1751 decapite
322 1682 394 1751 eius,
422 1683 468 1755 qni
491 1696 552 1736 curn
572 1681 628 1736 telo
651 1680 829 1738 ambulauerit
851 1682 965 1737 hominis
988 1682 1109 1751 necandi,

157 1760 257 1818 furtiue
279 1761 392 1820 faciendi
414 1780 504 1835 causa,
527 1765 699 1821 hominemue
715 1765 853 1836 occiderit,
876 1767 988 1821 cuinsue
1003 1764 1030 1820 id
1046 1764 1110 1820 dolo

157 1848 227 1904 malo
255 1846 354 1906 factum
381 1851 433 1904 erit
462 1856 495 1905 et
522 1848 667 1921 reliqua,
711 1847 844 1905 Relatis
873 1848 990 1905 uerbis
1019 1848 1109 1922 legis

158 1931 255 1988 modo
291 1935 366 2007 ipse
402 1932 563 2007 loquitur
598 1933 777 2007 Ulpianus:
830 1928 859 1992 2.
888 1932 959 1989 Haec
985 1932 1029 1989 len
1055 1947 1111 1986 non

158 2032 281 2089 omnem,
304 2017 431 2089 quicum
455 2016 509 2073 telo
532 2015 718 2086 ambulauerit,
741 2018 832 2089 punit:
855 2016 979 2072 sedeam
997 2024 1111 2087 tantum,

159 2102 204 2173 qui
220 2101 336 2157 lrorninis
352 2101 479 2168 necandi,
501 2099 602 2157 furtiue
624 2099 738 2156 faciendi
759 2116 839 2156 causa
861 2099 944 2155 telum
960 2097 1109 2173 gelsseuit,

157 2184 284 2242 ’coereet.
329 2178 495 2258 Compescit⁶
517 2185 582 2240 item
597 2201 669 2254 eum,
692 2184 739 2256 qui
761 2184 895 2238 hominem
916 2176 1039 2254 occidit,⁶
1061 2199 1112 2240 neo

157 2261 280 2340 'adiicit,⁷
303 2269 379 2324 cuius
394 2267 556 2324 conditionis
572 2269 718 2338 hominem,
734 2274 764 2323 ut
779 2274 806 2323 et
821 2266 853 2322 ad
867 2283 978 2347 seruum
992 2275 1019 2323 et
1034 2282 1111 2340 pere·

158 2353 264 2424 grinum
279 2354 414 2424 pertinere
431 2352 496 2407 haec
511 2351 553 2406 len
570 2351 703 2407 uideatur.

149 2446 151 2450 '
220 2433 350 2508 llap.lV.
388 2435 469 2490 ltem
492 2433 618 2491 Paulus
641 2433 752 2506 libro,
781 2451 847 2507 quo
870 2451 989 2508 supra,
1013 2442 1046 2490 et
1068 2435 1111 2490 ti·

157 2517 232 2574 tulo
255 2518 354 2574 dicit:
377 2515 400 2574 1.
417 2518 556 2574 Homicida
566 2527 619 2589 est,
634 2520 681 2591 qui
693 2518 783 2592 aliquo
799 2533 898 2590 genere
914 2519 962 2574 teli
975 2519 1110 2574 hominem

157 2600 267 2670 occidit,
282 2603 414 2657 mortisue
430 2617 536 2658 causam
551 2603 696 2675 praestitit.

220 2683 284 2757 llap.
300 2684 331 2742 V.
367 2684 510 2741 ltemde
532 2684 737 2741 casualibus
759 2684 1109 2759 homicidiislloyses

156 2767 325 2839 legaliter
348 2762 466 2824 dictt2⁸
502 2765 527 2825 l.
543 2769 570 2825 Si
586 2778 675 2825 autem
691 2769 792 2842 subito,
814 2786 869 2825 non
885 2786 934 2843 per
947 2771 1110 2838 inimicitias,

156 2853 286 2909 inmiserit
307 2869 390 2926 super
412 2869 473 2909 eum
496 2853 604 2928 aliquod
627 2871 692 2924 uas,
720 2870 775 2909 non
797 2848 966 2926 ’insidians,⁰
1008 2849 1037 2913 2.
1067 2851 1178 2915 aelmon]

229 3053 249 3123 ¹)
263 3057 335 3107 Idem
348 3065 498 3120 concerptam
512 3059 638 3120 repetitur
652 3059 690 3106 tit.
705 3070 725 3108 8.
741 3074 763 3107 c.
778 3070 799 3108 4.
815 3079 848 3100 =
863 3058 939 3107 Paul.
955 3067 982 3119 5,
997 3069 1031 3109 2³.
1051 3059 1074 3119 6.
1089 3071 1109 3108 1.

157 3124 179 3193 ²)
195 3129 292 3191 eiusque
309 3128 369 3177 odd.
385 3129 441 3177 edd.
508 3123 529 3193 8)
545 3135 568 3176 et
586 3129 625 3190 qui
647 3128 709 3177 odd.
724 3128 782 3177 edd.
847 3125 869 3192 ⁴)
884 3129 960 3176 Paul.
981 3128 1035 3177 Vis.
1053 3128 1110 3176 snb-

155 3199 258 3247 icinntor
274 3198 336 3249 odd.
351 3199 408 3246 edd.
474 3196 495 3261 ⁶)
509 3199 589 3247 coerci
604 3199 724 3260 compesci
738 3197 769 3246 B.
793 3200 889 3248 coherci
903 3199 1034 3260 compescit
1053 3198 1110 3253 Vi.,·

155 3283 201 3318 om.
212 3283 269 3318 cam
278 3283 329 3332 seq.
345 3268 401 3315 item
416 3303 458 3316 ...
474 3268 562 3316 occidit
581 3267 626 3316 Ve.
642 3269 773 3331 compescit
783 3267 885 3332 (omisso
896 3269 1001 3333 coercet)
1016 3268 1056 3317 cd.
1067 3267 1107 3316 Bl.

156 3333 177 3402 ⁶)
192 3337 300 3387 Addunt
308 3337 463 3395 B.:coercit‚
483 3337 540 3386 Vt.-
550 3338 657 3399 coerciti,
673 3337 733 3386 Ve..·
748 3353 868 3400 coercere,
883 3339 924 3387 Bi.
935 3339 990 3388 ed:
1004 3344 1108 3387 coercet.

159 3407 270 3457 Verbum
284 3410 348 3456 male
357 3409 491 3470 repetitum
501 3407 612 3468 videtur,
622 3415 758 3471 postquam
768 3409 900 3471 compescit
909 3410 1000 3472 priori
1008 3414 1108 3456 senten·

154 3479 205 3526 tiae
216 3493 266 3540 per
276 3493 391 3527 errorem
401 3478 551 3539 applicitum
560 3484 624 3525 erat.
665 3475 685 3542 7)
696 3479 784 3526 adiecit
797 3478 858 3528 cdd.
869 3479 926 3527 edd.
970 3475 991 3540 8)
1005 3477 1107 3526 Numer.

154 3556 188 3607 85,
203 3557 298 3598 22-25.
350 3543 372 3612 ⁰)
387 3547 502 3595 insidiant
515 3545 555 3605 B„
571 3547 638 3596 unde
650 3547 764 3610 sortasse
779 3550 827 3613 lep.
843 3549 990 3604 insidianter.
