2542 3909
485 238 521 273 ou
539 237 651 273 unamve
669 238 748 274 nunu
765 239 784 274 1.
1075 234 1117 291 23

149 371 261 441 paratus
283 371 313 420 et
335 362 478 419 meditatus
501 362 613 426 adcedo
636 364 800 438 adiungatur
821 366 889 421 baec
902 367 971 421 iuris
985 368 1118 440 interpre-

151 452 228 518 tatio,
250 464 320 521 quae
339 463 395 503 nou
415 456 468 503 tam
486 448 551 503 mibi
573 447 690 503 molesta
708 450 744 504 sit
758 457 871 522 propter
884 449 1015 521 laborem,
1037 468 1118 524 quam

150 532 225 607 quod
240 530 347 588 dicendi
362 532 555 605 cogitationem
568 531 684 600 auferat,
698 534 757 589 sine
772 549 824 606 qna
834 533 868 588 ad
878 533 978 591 nullam
989 536 1117 592 maiorem

150 632 278 691 umquam
293 630 399 672 causam
414 631 474 671 sum
490 631 571 671 ausus
587 614 723 702 accedere.

212 696 256 759 13.
277 700 313 757 A.
337 697 407 766 Quin
427 700 512 773 igitur
533 700 584 755 ista
603 693 662 772 ips'a
682 700 797 773 explicas
812 700 890 757 nobis
906 702 948 757 bis
963 700 1116 774 subsiciuis,

149 794 181 841 ut
195 786 233 839 ais
241 782 443 880 ,temporibus
464 791 491 839 et
511 783 659 839 conscribis
680 783 740 839 de'
732 800 792 840 rure
807 785 880 841 ciuili
894 785 1021 841 subtilius
1037 802 1116 883 quam

148 868 251 925 ceteri?
273 883 334 923 nam
356 868 473 941 aprimo
489 874 612 941 tempore
632 869 729 923 aetatis
750 869 802 923 iuri
823 868 935 925 studere
955 878 982 925 te
997 871 1116 942 memini,

151 968 233 1025 quom
244 954 305 1025 ipse
316 952 396 1006 etiam
408 950 441 1007 ad
453 950 610 1007 Scaeuolam
621 952 794 1022 uentitarem,
811 968 898 1025 neque
914 969 1040 1025 umquam
1051 953 1116 1009 mibi

151 1036 226 1091 uisus
243 1051 273 1092 es
287 1035 325 1089 ita
341 1042 369 1089 te
384 1033 417 1091 ad
432 1034 574 1091 dicendum
589 1034 707 1105 dedisse,
724 1041 755 1089 ut
768 1035 811 1089 ins
827 1034 905 1091 ciuile
916 1044 1114 1094 contemneres.

211 1118 253 1175 M.
276 1118 305 1173 ln
321 1118 433 1191 longum
454 1134 608 1176 sermonem
622 1134 666 1173 me
682 1134 774 1188 uocas,
793 1119 892 1189 Attice,
913 1135 994 1192 quem
1015 1128 1115 1192 tamen,

148 1204 201 1259 uisi
216 1201 332 1269 Quintus
348 1201 421 1258 aliud
435 1202 500 1276 quid
515 1217 566 1259 nos
582 1217 663 1275 agere
677 1201 795 1273 mauult,
817 1204 961 1277 suscipiam
982 1211 1026 1274 et,
1048 1220 1116 1277 quo·

148 1287 222 1342 niam
238 1286 316 1342 uacui
331 1302 435 1355 sumus,
451 1285 547 1342 dicam.

217 1370 250 1437 Q.
268 1368 324 1443 Ego
339 1386 406 1427 uero
421 1369 537 1426 libenter
552 1369 696 1438 audierim3
712 1370 776 1444 qnid
789 1370 860 1427 euim
872 1387 948 1444 agam
964 1372 1057 1444 potius
1069 1381 1115 1428 aut

149 1454 179 1509 in
195 1469 251 1527 quo
266 1453 358 1509 mebus
373 1454 447 1510 hunc
462 1469 617 1509 consumam
632 1453 721 1509 diem?

212 1534 257 1595 14.
278 1536 319 1593 M.
342 1536 412 1605 Quin
432 1538 518 1611 igitur
533 1535 566 1591 ad
585 1537 631 1593 illa
650 1538 737 1611 spatia
756 1545 851 1593 nostra
870 1536 1005 1612 sedesque
1024 1540 1116 1612 pergi·

147 1638 225 1692 mus,
246 1619 309 1693 ubi,
330 1638 390 1677 cum
411 1622 476 1677 satis
491 1623 544 1677 erit
558 1620 737 1693 ambulatum,
753 1622 970 1695 requiescemus3
985 1637 1036 1678 nec
1050 1638 1116 1696 pro·

147 1706 221 1763 lecto
238 1703 318 1761 uobis
333 1704 476 1762 delectatio
492 1705 578 1761 deerit
592 1704 664 1760 alind
677 1722 712 1771 er
728 1705 780 1761 alio
797 1705 998 1781 quaerentibus.

210 1790 252 1846 A.
276 1787 331 1844 Nos
352 1804 417 1845 uero
441 1797 469 1845 et
484 1788 533 1847 bac
549 1788 657 1862 quidem
673 1788 705 1843 ad
720 1788 808 1845 Lirem
823 1791 845 1845 si
860 1790 948 1863 placet
963 1806 1013 1864 per
1027 1792 1113 1865 ripam

147 1882 175 1931 et
194 1872 326 1930 umbram.
356 1872 405 1929 sed
425 1874 477 1928 iam
498 1873 588 1929 ordire
606 1873 754 1946 explicare,
775 1890 888 1947 quaeso,
909 1872 942 1929 de
962 1876 1021 1931 iure
1041 1875 1114 1931 ciuili

149 1957 213 2031 quid
228 1958 339 2015 sentias

212 2040 252 2098 Μ.
274 2039 387 2120 Egone?
409 2056 530 2097 summos
550 2040 655 2097 luisse'
647 2056 676 2095 ιιι
690 2042 801 2097 ciuitate
816 2049 910 2096 nostra
925 2042 1008 2113 uiros,
1024 2043 1072 2115 qui
1087 2042 1114 2097 id

147 2123 320 2198 interpretari
333 2124 436 2221 populo
457 2132 484 2181 et
505 2126 688 2198 responsitare
702 2125 777 2180 soliti
797 2126 863 2195 sint,
884 2123 932 2180 sed
954 2141 1001 2180 eos
1017 2142 1114 2198 magna

148 2208 312 2283 professos
304 2224 333 2263 ιιι
346 2210 438 2283 paruis
449 2224 509 2265 esse
519 2216 653 2267 uersatos
679 2208 744 2280 quid
757 2208 827 2262 enim
840 2216 883 2262 est
895 2214 1010 2278 tantum,
1029 2225 1113 2280 quan·

148 2302 206 2349 tum
220 2295 264 2349 ius
279 2293 413 2349 ciuitatis?
441 2292 506 2365 quid
527 2300 616 2348 autem
636 2299 691 2346 tam
707 2292 845 2364 exiguum,
861 2306 941 2364 qnam
957 2298 1000 2345 est
1014 2306 1111 2347 munus

147 2378 200 2434 boc
215 2392 322 2449 eorum,
337 2378 384 2449 qui
398 2376 597 2433 consuluntur?
620 2391 782 2449 quamquam
804 2382 846 2430 est
865 2373 969 2448 populo
989 2390 1113 2431 necessa·

147 2463 227 2517 rium.
257 2477 308 2518 nec
322 2475 390 2517 uero
405 2476 465 2532 eos,
480 2462 527 2533 qui
542 2462 567 2515 ei
581 2461 686 2515 muneri
701 2458 887 2532 praefuerunt,
908 2458 1031 2514 uniuersi
1046 2461 1112 2515 imis

148 2541 233 2600 luisse
253 2545 372 2619 expertis
386 2546 527 2615 existimo,
548 2543 597 2599 sed
616 2544 669 2600 boc
687 2543 769 2599 ciuile
790 2543 863 2618 qnod
884 2550 984 2599 uocant
999 2552 1112 2600 eatenus

147 2635 337 2700 exercuerunt,
359 2627 450 2702 quoad
467 2627 571 2702 populo
592 2636 729 2701 praestare
748 2620 815 2698 (se)¹
835 2627 998 2696 uoluerunt3
1018 2627 1046 2683 id
1066 2644 1112 2684 au·

146 2722 202 2769 tem
223 2713 251 2769 in
272 2713 429 2786 cognitione
450 2720 531 2769 tenue
552 2718 604 2783 est,
625 2713 653 2767 in
673 2727 726 2767 usu
745 2712 938 2768 necessarium.
974 2727 1054 2784 quam
1077 2710 1112 2767 ob

144 2812 204 2854 rem
226 2811 281 2870 quo
301 2812 344 2853 me
363 2796 464 2853 uocas?
485 2802 533 2853 aut
553 2794 618 2869 quid
635 2795 771 2851 hortaris?
794 2804 826 2851 ut
846 2794 952 2852 libellos
973 2794 1113 2851 conficiam

145 2880 179 2936 de
199 2880 401 2937 stillicidiorum
418 2896 450 2937 ac
469 2880 502 2936 de
522 2882 655 2953 parietum
670 2880 747 2935 iure‘l
769 2896 802 2934 au
817 2887 849 2935 ut
862 2877 1069 2951 stipulationum
1084 2888 1113 2936 et

144 2964 308 3021 iudiciorum
329 2962 460 3020 formulas
482 2964 651 3039 conponam?
673 2978 742 3037 quae
764 2972 792 3018 et
809 2964 965 3035 conscripta
984 2979 999 3017 a
1019 2962 1111 3019 multis

145 3057 210 3104 sunt
230 3048 377 3121 diligenter
398 3056 426 3105 et
440 3055 505 3104 sunt
519 3047 662 3103 humiliora
678 3063 757 3121 quam
771 3047 832 3120 illa,
854 3062 923 3121 quae
943 3047 1051 3104 anobis
1066 3065 1112 3103 er·

144 3134 248 3205 pectarl
264 3139 342 3205 puto.

208 3216 240 3275 V.
262 3212 307 3274 15.
327 3217 363 3273 A.
386 3211 478 3289 Atqui,
496 3218 519 3271 si
534 3231 656 3289 quaeres,
674 3230 726 3288 ego
742 3214 967 3288 quiderpectem,
983 3178 1112 3287 qnoniam

143 3302 276 3374 scriptum
297 3308 341 3357 est
360 3316 376 3355 a
396 3308 424 3357 te
444 3300 478 3357 de
501 3300 604 3374 optimo
625 3301 665 3355 rei
686 3297 808 3372 publicae
828 3305 920 3368 statu,
940 3313 1112 3371 consequens

142 3400 205 3440 esse
229 3384 348 3457 uidetur,
369 3392 401 3441 ut
421 3384 524 3442 scribas
539 3392 571 3439 tu
595 3382 665 3440 idem
681 3383 714 3438 de
729 3382 850 3457 legibus:
873 3381 913 3435 sic
928 3381 999 3434 enim
1014 3381 1112 3439 iecisse

218 3564 236 3633 ¹)
256 3582 283 3616 se
297 3566 398 3617 addidi.
