2542 3909
493 202 521 237 rt.
538 200 669 238 rumve
685 200 793 237 suosve.
1061 192 1124 251 133

156 319 216 373 vol.
236 318 300 376 1111
317 336 346 387 p.
364 323 414 372 26⁸1
436 334 495 387 seq.
514 318 665 372 ‘Notarurn
686 318 816 373 laterculi
839 317 941 372 edente
963 316 1016 372 Th.
1036 317 1124 373 llom·

157 394 249 450 seuo’,
268 386 299 438 in
316 386 419 453 quibus
435 385 544 439 Probus
562 388 660 439 noster
681 402 746 439 oum
766 385 924 455 prinoipem
941 384 1035 439 locum
1051 384 1125 440 obti-

156 454 230 507 neat
246 454 278 505 et
292 452 417 521 plurium
431 454 460 506 et
475 453 567 506 multo
583 453 741 517 meliorum,
754 468 841 521 quern
858 454 952 519 autes,
970 470 1035 509 mss.
1049 453 1124 507 eodi-

157 536 226 574 cum
244 536 298 588 ope
321 520 427 584 editus,
450 536 508 572 nou
530 520 667 588 estquod
684 519 787 585 dicem,
810 534 886 573 nova
906 520 977 573 haec
1000 520 1126 575 subsidio

159 588 250 641 etiam
268 602 285 639 a
301 602 347 639 me
364 587 395 639 in
411 588 522 639 iteratis
543 588 617 641 curis
639 587 732 641 Probo
753 586 888 656 impensis
909 586 1037 642 adhibite
1053 602 1124 643 esse.

157 656 174 708 I
225 670 262 707 ue
278 668 392 721 prorsus
409 655 591 707 retractatam
613 654 717 722 accipis
733 653 819 707 Probi
836 653 1001 715 editionem,
1019 654 1050 707 in
1068 670 1126 724 qua

156 721 209 775 lau
230 721 271 774 ati
282 720 392 773 codices
403 721 441 773 ud
454 736 547 789 nuper
558 736 695 787 excussos,
714 727 754 775 ed.
772 722 816 789 (u-
832 722 923 789 edt'tr‘o)
940 721 976 775 ud
987 720 1126 776 llumseni

157 804 266 842 novam
282 788 427 841 referendi
437 790 510 841 suut
545 788 677 842 Ceterum
688 790 719 842 in
730 788 781 854 his,
800 802 872 856 quae
890 792 976 842 entes
992 789 1126 843 exbibete·

158 872 267 921 ninus,
284 870 342 908 nou
360 853 514 908 admodum
525 855 617 908 multa
627 854 765 909 mutanda
775 855 898 909 fuerunt.
922 856 1047 909 Accessit
1058 871 1125 910 vero

158 923 206 976 his
220 923 404 991 augmentum
416 937 469 975 nee
481 922 590 975 ambitu
602 922 735 992 exiguum
747 922 778 975 et
788 937 820 976 er
859 923 955 975 meuto
966 922 1070 986 nobile,
1082 924 1125 977 iu-

159 990 298 1059 signitum
309 989 339 1041 iu
356 989 410 1042 hac
425 1004 502 1041 nova
519 988 644 1042 editione
660 1005 737 1042 num.
756 994 794 1051 6.,
832 1004 847 1041 e
866 1004 921 1056 quo
938 1004 1013 1042 nunc
1030 988 1126 1057 ulique

106 1055 320 1126 [stlpraefande
337 1056 409 1113 sunt.
445 1055 535 1109 Citius
552 1056 643 1116 enim,
666 1070 750 1122 quam
768 1061 997 1123 exspectaveram
1014 1055 1074 1121 rel,
1093 1058 1127 1111 ut

159 1124 257 1178 verius
274 1123 375 1182 dicam,
387 1125 503 1191 praeter
513 1138 594 1191 spem
606 1121 802 1176 confirmatum
814 1123 858 1176 est
873 1121 902 1175 id
915 1122 991 1190 quod
1002 1122 1032 1175 in
1043 1138 1125 1191 supe·

157 1192 236 1244 riore
281 1190 437 1243 raelatione
463 1189 499 1243 de
522 1189 621 1243 avulso
643 1190 673 1243 et
696 1189 808 1257 perdita
834 1190 961 1243 extrema
982 1188 1127 1244 Valeriani

159 1274 248 1327 opusc
281 1258 288 1268 '
305 1258 386 1325 parte
403 1256 587 1320 comederam,
605 1271 663 1323 qua
678 1258 763 1309 notae
781 1272 816 1309 ex
833 1256 913 1309 ‘iuris
928 1256 1018 1310 civilis
1035 1256 1125 1310 libris’

158 1324 270 1395 petitae
282 1324 502 1400 comprehensae
513 1323 628 1376 fuerint
660 1322 775 1377 Scilicet
784 1322 814 1376 in
826 1324 996 1377 membranis
1007 1340 1026 1378 a
1036 1323 1125 1378 biorn-

159 1407 230 1445 seno
242 1391 376 1444 adbibitrs
393 1393 437 1445 est
454 1390 544 1444 codex
561 1388 752 1456 Einsidlensis‚
770 1389 877 1444 saeculi
893 1390 927 1455 X,
946 1391 1124 1459 alphabetico

160 1458 261 1513 ordine
278 1457 404 1527 digestus
421 1459 452 1511 et
473 1458 569 1511 cetera
591 1456 706 1524 quidem
724 1473 742 1512 a
758 1456 897 1527 Papiae,
921 1473 995 1525 quse
1013 1457 1124 1525 dicitur,

157 1528 292 1579 notarum
309 1524 420 1593 sylloge
436 1540 493 1578 uon
509 1524 651 1589 diversus,
670 1523 720 1578 sed
738 1525 906 1593 quibusdem
924 1524 1125 1579 additamentis

159 1592 293 1663 insignis,
314 1607 387 1660 quse
409 1591 546 1660 pleruque
569 1608 604 1645 ex
626 1591 718 1645 Probo
744 1591 866 1661 genuino
890 1591 983 1660 petita
1004 1608 1077 1657 esse,
1096 1593 1126 1648 et

158 1661 170 1713 i
190 1660 333 1713 seherum
344 1660 475 1712 notarum
486 1658 600 1711 babitus
617 1660 648 1712 et
657 1659 687 1711 in
699 1658 756 1711 fine
774 1658 930 1712 subiectum
964 1659 1126 1713 rueletionis

183 1726 319 1781 robianae
332 1724 479 1779 exordium
490 1724 666 1779 Momsenum
678 1725 782 1779 docuit.
811 1725 848 1779 Et
857 1741 930 1794 quae
952 1742 998 1779 eru
1010 1726 1125 1793 quidem

158 1794 262 1847 harum
277 1795 409 1847 notarum
432 1794 605 1847 conveniunt
626 1809 691 1856 eum
713 1792 764 1857 bis,
784 1808 854 1870 quas
875 1792 931 1847 iam
947 1808 1124 1862 noveramus,

158 1862 195 1914 ut
209 1860 322 1913 tantum
334 1859 518 1913 emendandis
534 1860 569 1913 iis
579 1860 715 1914 inservire
727 1862 851 1927 possint3
870 1859 942 1913 eliae
954 1874 1022 1913 vero
1034 1876 1125 1915 novae

160 1929 235 1983 sunt.
269 1926 329 1981 Hes
346 1925 507 1981 Momsenus
551 1972 556 1983 .
576 1932 626 1979 tto
644 1942 701 1991 seq,
719 1926 812 1980 soluto
830 1924 928 1980 ordine
946 1926 1125 1994 elphebetioo

159 1994 493 2129 ers
510 1943 747 2129 trater
754 1992 1124 2128 resistentites

417 2099 424 2113 ⁸
717 2100 724 2125 ι

160 2101 345 2192 ιιοιιιίιι,
365 2101 505 2195 quaterni
533 2128 617 2181 noes
640 2127 723 2180 mee
748 2126 884 2181 locandae
912 2128 1000 2185 erant.
1039 2128 1125 2181 nolui

159 2197 257 2250 temen
284 2195 315 2248 in
338 2210 368 2248 re
390 2196 450 2247 tam
471 2194 539 2248 exili
561 2195 597 2247 ab
620 2194 722 2247 ordine
745 2192 833 2246 semel
854 2194 960 2247 statuto
983 2193 1123 2261 recedere,

159 2265 283 2315 maxime
301 2278 365 2316 oum
381 2264 419 2324 ie,
437 2276 493 2329 quo
510 2260 618 2315 Probus
636 2277 703 2315 usus
725 2260 779 2320 est,
807 2260 919 2313 restitui
939 2258 1017 2313 nullo
1040 2261 1124 2315 modo

159 2329 259 2398 possit
294 2329 367 2382 Nam
384 2329 495 2383 etiamsi
506 2344 651 2448 ponemus,
663 2329 755 2397 ipsum
770 2326 893 2391 Probum
904 2327 978 2381 bano
995 2329 1125 2383 notarum

180 2398 272 2451 artem
289 2395 443 2451 secundum
460 2397 508 2463 alp
529 2396 646 2449 abetum
663 2395 814 2455 ordinasse.
835 2396 911 2449 certe
928 2394 953 2448 is
971 2396 1039 2449 ordo
1052 2395 1124 2451 elius

159 2414 223 2527 int,
241 2480 274 2517 ac
292 2477 348 2531 quo
366 2479 433 2516 usus
451 2462 559 2516 estseri
579 2466 625 2515 tor
642 2462 703 2516 cod.
717 2460 901 2517 Einridlensis
913 2462 1009 2517 eiusve
1028 2463 1124 2518 erohe-

158 2530 336 2651 viimssum
354 2529 429 2582 enim
447 2545 552 2598 appare
582 2544 640 2583 nou
652 2530 764 2582 tentum
782 2530 929 2583 continues
939 2530 1028 2598 ipsius
1040 2531 1124 2586 Probi

158 2613 197 2651 no
263 2615 291 2650 m
302 2596 436 2650 formulas
453 2612 504 2665 pro
517 2596 634 2649 arbitrio
651 2595 682 2650 in
694 2596 853 2665 complures
871 2595 1058 2665 discerpsisse,
1072 2599 1122 2652 sed

160 2664 248 2719 etiam
265 2680 301 2717 ex
318 2663 426 2728 eedem,
444 2680 501 2717 une
518 2663 643 2717 alterave
659 2664 771 2718 tentum
783 2663 880 2717 littera
899 2664 1007 2727 omissa,
1026 2665 1122 2734 plures

159 2731 269 2796 fecisse,
287 2730 368 2784 velut
384 2736 451 2784 Dolo
472 2734 511 2784 Ve
529 2734 602 2785 Meto
622 2733 676 2785 tuo
700 2731 730 2784 et
745 2736 812 2785 Doto
835 2736 872 2785 Ve
891 2735 973 2798 Mate,
991 2736 1124 2787 Familiam

162 2803 320 2852 Testamenti
336 2802 421 2851 Oresa
438 2799 469 2851 et
492 2802 648 2851 Testamenti
670 2802 766 2864 Carasa,
785 2800 815 2851 et
832 2797 968 2866 quasdem
990 2799 1124 2854 formulas

160 2866 232 2919 adeo
248 2864 401 2931 mutilemus,
419 2865 452 2917 ut
468 2881 550 2919 sensu
568 2866 691 2928 careant,
708 2863 788 2919 velut
800 2869 872 2919 Malo
888 2869 941 2922 Teo
958 2870 1061 2921 Pactam
1075 2872 1124 2922 Est

160 2938 294 2987 Possessio
312 2938 383 2986 Data
399 2935 460 2997 Est,
477 2936 560 2986 Rebus
577 2935 656 2986 Recte
673 2936 815 2989 Praestare.

226 2999 301 3064 Dixi,
317 2998 369 3052 hes
385 3014 473 3053 novas
491 3000 571 3053 notas
584 3014 618 3051 ex
635 3005 700 3052 turis
722 3004 804 3052 ciuilis
822 3004 895 3053 tibris
912 3001 1039 3068 sumptas
1056 3016 1122 3056 esse.

159 3066 240 3132 Quod
269 3067 393 3134 probant
418 3066 541 3134 exempli
562 3064 657 3143 gratie
679 3066 816 3120 eiusmodi
838 3068 921 3121 notae
949 3070 1016 3121 Mitt
1036 3072 1123 3121 Heres

158 3138 229 3198 Erit,
247 3135 432 3197 HeredemQte
445 3137 529 3186 Meum
546 3132 708 3201 similesque
726 3134 903 3187 testamentis
914 3133 959 3187 vel
972 3134 1121 3187 contracti-

132 3224 135 3229 ·
158 3201 211 3253 bus
227 3199 370 3277 propriae,
388 3199 490 3267 quibus
508 3214 560 3253 neo
577 3200 607 3252 in
624 3199 743 3269 legibus,
760 3216 812 3254 nec
829 3201 858 3254 in
876 3200 948 3270 legis
965 3200 1122 3254 actionibus

158 3283 210 3321 nec
228 3284 257 3319 m
275 3267 374 3321 edictis
395 3266 541 3335 perpetuis
562 3266 639 3319 loeus
664 3268 732 3320 erat.
768 3267 828 3321 Neo
849 3267 914 3320 huic
937 3266 1122 3320 adversantur

158 3334 265 3388 multae
283 3334 369 3400 eliae,
391 3349 464 3401 quae
476 3349 661 3454 'fluengueml
673 3334 796 3419 primum
817 3335 848 3387 in
870 3333 942 3403 legis
965 3333 1122 3388 actionibus

157 3401 354 3532 tttl'tttft
363 3401 1122 3536 litte?etedbttt‘tllt‘ttltttrtd
