2542 3909
163 179 228 245 392
439 194 498 233 orn
515 194 607 231 nrm
626 176 673 230 lv.
690 181 838 231 uec-me

89 326 151 375 235
161 324 225 387 184.
245 369 252 383 .
266 368 273 384 .
287 365 294 382 .
308 366 315 381 .
329 329 359 383 in
374 316 536 443 intenptione
551 322 681 380 formulae
695 321 764 379 ’tle
756 338 819 379 rure
836 326 998 396 quaeritur,
1009 322 1035 378 id
1048 314 1120 394 est,¹

137 388 207 469 cui
221 410 290 467 ’clari
304 417 449 483 oporteat;
480 417 507 464 et
522 424 586 464 sane
601 407 711 463 domino
727 406 786 463 dari
800 414 921 480 oportet,
934 406 1007 480 quod
1018 423 1121 463 seruus

99 481 107 494 ’
161 494 324 568 stipulatum
350 493 404 551 at'
397 508 424 549 m
444 493 656 567 praescriptione
681 490 714 546 de
737 484 840 563 ’ίαοῑο3
861 490 1015 562 quaeritur,
1042 490 1121 563 quod

162 576 309 635 secuudum
328 576 478 633 naturalem
494 574 718 649 significationem
736 591 830 631 uerum
848 591 909 630 esse
920 573 1011 631 debet.
1049 571 1121 632 135.

162 661 349 734 Quaecumque
364 667 453 716 nutem
469 659 583 715 diximus
594 658 628 715 de
640 660 735 730 seruis,
749 658 840 714 eadem
852 658 884 714 de
897 659 993 715 ceteris
1006 674 1123 732 quoque
1255 685 1261 728 p

161 747 294 821 personis,
311 762 379 820 quae
395 752 490 801 nostro
505 744 557 800 iuri
572 742 710 799 subiectae
725 749 804 812 sunt,
828 741 899 798 dicta
913 740 1121 816 intellegemus.

162 825 226 889 136.
250 830 315 887 ltem
331 827 492 886 admonendi
507 843 617 896 sumus,
631 827 655 881 si
670 842 730 882 cum
748 826 805 898 ipso
821 841 946 898 agamus,
968 827 1015 900 qui
1029 826 1122 881 incer·

161 923 218 972 turn
234 914 403 988 promiserit,
422 914 459 967 ita
474 909 552 967 nobis
567 909 710 965 iormulam
725 925 785 965 esse
801 910 980 983 propositam,
995 916 1026 965 ut
1040 924 1123 982 prae·

162 1048 375 1061 w

161 1128 260 1185 scebat,
284 1142 318 1176 an
337 1125 477 1175 hereditati
494 1123 689 1188 praeiudicium
708 1123 796 1185 fieret,
820 1122 890 1186 quod
910 1122 936 1172 si
954 1124 1121 1186 pronuncia·

162 1205 249 1255 uerat,
268 1198 393 1245 iudicium
412 1196 443 1245 de
461 1196 572 1259 ninpulis
590 1193 773 1255 recaeperitis
795 1194 892 1243 nultum
909 1199 981 1255 mat,
1000 1194 1121 1257 ideoque,

159 1271 236 1332 finita
246 1268 278 1317 de
286 1266 429 1315 hereditate
439 1266 595 1328 quaestione,
610 1271 693 1322 actor,
703 1264 748 1327 qni
757 1263 869 1321 uicerat,
883 1263 967 1313 denuo
976 1278 1022 1313 eas
1027 1270 1121 1327 petere

158 1343 270 1402 poterat.
300 1334 374 1387 Nunc
388 1350 451 1384 uero
465 1350 521 1384 oum
531 1336 558 1383 in
571 1336 681 1397 speciem
690 1334 851 1397 exceptionis
864 1333 928 1384 liaeo
939 1336 1120 1397 praescriptio

162 1408 273 1458 deducta
286 1408 333 1464 sit,
352 1406 404 1455 nisi
417 1412 492 1454 actor
506 1404 605 1454 obiecta
618 1420 650 1453 ea
666 1405 792 1453 actionem
810 1403 930 1466 differat,
948 1418 1003 1453 rem
1017 1405 1119 1468 perdit,

162 1480 223 1543 quia
237 1491 298 1527 reus
311 1476 336 1525 oi
349 1474 541 1539 praeiudicium
557 1475 619 1536 fieri
632 1472 800 1537 probauerit,
819 1474 964 1524 absoluitur
981 1481 1007 1523 et
1024 1476 1119 1524 iterum

158 1549 259 1613 petenti
272 1548 359 1596 actori
371 1551 446 1595 nocet
464 1545 582 1607 exceptio
596 1546 637 1592 rei
654 1544 793 1593 iudicatae.
813 1546 872 1594 134.
900 1544 1034 1594 Interdum
1052 1560 1119 1595 uero

162 1621 238 1668 etiam
257 1618 353 1666 nostris
371 1614 526 1678 temporibus
540 1614 718 1677 praescriptio
737 1621 789 1663 tam
802 1630 855 1678 pro
871 1621 960 1665 actam
974 1630 1050 1679 quam
1063 1631 1118 1678 pro

162 1703 207 1738 reo
222 1688 283 1736 dari
298 1686 414 1735 uidetur:
437 1685 505 1750 qaod
522 1685 632 1745 accidit,
651 1699 708 1733 cum
721 1685 753 1733 de
766 1700 797 1734 eo
811 1686 923 1749 opimus,
943 1686 1012 1750 quod
1024 1700 1118 1735 rerum

162 1758 224 1809 dari
243 1757 381 1819 stipulatus
401 1762 446 1805 est.
479 1754 554 1804 Licet
572 1756 638 1803 enim
656 1768 687 1803 eo
705 1756 805 1804 nomine
822 1755 934 1817 perinde
954 1754 1028 1805 nobis
1046 1758 1116 1805 actio

163 1834 299 1892 competat,
319 1833 394 1890 atque
413 1827 437 1875 ci
455 1826 507 1889 ipsi
524 1825 643 1887 stipulati
663 1838 784 1883 essemus,
805 1831 888 1874 tamen
908 1826 969 1890 quia
988 1841 1032 1884 ea,
1050 1840 1116 1889 quae

160 1900 310 1965 factitant,
325 1912 359 1946 ecc
365 1911 480 1960 persona
489 1896 652 1959 stipulatoris
657 1894 784 1957 pendent,
800 1897 902 1945 aelatai
910 1893 1016 1945 Stichus
1023 1910 1117 1945 ceruum

162 1984 231 2021 meus
249 1971 287 2019 ito
305 1968 443 2031 stipulatas
458 1967 507 2016 nit:
524 1973 546 2012 x
561 1972 646 2011 naara
664 1970 873 2021 arrrrnnru,
895 1972 996 2013 rrnru
1015 1972 1116 2021 ronan,

162 2046 242 2087 Dana
254 2044 394 2087 trouvent
407 2042 546 2091 spadam,-
560 2036 694 2099 utriusque
702 2034 844 2098 litigatoris
850 2035 964 2091 interest
973 2042 1001 2084 nt
1007 2038 1116 2094 sciatur

162 2111 238 2159 cuiue
251 2110 423 2171 constipulata
437 2114 540 2171 apator
560 2107 652 2170 quade
667 2120 747 2154 causa
758 2104 873 2166 formula
882 2105 962 2154 datur
971 2122 1028 2155 cum
1037 2122 1117 2170 prae-

161 2180 304 2242 scriptione
318 2181 388 2227 uelut
400 2178 449 2228 Iroc
463 2178 550 2227 modo:
568 2182 606 2223 ΕΑ
619 2182 677 2223 RES
688 2180 816 2228 AGITVR,
832 2180 907 2227 QVOD
915 2181 1121 2224 artattt'sat'tt

161 2248 266 2289 aaran
276 2247 330 2287 BER
336 2246 390 2287 Vra
404 2247 445 2287 DE
452 2245 585 2286 NVMIt'liIO
594 2242 715 2284 NEGIDIO
723 2240 903 2281 primaria
910 2243 969 2284 ΕΒΓ.
987 2244 1019 2284 a!
1024 2245 1121 2285 PARET

162 2312 184 2351 N
188 2309 324 2350 Vuanlt'at
330 2307 479 2348 NEGIDIVII
484 2306 562 2346 Atto
570 2304 678 2345 edunto
686 2304 785 2345 naam
790 2304 876 2344 ittam
884 2305 965 2345 Dana
973 2306 1120 2346 oromate

162 2373 321 2435 etreliqua:
343 2372 442 2434 itaque,
462 2371 489 2417 in
509 2366 654 2419 intenltiona
673 2364 798 2416 formulae'
814 2374 870 2416 etc..
892 2367 932 2431 Os.
951 2368 1116 2431 Zeitccilr.f.

161 2442 247 2507 pesek.
262 2440 334 2489 IiW.
353 2438 432 2488 XIII.
444 2454 472 2501 p.
487 2449 534 2489 ait.
562 2437 714 2501 Errempium
727 2439 807 2487 sumai
824 2452 859 2487 en
874 2436 907 2486 L.
922 2448 947 2489 tc
957 2452 1001 2501 pr.
1016 2446 1041 2487 et
1056 2438 1118 2488 Gaii

161 2510 195 2563 It.
210 2522 248 2561 111
259 2524 303 2573 pr.
322 2509 354 2558 1).
370 2510 402 2558 de
415 2508 483 2557 verb.
499 2507 547 2557 obl.
567 2506 611 2571 (45,
627 2507 658 2570 1).
716 2503 735 2573 ¹)
749 2507 794 2556 Etr
813 2507 840 2556 V
840 2503 874 2557 ⁸³:
892 2509 1017 2571 scriptum
1033 2509 1118 2572 fnisse

159 2588 237 2644 puto:
255 2581 306 2628 iure
324 2576 489 2644 q(uae)rit(ur)
504 2579 534 2626 ie
559 2584 635 2627 antea
652 2577 775 2627 edebatur
793 2578 985 2627 determinatum
1002 2586 1045 2627 est

165 2648 185 2715 ¹)
200 2650 257 2698 dare
272 2655 366 2712 oportet
381 2649 406 2698 0.
422 2648 488 2709 edd,
507 2648 576 2711 quod
590 2655 723 2712 utramque
735 2650 840 2712 saepias
853 2648 932 2699 tacite
945 2651 1115 2700 correximus

164 2717 186 2786 8)
201 2716 362 2769 EatSavinii
375 2721 407 2782 ej.
423 2717 534 2781 pactoC.
550 2718 607 2767 edd.

234 2787 260 2855 *)
277 2788 341 2854 Pap.
357 2796 396 2837 titt
410 2795 435 2836 et
449 2798 488 2839 286
499 2788 593 2850 folium
608 2794 645 2836 est
660 2804 711 2839 non
725 2789 887 2852 rescriptum,
901 2795 979 2839 eastra
995 2788 1021 2839 0.
1037 2788 1116 2840 Vero·

163 2874 264 2911 pensem
277 2866 417 2915 seruatum,
432 2866 457 2908 et
470 2860 522 2907 iam
536 2866 595 2907 ante
609 2874 665 2908 eum
678 2860 721 2908 det
711 2865 802 2909 tectam
815 2874 832 2907 a
843 2858 964 2922 Maffeio,
979 2859 1072 2910 deinde
1084 2858 1117 2909 ad

163 2929 300 2980 Haudoldo
316 2927 450 2994 (Zeitscltr
462 2928 484 2992 f.
497 2930 584 2994 pasch.
600 2926 672 2979 RW.
692 2928 744 2979 III.
759 2944 787 2992 p
802 2927 926 2994 tto-146)
937 2929 1062 2993 publici
1051 2932 1116 2979 ruris

160 3001 273 3067 factam,
289 3001 363 3050 cuius
373 3000 456 3065 imapo
466 3000 595 3049 delineata
605 3006 678 3050 enatat
687 3000 723 3048 ad
732 3001 826 3049 calcem
835 2998 874 3048 ed.
889 2998 979 3049 Gdselr.
1002 3001 1117 3051 Posteri·

163 3073 219 3122 aris
228 3087 292 3137 pap.
308 3070 443 3136 inopinem
452 3070 686 3135 piotopraplricam
695 3069 805 3133 praebet
818 3069 858 3120 ed.
872 3066 946 3121 Stud.

233 3224 277 3297 ἐξ.
294 3231 353 3280 tat.
369 3230 428 3280 tat.
450 3227 487 3290 Cf.
503 3230 527 3290 §-
541 3239 562 3278 s.
582 3227 603 3277 I.
623 3229 655 3278 de
667 3229 728 3291 stip.
742 3243 809 3277 seru.
823 3226 855 3294 (a,
870 3226 914 3295 tr).
936 3226 968 3279 L.
985 3240 1012 3280 'tt
1021 3245 1066 3293 pr.
1084 3228 1115 3277 L.

164 3311 202 3351 ut
210 3315 253 3361 pr.
272 3299 304 3347 D.
320 3300 352 3349 de
361 3299 429 3349 verb.
440 3298 488 3349 obt.
504 3296 589 3364 (11.1).
608 3298 640 3347 L.
649 3311 676 3350 14
685 3314 729 3362 pr.
749 3298 781 3346 D.
792 3298 824 3347 de
833 3298 908 3349 cond.
923 3297 1115 3364 etdem.(at,1).

198 3364 242 3437 ἓξ.
259 3371 318 3419 136.
335 3370 394 3419 131.
415 3368 453 3431 07¹.
470 3365 575 3418 ‘Gaius'
587 3384 615 3431 p.
631 3380 657 3419 ‘tt
671 3382 732 3432 aeq,
747 3366 791 3416 ubi
804 3374 887 3418 tamen
898 3382 949 3431 per
963 3382 1079 3419 errorem
1091 3369 1116 3416 in

163 3440 279 3501 exemplo
296 3439 425 3501 formatae
446 3444 542 3488 certam
561 3439 726 3487 intentionem
740 3451 792 3500 pro
811 3438 912 3487 incerta
928 3439 1014 3501 posui.
1041 3452 1116 3487 nono

160 3509 242 3558 'cvivs
257 3504 317 3574 eta]
340 3513 367 3557 ut
381 3508 429 3557 lroc
448 3508 521 3557 modo
536 3506 577 3565 id,
597 3509 672 3555 cuius
689 3508 731 3555 rei
744 3506 801 3556 diet
814 3514 884 3571 erat,
903 3509 978 3571 quari
995 3512 1116 3571 separata

210 3750 337 3865 R
