2542 3909
458 177 519 215 ean
537 181 633 220 anema.
649 163 674 216 1.
695 169 804 218 14-19.
1051 167 1113 230 175

129 340 238 381 noxam
268 325 392 397 quaestio
415 326 560 381 tormentis
583 322 673 379 habita
701 325 751 394 sit,
782 333 810 379 et
832 325 859 379 in
882 340 915 380 ea
936 340 1007 380 noxa
1028 323 1113 380 luisse

130 410 259 467 conuicti
275 412 340 480 sint,
358 409 449 482 'quiue
464 401 522 488 (ut)
539 401 603 464 aut¹
621 408 695 464 lerro
718 416 765 463 aut
780 425 840 465 cum
863 408 958 466 bestiis
973 410 1113 484 depugna·

130 501 213 566 rent,
232 493 323 549 traditi
338 495 403 564 sint,
425 496 489 550 inue
504 494 598 550 ludum
613 493 801 550 custodiamue
817 495 933 552 coniecti
949 494 1064 567 luerint,
1085 501 1114 550 et

130 587 237 654 postea
247 577 293 634 uel
305 580 337 635 ab
350 581 446 635 eodem
459 579 569 635 domino
582 577 626 634 uel
639 577 672 634 alr
680 576 732 634 alio
741 581 908 650 manumissi,
920 579 1042 636 eiusdem
1049 595 1114 635 con·

133 665 256 720 dicionis
269 661 346 719 liberi
363 661 444 735 fiant,
463 665 540 720 cuius
552 662 721 720 condicionis
736 673 801 719 sunt
815 658 968 738 peregrini²
983 663 1112 721 dediticii.

204 749 236 804 V.
280 758 314 807 De
343 760 477 823 peregrinis
506 759 637 808 dediticiis.
680 745 726 806 14.
751 749 890 805 vocamur
917 757 1006 805 aulem
1034 763 1114 822 pere·

134 833 213 908 grini
233 832 353 890 dediticii
379 835 422 905 hi,
447 836 494 908 qui
515 834 652 908 quondam
668 833 800 889 aduersus
814 833 947 906 populum
963 833 1113 890 Romanum

135 920 222 974 armis
243 921 380 992 susceptis
401 927 595 993 pugnauerunt
609 917 648 974 'et
670 917 767 974 deinde
788 910 873 973 uicti³
893 934 923 972 se
938 916 1111 974 dediderunt.

133 999 183 1060 16.
200 1001 287 1058 liuius
304 1020 371 1077 ergo
390 1003 564 1077 turpitudinis
580 1018 678 1058 seruos
695 1018 867 1075 quocumque
879 1001 962 1057 modo
978 1009 1005 1056 et
1020 1004 1112 1057 cuius·

136 1103 258 1160 cumque
270 1090 367 1145 aetatis
378 1089 569 1159 manumissos,
585 1088 636 1143 etsi
648 1087 731 1160 pleno
743 1088 803 1142 iure
815 1086 987 1143 dominorum
999 1084 1113 1158 inerint,

135 1189 287 1246 numquam
310 1181 357 1230 aut
379 1175 454 1230 ciues
468 1173 604 1229 Romanos
627 1180 675 1227 aut
696 1170 807 1228 Latinos
829 1169 889 1228 fieri
911 1170 1043 1242 dicemus,
1064 1169 1113 1226 sed

139 1257 298 1315 omnimodo
315 1257 503 1314 dediticiorum
519 1273 632 1313 numero
651 1258 782 1314 constitui
797 1257 999 1331 intellegemus.

74 1354 128 1410 {rot}
204 1338 250 1400 16.
274 1341 302 1398 Si
318 1359 385 1398 uero
402 1343 429 1398 in
445 1343 518 1399 nulla
534 1342 580 1398 tali
597 1341 767 1416 turpitudine
783 1343 819 1398 sit
834 1358 941 1414 seruus,
962 1341 1112 1397 manumis-

139 1445 201 1485 sum
223 1426 306 1484 modo
329 1429 417 1484 ciuem
440 1427 605 1499 Romanum,
633 1427 715 1484 modo
738 1425 863 1483 Latinum
889 1425 948 1482 lieri
971 1418 1112 1502 dicelmus.
1125 1433 1150 1481 4.

139 1509 185 1572 17.
207 1513 271 1569 Nam
288 1514 315 1568 in
331 1513 408 1568 cuius
424 1529 541 1586 persona
564 1514 616 1569 tria
638 1513 707 1569 haee
728 1519 906 1582 concurrunt,
929 1519 960 1566 ut
975 1512 1061 1566 maior
1076 1511 1113 1565 sit

139 1614 273 1655 annorum
294 1597 419 1671 triginta,
442 1604 470 1653 et
492 1615 524 1652 ex
547 1599 606 1653 iure
629 1596 773 1665 Quiritium
797 1596 916 1666 domini,
939 1604 967 1651 et
989 1597 1060 1651 iusta
1083 1611 1113 1651 ac

139 1684 262 1758 legitima
286 1683 498 1738 manumissione
514 1680 654 1754 liberetur,
672 1682 698 1738 id
714 1691 756 1738 est
771 1681 891 1738 uindicta
908 1688 955 1736 aut
966 1697 1050 1737 censu
1066 1687 1114 1736 aut

141 1775 317 1840 testamento,
338 1767 361 1822 is
382 1767 449 1824 ciuis
463 1768 600 1824 Romanus
622 1764 669 1838 fit3
693 1769 734 1823 sin
750 1783 817 1824 uero
833 1765 935 1840 aliquid
951 1781 1046 1822 eorum
1067 1764 1113 1820 de-

140 1855 210 1926 erit,
226 1853 338 1910 Latinus
354 1854 416 1915 erit,

203 1938 235 1996 V.
270 1948 305 1997 De
339 1946 540 1998 manumissione⁴
571 1949 610 1998 uel
644 1964 732 1999 causae
765 1949 915 2011 probatione.
960 1934 1006 1994 18.
1035 1932 1112 2001 Quod

141 2031 231 2080 autem
260 2023 294 2080 dc
322 2032 411 2080 aetate
434 2026 508 2080 serui
529 2021 696 2096 requiritur,
724 2024 786 2096 lege
809 2022 882 2078 delia
905 2023 997 2078 Sentia
1026 2022 1112 2077 intro·

141 2108 252 2165 ductum
275 2116 326 2167 est.
363 2126 422 2164 nam
439 2125 468 2165 ea
491 2109 533 2164 len
552 2109 671 2163 minores
692 2126 756 2166 xxx
783 2123 917 2162 annorum
939 2122 1036 2162 seruos
1056 2120 1112 2161 non

141 2193 219 2249 aliter
232 2193 322 2250 uoluit
337 2195 518 2250 manumissos
528 2193 601 2250 ciues
613 2190 749 2249 Romanos
764 2187 834 2260 fieri,
850 2206 930 2263 quem
947 2191 970 2245 si
984 2187 1113 2262 uindicta,

143 2277 212 2352 apud
227 2279 371 2334 consilium
391 2281 463 2334 iusta
478 2294 560 2334 causa
576 2277 795 2333 manumissionis
816 2273 982 2348 adprobata,
1006 2272 1112 2329 liberati

143 2362 254 2420 luerint.
297 2360 343 2421 te.
367 2363 440 2420 Iusta
460 2372 550 2420 autem
571 2379 652 2421 causa
673 2361 893 2417 manumissionis
914 2367 957 2415 est
978 2357 1064 2414 ueluti
1090 2359 1114 2413 si

145 2449 203 2521 quis
228 2445 313 2504 lilium
338 2446 456 2504 filiamue
483 2457 530 2505 aut
555 2447 666 2504 fratrem
693 2462 853 2503 sororemue
875 2444 1044 2517 naturalem,
1067 2450 1114 2499 aut

216 2613 238 2685 ¹)
252 2618 340 2682 quique
356 2623 396 2666 aut
412 2616 436 2668 Ο.
451 2619 539 2683 quique
554 2625 579 2667 ut
589 2618 646 2671 edd.
657 2618 730 2683 quiue
746 2625 774 2666 nt
783 2634 818 2667 ex
830 2616 936 2668 Goescd.
946 2618 978 2679 qj.
988 2615 1028 2664 ed.
1038 2612 1113 2663 Stud.

146 2683 166 2754 ¹)
185 2687 272 2738 Erant
286 2691 352 2739 enim
366 2689 443 2738 etiam
463 2691 567 2755 qnidam
582 2692 652 2740 eines
670 2690 799 2750 dediticii,
819 2691 887 2738 velut
906 2689 966 2738 olim
983 2685 1114 2749 Campani.

56 2755 60 2765 ⁴
148 2755 169 2828 ³)
177 2759 222 2810 Sic
233 2759 363 2811 Goeselten
374 2767 399 2810 et
413 2756 466 2820 W,
476 2777 626 2826 quamquam
638 2770 662 2810 et
671 2777 763 2812 errore
769 2761 906 2824 perducto.
922 2759 1009 2808 deinde
1020 2764 1046 2806 nt
1056 2756 1114 2805 uicti

146 2838 198 2881 sunt
211 2833 244 2881 de
257 2831 363 2883 Lacino.
378 2834 410 2896 ej.
424 2833 463 2884 ed.
477 2832 525 2899 Bp.
544 2833 630 2882 deinde
648 2841 731 2883 nutem
750 2835 814 2898 (pro
829 2839 853 2881 et
868 2829 965 2898 deinde)
979 2831 1020 2880 ed.
1035 2827 1084 2894 Bp.
1095 2837 1114 2878 5.

147 2899 168 2969 4)
181 2902 256 2953 Haec
270 2904 409 2968 inscriptio
421 2904 537 2968 fortasse
547 2904 641 2969 prodit
651 2921 707 2954 eum
718 2896 1114 2969 porticulaautem(§.18init.),

147 2974 191 3025 doe
210 2977 267 3025 loeo
287 2976 314 3025 in
331 2975 356 3026 0.
375 2976 514 3039 excidisse,
535 2991 600 3041 qnae
619 2977 652 3026 de
666 2977 866 3027 manumissione
880 2974 1007 3033 vindicta,
1026 2986 1113 3029 censu,

148 3052 292 3096 testamento
314 3045 396 3096 Gaius
415 3055 442 3096 ut
465 3046 521 3111 tltp.
540 3050 563 3106 1,
585 3051 654 3096 7-9
672 3049 729 3097 sine
748 3047 826 3097 dubio
846 3048 920 3097 eirca
940 3045 1042 3094 initium
1061 3058 1115 3091 mo-

148 3120 227 3168 seriae
245 3120 375 3181 exposuit.
416 3118 453 3182 Of.
471 3121 499 3178 1,
518 3122 573 3169 126.

536 3229 543 3254 l

216 3282 239 3354 ξ.
256 3289 295 3336 14.
321 3286 358 3348 Cf.
373 3284 994 3349 E.Husc}tlce0ensnsc.Steueroerfip.1ceseq.
1031 3278 1057 3348 ξ.
1075 3283 1115 3330 16.

152 3356 335 3420 Os.§§.1r.so.
371 3352 396 3425 ς.
412 3358 452 3407 16.
469 3356 507 3420 Cf.
527 3357 572 3406 ii.
591 3356 693 3408 Basili.
713 3367 733 3408 o.
755 3369 787 3408 1³.
826 3351 850 3423 ς.
867 3358 907 3405 17.
930 3354 967 3416 Cf.
995 3351 1115 3417 tltp.1,'o.

151 3439 180 3480 ao.
194 3440 226 3478 m.
242 3441 274 3480 1o.
293 3427 325 3478 L.
341 3440 374 3480 11.
393 3427 416 3480 0.
427 3428 458 3477 de
473 3435 524 3479 aet.
539 3430 617 3492 empti
632 3427 663 3493 (4,
673 3426 718 3494 so).
756 3423 780 3496 §-
797 3429 837 3477 18.
854 3426 891 3490 Cf.
910 3425 964 3490 Uip.
980 3438 1001 3483 1,
1016 3437 1049 3474 m.
1071 3423 1115 3473 Fr.

151 3497 246 3552 Bositlt.
257 3511 289 3550 le.
306 3499 356 3550 Cic.
367 3515 419 3562 pro
429 3499 512 3549 Baldo
522 3511 543 3550 s.
558 3499 585 3550 L.
596 3512 621 3550 16
632 3504 677 3563 pi.
688 3501 721 3549 1).
735 3500 767 3550 de
777 3514 886 3549 manum.
899 3497 970 3549 vind.
982 3496 1027 3562 (ιο,
1037 3495 1067 3556 2).
1081 3495 1113 3543 L.

152 3571 221 3622 inl).
231 3571 380 3622 demonum.
392 3578 449 3621 test.
460 3569 505 3636 (40,
515 3567 547 3635 t).
571 3570 623 3632 lege
638 3572 703 3621 Aelia
716 3565 810 3637 Sentio]
826 3585 849 3619 a.
859 3580 879 3619 e.
908 3564 933 3636 §.
945 3571 985 3620 19.
1003 3569 1039 3631 Os.
1050 3568 1072 3629 ξ.
1082 3578 1116 3617 an.
