2542 3909
453 224 488 259 on
506 226 618 261 unumve
636 226 715 261 monn
734 228 763 261 11.
1049 217 1090 275 63

121 360 152 408 nt
166 353 213 407 nni
227 350 309 425 plura
328 344 475 425 (ἷιιηενα)1
490 346 589 407 fierent
603 351 723 425 lectique
738 351 831 425 plures
846 358 1044 423 sternerentur,
1065 350 1092 406 id

123 428 247 511 quoque²
258 451 294 490 ue
309 433 400 505 fieret,
416 434 477 508 lege
494 444 617 492 sanctum
633 429 701 491 est.³
734 436 780 491 illa
795 437 847 491 lam
862 434 1023 509 significatio
1038 442 1091 508 cst,

121 520 207 577 laudis
224 526 384 575 ornamenta
400 518 432 573 ad
447 527 572 575 mortuos
586 522 732 592 pertinere,
757 520 831 593 quod
847 534 1007 578 coronam
1022 522 1092 576 uir·

123 612 199 660 tute
215 612 350 677 partam
366 610 395 658 ct
410 603 444 668 ei,
461 604 507 676 qui
522 606 682 677 peperisset,
697 611 725 659 et
740 606 797 660 eius
813 606 917 677 parenti
929 606 987 661 siue
998 603 1092 660 iraude

121 706 183 744 esse
204 687 249 743 lex
270 688 418 759 inpositam
439 686 521 743 iubet.
560 702 612 761 qua
627 690 655 743 iu
671 687 733 761 lege
748 704 830 762 quom
846 696 919 744 esset
932 704 1019 744 neue
1035 704 1090 743 au·

122 788 194 829 rum
217 770 357 840 addito,
381 770 509 843 (uidete),
532 786 611 845 quam
632 772 749 827 humane
770 774 885 845 excipiat
903 772 987 827 altera
1002 771 1045 827 lex
1059 788 1091 827 er

122 848 287 931 praecepto4
326 855 410 911 altera
442 854 518 929 lege:
553 863 586 911 at
616 857 671 911 cui
704 872 788 911 auro
821 857 944 912 dentes
980 857 1091 912 iuncti

122 947 264 1008 escunt,
286 947 338 993 ast
358 940 400 993 im
417 954 487 994 cum
503 939 567 995 illo
583 939 892 1013 sepelieturetue,
914 955 951 994 se
967 938 1092 995 fraude

122 1028 208 1081 esto.
240 1032 269 1079 et
290 1022 371 1078 simul
390 1022 458 1078 illud
481 1022 614 1094 uidetota,
634 1023 707 1078 aliud
721 1021 844 1078 habitum
859 1038 920 1078 esse
935 1021 1049 1096 sepelire
1064 1030 1092 1077 et

121 1124 211 1165 urere.
242 1102 289 1163 61.
312 1106 381 1161 duae
401 1115 466 1163 sunt
486 1115 626 1185 praeterea
646 1106 723 1180 leges
743 1106 777 1162 de
797 1106 958 1179 sepulchris,
979 1120 1091 1178 quarum

122 1192 208 1248 altera
230 1192 401 1265 priuatorum
423 1190 565 1263 aedificiis,
587 1189 671 1247 altera
690 1192 756 1264 ipsis
771 1191 903 1264 sepulcris
918 1198 1010 1245 cauet:
1030 1204 1091 1244 nam

122 1275 198 1349 quod
222 1290 343 1348 rogum
366 1275 549 1331 bustumue
571 1290 698 1331 nouum
720 1283 796 1331 uetat
825 1276 972 1348 propius
994 1289 1089 1329 sexa·

123 1362 224 1433 ginta
252 1356 355 1431 podes
384 1359 474 1415 adici
502 1358 607 1415 aedes
635 1359 767 1414 alienas
796 1360 907 1415 inuito
934 1358 1090 1429 domino,

122 1442 281 1499 incendium
298 1451 406 1499 ueretur
421 1458 451 1498 ac
466 1440 525 1498 urbi
541 1437 651 1507 cauet53
667 1442 741 1516 quod
757 1451 846 1498 autem
861 1442 992 1512 iorum,
1006 1441 1034 1496 id
1049 1450 1091 1496 est

122 1525 292 1584 uestibulum
308 1526 455 1600 sepulchri,
469 1525 654 1582 bustumue
670 1543 730 1583 usu
744 1529 820 1599 capi
835 1534 921 1595 uetat,
941 1532 1036 1581 tuetur
1049 1527 1092 1580 ius

120 1610 341 1686 sepulchrorum.
377 1611 444 1667 hacc
458 1610 586 1666 habemus
600 1612 627 1666 in
642 1626 699 1683 xm,
715 1626 779 1666 sane
793 1610 941 1667 secuudum
957 1619 1086 1666 naturam.

121 1713 192 1771 quae
203 1711 300 1751 norma
311 1694 382 1767 legis
395 1703 456 1764 est;
472 1694 577 1767 reliqua
589 1702 654 1750 sunt
667 1697 696 1750 in
710 1710 797 1764 more,
812 1694 895 1750 sunus
907 1702 938 1749 ut
946 1694 1091 1763 indicatur,

120 1782 145 1837 si
168 1780 234 1855 quaid
257 1778 401 1851 ludorum,
430 1778 610 1852 dominusque
632 1779 737 1835 funeris
759 1786 853 1835 utatur
873 1794 987 1837 accenso
1010 1787 1091 1852 atque

121 1863 277 1938 lictoribus,
300 1858 347 1921 62.
370 1864 565 1919 honoratorum
581 1858 631 1937 (ut)
648 1856 790 1919 uiuorum6
805 1862 898 1919 laudea
919 1864 948 1918 in
962 1862 1092 1919 contione

122 1956 310 2005 memorentur
325 1962 428 2020 cosque
444 1948 505 2003 exin
529 1940 570 2004 et⁷
586 1956 681 2003 cantus
696 1946 730 2002 ad
746 1947 881 2004 tibicinem
896 1953 1090 2020 prosequatur,

122 2035 169 2090 cui
192 2047 291 2088 nomen
314 2031 428 2101 neniae,
458 2047 513 2105 quo
535 2032 671 2088 uocabulo
694 2032 774 2087 etiam
796 2024 973 2088 Graecorum⁸
996 2037 1091 2087 cantus

121 2116 255 2192 lugubres
269 2116 455 2176 nominantur,

186 2200 264 2259 XXV.
288 2201 322 2255 Α.
346 2199 473 2269 Gaudeo,
497 2206 590 2256 nostra
612 2200 673 2255 iura
695 2198 728 2254 ad
749 2204 873 2253 naturam
895 2197 1090 2253 accommodari

122 2287 310 2358 maiorumque
332 2285 464 2357 sapientia
485 2283 629 2341 admodum
652 2283 787 2355 delector3
812 2281 860 2337 sed
880 2280 975 2350 hecto,
997 2280 1091 2353 credo,

123 2362 262 2443 requiro”‚
278 2377 309 2425 nt
325 2370 410 2424 ceteri
425 2377 560 2441 sumptus,
575 2369 615 2425 sic
629 2369 709 2423 etiam
725 2365 933 2440 sepulchrorum
948 2364 1068 2426 modum.

189 2452 231 2511 M.
254 2452 338 2509 lteote
353 2453 484 2525 requiris:
509 2468 578 2525 quos
601 2454 673 2508 enim
690 2451 723 2507 ad
738 2458 863 2525 sumptus
877 2466 1024 2525 progressa
1039 2451 1091 2509 iam

121 2541 175 2594 ista
186 2552 232 2593 res
250 2539 293 2603 sit,
309 2539 339 2593 in
351 2536 380 2593 C.
393 2536 481 2611 Figuli
499 2534 646 2609 sepulchro
663 2536 761 2591 uidisse
775 2532 822 2610 (te)
839 2535 931 2594 credo.
957 2537 1090 2594 minimam

124 2622 193 2678 olim
206 2622 284 2677 istius
299 2622 341 2677 rei
356 2621 440 2677 luisse
454 2621 641 2695 cupiditatem,
663 2620 747 2676 multa
768 2627 860 2675 extant
874 2620 996 2693 exempla
1009 2623 1092 2679 maio·

120 2722 193 2762 rum.
223 2714 333 2762 nostrae
356 2705 465 2779 quidem
487 2705 557 2779 legis
579 2706 754 2777 interpretes,
777 2720 831 2777 quo
854 2705 942 2776 capite
963 2703 1093 2762 iubentur

124 2784 277 2865 (diocesim
299 2794 426 2865 sumptus
449 2798 477 2845 et
505 2789 594 2846 luctus
616 2781 781 2844 remoueri¹¹
804 2804 818 2842 a
841 2787 954 2846 deorum
976 2788 1091 2846 llanium

197 2988 218 3057 ¹)
232 2990 278 3040 Eo
292 2990 404 3039 oliorum
418 2990 451 3053 φ’.
466 2988 566 3039 addidi.
597 2984 760 3054 ²)ABcorr.
776 2986 839 3051 quod
854 2988 893 3036 ed.
910 2987 940 3035 V.
971 2982 1092 3052 ⁸)Verbo

123 3061 242 3125 credoque
257 3060 321 3125 quod
338 3096 432 3109 ......
444 3060 494 3121 lege
509 3067 617 3109 sanctum
632 3066 669 3108 est
683 3060 711 3108 in
725 3057 781 3108 AB
793 3066 817 3107 et
832 3058 889 3107 edd.
905 3073 956 3107 non
966 3058 1015 3108 boc
1026 3062 1091 3121 loco,

121 3134 169 3183 sed
182 3133 412 3194 transpositcpoct
425 3132 471 3180 illa
481 3131 516 3180 lex
526 3131 655 3195 inpositam
664 3130 730 3180 iubet
745 3133 874 3195 teporatur.
903 3126 925 3194 ⁴)
939 3129 975 3177 lex
990 3132 1092 3195 precipit

121 3203 148 3253 A
162 3217 191 3253 ex
205 3204 281 3268 pcipit
298 3201 324 3250 B
336 3201 372 3250 lex
390 3202 513 3266 praecepit
526 3203 565 3251 ed.
581 3200 613 3250 V.
652 3198 674 3266 ⁶)
689 3201 775 3251 acerbo
791 3207 859 3266 petat,
874 3199 909 3263 Α,
932 3200 1007 3248 acebu
1025 3209 1091 3265 pptat

121 3274 147 3323 B
159 3275 272 3324 acerbum
287 3269 378 3340 [uetat]
397 3273 436 3322 ed.
450 3273 481 3321 V.
510 3268 531 3337 ο)
553 3268 603 3321 ‘ut’
624 3272 725 3322 addidi.
746 3271 829 3321 uiuorh
845 3270 896 3322 AB
908 3270 1018 3317 uiuorum
1032 3271 1091 3321 edd.

123 3343 145 3411 ⁷)
165 3360 254 3410 easque
274 3344 321 3392 etia
340 3351 365 3393 et
378 3342 435 3392 AB
451 3358 537 3408 casque
553 3344 623 3392 etiam
640 3340 687 3410 [ct]
703 3345 742 3394 ed.
754 3343 786 3393 V.
819 3339 841 3409 ⁸)
855 3339 970 3407 gracchos
984 3338 1010 3386 B
1022 3354 1091 3400 grac·

122 3431 166 3465 cns
186 3415 213 3465 B
228 3416 301 3480 opud
318 3414 423 3465 Graecos
442 3416 481 3465 ed.
501 3416 531 3465 V.
566 3411 589 3481 ⁹)
609 3414 766 3479 recedoquiro
780 3413 806 3463 A
824 3413 912 3465 recedo
927 3409 1001 3471 phyro
1015 3409 1041 3457 B
1053 3426 1092 3461 ra·

123 3484 280 3555 [cedo]quiro
294 3486 335 3535 ed.
345 3486 376 3535 V.
412 3480 446 3551 ¹⁰)
459 3486 571 3537 Addidi.
606 3481 640 3551 11)
660 3493 768 3551 sumptus
783 3493 806 3534 et
822 3486 887 3536 lucttt
900 3492 1025 3529 remouere
1040 3481 1095 3531 ΑΒ

124 3565 243 3622 snrnptum
258 3564 282 3607 et
296 3556 385 3607 luctum
400 3570 522 3608 remouere
537 3558 578 3608 ed.
590 3555 620 3604 V.
