2542 3909
468 237 493 279 o.
512 235 609 273 ancara
627 235 769 271 samona.
1062 229 1102 285 1⁵1

139 364 234 434 luisse,
254 362 286 431 0.
302 362 547 427 Scaeuolaauctor
566 369 617 417 est.
636 390 672 401 -
689 364 769 421 duct.
791 362 857 435 epit.
878 361 913 417 de
932 363 1034 417 nomin.
1051 371 1102 421 rat.

137 457 201 522 post
215 446 303 503 Valcr.
320 445 387 501 llar.

201 552 253 614 20.
274 555 398 611 Relatum
419 556 504 611 estin
525 554 629 627 literas,
655 554 842 610 doctissimum
856 552 1012 629 pontificem
1027 553 1104 611 Scae·

137 640 229 697 uolam
244 637 407 713 disputasse,
429 640 480 695 tria
501 654 600 711 genera
615 636 714 693 tradita
729 638 854 694 deorum:
875 655 958 694 unum
976 640 1102 711 apoetis,

138 726 253 781 alterum
268 740 283 778 a
297 722 479 796 philosophie,
495 722 605 778 tertium
620 737 634 776 a
649 720 814 795 principibus
833 721 963 778 ciuitatis.
985 720 1104 778 Primum

138 824 224 883 genus
241 808 418 880 nugatorium
433 806 499 862 dicit
514 820 590 876 esse,
607 805 682 879 quod
696 806 781 860 multa
795 805 830 861 de
844 805 895 862 diis
910 804 1050 879 fingantur
1064 806 1104 861 in·

137 892 235 966 digna3
258 888 408 947 secuudum
430 904 486 945 non
502 904 655 962 congruere
670 887 836 960 ciuitatibus,
859 888 933 963 quod
949 888 1044 946 lrabeat
1057 889 1105 945 ali·

138 992 191 1049 qua
213 988 393 1049 superuacua,
416 974 505 1048 aliqua
527 974 617 1043 etiam,
642 987 712 1046 quae
734 972 807 1028 obsit
827 974 939 1046 populis
953 990 1043 1029 nome.
1070 975 1105 1029 lle

137 1060 314 1133 superuacuis
330 1074 385 1114 non
400 1074 497 1131 magna
511 1074 593 1114 causa
608 1066 665 1124 est3
691 1056 763 1112 solet
781 1057 852 1111 enim
871 1066 900 1111 et
914 1073 929 1110 a
943 1058 1105 1130 iurisperitls

137 1143 191 1200 dici
213 1140 364 1216 ‘superum
378 1158 433 1197 uon
449 1140 572 1198 nocent‘.
602 1139 675 1207 Quae
697 1149 762 1195 sunt
776 1146 866 1195 autem
881 1139 937 1211 illa,
959 1156 1028 1213 quae
1042 1156 1105 1214 pro·

136 1227 192 1285 lata
214 1229 242 1283 in
265 1224 465 1283 multitudinem
492 1224 610 1283 nocent?
644 1224 727 1296 llaec,
750 1225 851 1297 inquit:
879 1240 936 1281 non
957 1240 1017 1280 esse
1039 1224 1105 1281 deos

88 1310 297 1381 mulierculam,
311 1309 511 1383 Aesculapium,
527 1308 678 1378 Castorem
691 1307 841 1371 Pollucema
863 1308 990 1381 proditur
1004 1311 1075 1365 enim
1090 1326 1105 1367 a

139 1394 242 1462 doctis,
257 1394 329 1466 quod
343 1395 466 1451 homiues
482 1393 583 1449 luerint
598 1400 623 1448 et
640 1392 754 1449 humana
774 1392 932 1449 condicione
946 1391 1104 1449 defecerint:

140 1476 211 1546 Quid
226 1476 315 1534 alludi
345 1476 422 1545 Quod
443 1492 548 1547 eornm,
569 1478 615 1549 qui
635 1478 690 1532 sint
704 1476 751 1547 dii,
772 1492 830 1533 non
850 1475 968 1533 habeant
982 1478 1106 1533 ciuitates

137 1578 205 1619 uera
220 1560 373 1633 simulacra,
399 1560 472 1634 quod
488 1576 570 1617 uerus
585 1560 652 1617 deus
666 1576 717 1617 nec
731 1574 825 1617 sexum
839 1558 946 1632 haheat,
965 1572 1016 1617 nee
1035 1569 1106 1617 aeta·

136 1656 209 1719 tem,
236 1661 288 1703 nec
310 1643 419 1713 definita
439 1646 563 1720 corporis
583 1644 712 1701 membra.
747 1644 886 1701 Poeticum
908 1660 971 1701 sane
994 1644 1105 1700 deorum

137 1746 226 1805 genus
249 1746 299 1786 cur
313 1727 442 1785 Scaeuola
463 1736 584 1805 respuat,
606 1728 707 1785 eisdem
721 1728 806 1784 literis
827 1744 882 1785 non
903 1736 1022 1785 tacetur:
1044 1731 1106 1803 quia

138 1816 179 1871 sic
200 1813 328 1871 uidelicet
348 1812 415 1869 deos
436 1812 602 1885 deformant,
625 1822 655 1869 ut
669 1829 721 1869 uec
734 1810 813 1868 honis
828 1811 981 1868 hominibus
998 1828 1106 1885 compa·

137 1905 247 1969 rentur,
268 1914 330 1954 cum
351 1896 432 1953 alium
452 1897 558 1955 iaciunt
576 1897 676 1967 iurari,
698 1896 779 1953 alium
798 1896 964 1964 adulterare3
984 1898 1023 1952 sic
1042 1897 1105 1953 item

139 1980 243 2055 aliquid
259 1981 336 2039 aliter
352 1982 469 2055 turpiter
490 1989 571 2055 atque
585 1982 678 2055 inepte
692 1980 781 2037 dicere
796 1997 827 2035 ac
842 1979 943 2037 secere:
964 1987 1022 2036 tres
1036 1981 1106 2036 inter

140 2081 172 2122 se
187 2065 250 2122 deas
266 2073 386 2123 certasse
401 2065 434 2121 de
449 2067 568 2140 praemio
583 2064 783 2141 pulcritudinis,
799 2065 884 2122 uictas
895 2063 963 2119 duas
978 2062 1107 2121 aVenere

139 2150 249 2207 Troiam
265 2150 411 2218 euertisse;
425 2149 517 2206 louem
530 2151 620 2225 ipsum
635 2151 760 2205 conuerti
775 2149 803 2205 in
811 2147 909 2203 bouem
919 2155 966 2201 aut
977 2164 1107 2221 cygnum,

138 2242 173 2291 ut
198 2250 260 2289 cum
286 2232 376 2307 aliqua
396 2232 570 2300 concumbat;
599 2232 676 2287 deam
697 2232 800 2287 homini
822 2229 939 2299 nubere3
961 2229 1107 2287 Saturnum

139 2316 243 2375 liberos
256 2315 412 2385 'deuorare3
440 2317 506 2373 nihil
527 2314 644 2390 deniqne
665 2331 748 2389 posse
769 2311 889 2387 confingi
916 2312 1106 2370 miraculorum

139 2410 223 2475 atque
238 2402 379 2472 uitiorum,
396 2401 470 2475 quod
483 2417 539 2457 nou
554 2401 591 2459 ibi
605 2401 757 2475 reperiatur
771 2406 853 2473 atque
862 2414 878 2453 a
888 2396 1000 2455 deorum
1014 2409 1108 2455 natura

139 2484 226 2559 longe
241 2484 320 2543 absit.
336 2514 375 2525 -
391 2485 538 2559 Angustia.
555 2484 589 2541 de
603 2486 679 2541 ciuit.
695 2483 783 2555 deta,
800 2483 850 2541 27.

207 2591 250 2653 ill.
271 2587 318 2662 ¹0.
341 2594 451 2667 quidem
465 2592 596 2651 Scaeuola
614 2593 737 2668 pontifex
750 2594 882 2649 maximus
895 2606 1027 2648 summam
1042 2594 1106 2659 uim,

139 2676 258 2750 dicebat,
275 2692 335 2735 esse
349 2679 377 2734 in
393 2676 517 2734 omnibus
533 2679 565 2733 ils
581 2677 707 2740 arbitriis,
729 2680 758 2749 in
780 2678 880 2751 quihus
901 2676 1047 2733 adderetur
1066 2694 1108 2734 ax

136 2778 217 2821 semu
231 2778 330 2823 aona:
351 2760 468 2837 fidelque
482 2760 568 2819 bonae
583 2778 691 2833 nomen,
712 2762 893 2833 existimabat,
912 2776 1018 2817 manare
1032 2761 1107 2819 latis-

137 2849 220 2919 sime,
240 2846 323 2920 idque
338 2848 442 2903 uersari
455 2847 484 2903 in
500 2846 602 2918 tutelis,
624 2846 810 2917 societatibus,
832 2846 949 2918 fiduciis,
964 2846 1107 2918 mandatis,

137 2930 223 2989 relatu
239 2932 338 3005 emptis
354 2930 486 3004 uenditis,
507 2930 648 2987 conductis
662 2930 774 3003 locatis,
790 2930 889 3004 quilius
904 2932 977 2987 uitae
992 2933 1107 2989 societas

139 3017 341 3073 contineretur.
379 3015 409 3071 ln
428 3016 470 3073 his
491 3016 582 3089 magni
602 3032 663 3071 esse
682 3014 777 3072 iudicis
798 3024 918 3072 statuere
938 3014 1107 3089 (praesertim

139 3116 203 3159 cum
219 3101 248 3157 in
263 3098 401 3173 plerisque
417 3108 508 3161 essent
521 3100 618 3159 iudicia
633 3097 775 3175 contraria)
789 3100 853 3175 quid
866 3116 1001 3177 quemque
1010 3102 1107 3174 cuique

140 3192 282 3257 praestare
297 3191 446 3257 oporteret.
465 3212 503 3227 -
521 3183 574 3241 Cic.
590 3185 622 3241 do
639 3182 710 3241 ollio
727 3184 757 3257 3,
775 3184 822 3241 17.
839 3184 867 3256 8.
884 3183 933 3243 70.

143 3364 347 3373 ..-.-..-—-

216 3481 236 3551 ¹)
247 3484 326 3534 Hunc
336 3486 418 3535 locum
427 3498 519 3534 errore
529 3490 605 3532 antea
615 3484 734 3535 omissum
741 3489 855 3535 monente
867 3476 1021 3532 Ubbeloltdt'o
1029 3480 1107 3547 (udat.

141 3555 191 3618 pel.
206 3556 271 3606 Ana.
286 3566 347 3608 leot.
358 3572 386 3619 p.
402 3554 465 3621 1149)
479 3556 530 3605 lom
544 3553 594 3618 (ed.
609 3554 633 3622 a)
647 3555 771 3616 supplevi.

197 3660 301 3693 naman,
315 3661 396 3693 aaran
411 3661 465 3691 nnn.
480 3658 519 3689 aro.
544 3658 567 3687 v.
861 3640 878 3688 2
