2542 3909
443 228 540 264 aanor.
560 229 612 264 rvr.
631 229 693 264 nou.
712 228 799 265 vnmc.
1038 208 1101 272 709

148 351 255 421 potest,
274 367 338 404 cum
355 366 438 404 nemo
456 350 540 404 etiam
558 351 624 427 post
640 349 731 404 editos
752 350 803 404 hos
820 349 936 404 Codices
958 350 1101 418 rescriptis

149 419 262 473 aliunde
286 418 406 486 cognitis
427 418 470 470 nti
492 416 695 485 probrberetur.
735 421 793 470 Nec
816 417 949 471 credibile
974 419 1017 471 est
1042 419 1100 470 tam

169 485 254 539 aratis
272 484 403 538 subsidiis
420 499 475 537 non
493 501 574 538 usum
593 499 666 548 esse,
685 482 845 550 quicunque
863 484 1029 538 Vaticanum
1046 485 1100 538 col·

147 503 299 606 linctionem
316 551 511 619 composuerit.
541 550 601 603 Nec
612 551 708 603 tamen
720 549 813 603 minus
825 551 1011 605 dubitandum
1024 551 1101 605 vide·

147 621 203 684 tur,
222 633 279 672 non
297 619 402 682 omnia,
419 633 491 685 quae
510 616 604 680 affert,
622 617 760 684 rescripta
777 633 811 670 ex
828 617 862 669 iis
880 634 945 670 eum
963 621 1101 678 sumsisse.

148 685 273 738 Primum
291 685 366 738 enim
384 700 440 737 non
457 685 541 738 modo
558 700 614 738 non
632 684 666 736 fit
683 685 788 736 mentio
807 699 903 736 eorum
922 684 1055 740 Codicum
1073 688 1102 740 in

150 752 306 822 allegandis
324 751 579 818 constitutionibus,
597 750 647 803 sed
664 752 748 803 etiam
760 752 789 802 iu
801 751 843 805 tit.
858 751 893 803 de
906 751 1103 806 donatiombns

149 821 184 874 ad
196 820 290 886 legem
305 818 428 872 Cinciam
440 819 485 871 hic
497 818 555 871 illic
568 817 815 871 constitutionibus
830 820 966 884 tanquam
978 819 1102 873 notabile

149 887 217 954 qnid
235 886 389 954 posteriorc
407 902 500 950 manu,
520 884 655 949 eiusdem,
674 890 707 937 nt
722 884 842 949 ridetur,
861 886 1034 951 possessoris,
1054 890 1103 953 qni

148 953 283 1006 lemmata
300 953 470 1020 composuit,
495 953 668 1018 adscriptum
691 953 748 1017 eet,
771 952 883 1004 easdem
905 952 935 1004 in
954 955 1038 1022 Greg.
1058 953 1103 1006 vel

149 1019 243 1073 Herm.
262 1020 384 1073 inveniri
397 1023 448 1083 (55.
459 1025 527 1073 266⁸.
541 1025 598 1072 270.
612 1024 671 1071 272.
684 1025 741 1071 285.
754 1024 814 1072 286.
825 1021 910 1084 280),
928 1019 1000 1072 sicut
1016 1021 1104 1073 semel
1167 1047 1170 1054 ·

150 1087 236 1140 etiam
254 1086 287 1138 fit
304 1086 333 1138 in
352 1086 451 1140 conat.
469 1093 494 1149 6,
512 1091 536 1140 ὅ.
571 1084 681 1138 Deinde
703 1085 917 1161 inscriptionum
934 1087 1006 1138 ratio
1025 1086 1102 1139 Vati·

149 1169 220 1207 cana
237 1168 293 1206 non
311 1153 444 1206 convenit
461 1153 495 1215 ei,
514 1167 586 1229 quae
604 1153 633 1203 in
651 1151 694 1204 his
707 1152 855 1205 Codicrbus
874 1154 903 1205 et
921 1152 1101 1217 iustinianco,

148 1220 198 1288 qni
216 1219 300 1273 exiis
318 1219 420 1283 hausit,
438 1221 585 1286 reperitur.
621 1218 654 1270 In
672 1218 839 1286 quibusdam
857 1218 933 1272 enim
948 1220 1048 1284 titulis,
1068 1221 1103 1274 de

149 1285 339 1355 cognitoribus
357 1288 387 1339 et
404 1287 439 1338 de
458 1285 666 1349 donationibus,
684 1300 758 1338 novo
770 1285 853 1338 modo
872 1286 931 1338 diri
949 1303 985 1355 ap
1006 1287 1103 1340 ellatio
1168 1285 1177 1300 ‘

148 1354 366 1428 imperatoribus
388 1352 566 1429 praefigitur,
594 1351 674 1404 velut
696 1351 787 1427 ‘divus
809 1353 964 1420 imperator
984 1304 1102 1407 Brobns’

149 1424 173 1484 5.
185 1425 257 1485 288,
278 1419 348 1471 ‘dm
365 1418 557 1472 Drocletranus
575 1419 605 1471 et
623 1417 812 1472 Constantius’
830 1425 870 1483 55.
891 1426 948 1474 270.
967 1426 1026 1474 275.
1044 1427 1102 1474 297.

149 1491 207 1543 312.
226 1491 284 1540 316.
298 1493 355 1539 325.
368 1492 437 1550 338.,
456 1486 526 1538 ‘divi
539 1484 736 1540 Constantinus
749 1486 778 1539 et
790 1485 893 1539 Caesa!
911 1491 950 1551 55.
965 1493 1023 1542 249.
1035 1494 1102 1551 287,

149 1569 223 1622 qnae
241 1553 309 1606 alias
326 1555 431 1621 partim
448 1553 478 1605 in
495 1552 594 1606 iisdem
612 1552 652 1604 im
674 1552 830 1606 aratoribus
849 1553 942 1608 deest:
966 1555 1044 1608 cuius
1062 1557 1104 1608 rei

150 1636 234 1689 cansa
255 1621 321 1674 inda
342 1621 454 1673 tanturn
476 1635 506 1672 re
522 1620 568 1696 'eti
590 1569 704 1696 rideiur
720 1634 814 1686 posse,
837 1620 914 1697 qnod
937 1637 1033 1675 omnes
1050 1622 1103 1676 hae

150 1687 362 1742 constitutiones
380 1636 542 1763 exnsoripiis
560 1685 728 1753 quibusdam
751 1686 786 1739 de
808 1688 870 1740 istis
887 1689 1012 1742 materiis
1030 1705 1104 1742 com·

149 1755 261 1832 positis.¹
282 1755 390 1807 sumtae
408 1756 477 1812 smt,
497 1768 616 1818 qnorum
634 1755 763 1830 auctores
785 1755 958 1832 anteriorum
975 1755 1104 1808 ICtorum

149 1819 1104 1956 citatissimidisseruissetlilariensis:

149 1955 203 2008 ties
214 1954 384 2008 Diocletiani
402 1955 431 2006 et
449 1952 518 2006 colle
541 1968 619 2005 arum
638 1953 774 2030 rescripta
786 1955 952 2019 referuntur,
971 1956 1024 2010 hoc
1037 1972 1103 2024 quo·

150 2038 205 2089 que
224 2022 364 2090 singulare
384 2023 434 2083 est,
454 2036 509 2088 quo
546 2035 602 2072 non
620 2020 729 2072 solenni
746 2021 776 2072 in
788 2020 938 2075 Codicibus
950 2038 1036 2090 more,
1056 2023 1104 2090 qni

150 2090 235 2142 etiam
248 2089 277 2140 in
290 2088 351 2142 aliis
364 2087 507 2140 Vaticanis
519 2087 608 2139 titulis
620 2086 650 2138 in
663 2103 771 2140 summa
783 2089 920 2141 retinetur
932 2092 982 2155 (55.
994 2096 1104 2142 ‘cn-24.

148 2158 216 2274 413,
238 2154 428 2208 Diocletianus
455 2156 484 2206 et
509 2152 696 2206 Maximianus
719 2156 760 2220 (et
783 2153 885 2218 Caesa.)
907 2155 1104 2220 inscribuntur,

150 2238 178 2276 se
211 2221 401 2275 Diocletianus
420 2221 450 2274 et
462 2220 647 2284 Constantius,
665 2221 751 2288 idque
770 2221 841 2275 adeo
859 2221 910 2274 fiat
920 2221 949 2274 in
963 2224 1105 2292 rescriptis

150 2292 215 2342 ante
235 2289 427 2342 Constantium
444 2288 474 2340 in
492 2287 604 2354 imperii
622 2288 792 2340 consortium
810 2288 948 2342 adscitum
965 2289 983 2347 i.
996 2305 1019 2343 e.
1038 2292 1103 2344 ante

150 2371 175 2409 a.
195 2361 252 2409 293.
271 2356 343 2408 datis
362 2355 416 2421 (ἐξ.
430 2361 487 2409 275.
502 2361 559 2412 297.
572 2357 655 2420 312),
674 2355 722 2406 ubi
739 2355 768 2406 in
786 2355 849 2408 aliis
865 2356 1027 2424 partibuso
1049 2358 1104 2410 eris

151 2426 201 2487 (55.
212 2429 252 2480 23.
265 2427 319 2485 34.)
331 2424 407 2476 recte
419 2423 443 2474 is
456 2422 595 2475 omittitur
609 2421 655 2484 (cf.
664 2424 791 2474 Momms.
801 2439 829 2488 p.
839 2427 910 2490 405).
927 2423 1018 2492 Igitur
1055 2439 1105 2477 ans

149 2489 236 2566 Alpes
253 2488 333 2541 illum
352 2490 399 2542 uel
416 2489 487 2548 illos,
505 2491 553 2564 qui
567 2489 601 2540 de
614 2487 811 2541 donationibus
823 2492 853 2542 et
865 2489 900 2542 de
914 2490 1105 2558 cognitoribus

150 2557 329 2631 scnpscrant,
348 2556 437 2623 egisse
456 2555 593 2609 coniicere
607 2555 681 2620 licet,
700 2555 750 2607 ubi
768 2572 832 2608 cnm
843 2555 1042 2624 quadripartiti
1054 2557 1104 2610 im·

149 2620 1106 2745 tittinterstinctum?talsrestituerint

149 2772 234 2824 quam
253 2772 289 2809 ex
306 2757 398 2810 aulica
415 2728 592 2809 orientalium
611 2705 792 2810 observantia
808 2757 942 2811 stolidum
961 2708 1106 2811 etgarude3
1141 2749 1145 2761 '

148 2823 206 2877 lem
214 2826 415 2880 Maximianum
426 2840 493 2878 sane
504 2827 662 2891 Augustum
674 2837 892 2879 commemorare
906 2824 1059 2878 maluerint
1076 2826 1106 2877 et

78 2907 138 2955 [ιιι]
151 2890 192 2943 ita
209 2891 414 2952 consueverint,
431 2893 464 2941 ut
480 2887 556 2940 idem
573 2902 629 2938 non
642 2888 724 2941 anxie
736 2891 899 2958 perquisitis
910 2891 1022 2958 imperii
1034 2893 1104 2945 tem·

170 2956 264 3008 oribus
288 2957 374 3010 etiam
396 2957 425 3007 in
448 2954 589 3021 rescriptis
611 2955 677 3007 ante
700 2971 725 3011 a.
749 2963 808 3012 293.
835 2957 908 3011 datis
933 2957 1026 3011 facere
1048 2974 1105 3011 non

149 2973 351 3076 iutraverint.
387 3021 512 3074 Tandem
529 3021 605 3087 qnod
622 3021 813 3076 Mommsenus
831 3025 973 3078 asseverat
985 3026 1022 3092 (p.
1035 3030 1104 3091 397),

223 3203 243 3272 ¹)
258 3206 381 3254 Eiusmodi
395 3207 484 3268 scripta
504 3206 654 3255 exolescente
673 3207 720 3255 iarn
738 3214 818 3256 vetere
838 3209 1024 3273 iurisprudentia
1041 3211 1108 3260 baud

149 3291 224 3340 panca
244 3277 375 3338 composita
394 3291 456 3336 csse,
475 3291 535 3339 quae
554 3277 655 3325 maxima
674 3291 701 3324 er
720 3284 788 3338 parte
802 3285 891 3327 tantum
906 3281 930 3329 in
945 3281 1103 3343 posteriorum

149 3347 284 3410 principum
298 3347 422 3409 rescriptis
437 3347 472 3394 vel
487 3346 587 3410 legibus,
599 3347 627 3395 de
643 3347 783 3409 quibusdam
798 3349 904 3397 materiis
915 3351 1018 3413 emissis,
1030 3359 1053 3400 ct
1064 3366 1105 3400 er-

148 3419 239 3480 cerptis
254 3415 361 3466 lCtornm
376 3423 480 3465 veterum
495 3417 620 3466 sententiis
636 3417 795 3466 consisterent
810 3425 834 3465 et
851 3421 977 3469 transitum
992 3423 1058 3484 quasi
1074 3422 1104 3470 cd

147 3502 220 3552 puras
234 3496 304 3552 putas
320 3488 471 3536 collectiones
486 3488 599 3549 iacerent,
615 3488 723 3536 dubitare
738 3501 784 3535 non
799 3487 863 3536 licet.
889 3488 942 3552 lpse
957 3491 1033 3552 legum
1043 3491 1102 3540 idos.

147 3567 171 3608 et
185 3559 252 3609 Rom.
268 3559 363 3609 collatio
377 3559 422 3607 hoc
437 3573 533 3607 numero
549 3567 593 3607 est.
