<?xml version="1.0" encoding="UTF-8"?>
<!DOCTYPE html PUBLIC "-//W3C//DTD XHTML 1.0 Transitional//EN"
    "http://www.w3.org/TR/xhtml1/DTD/xhtml1-transitional.dtd">
<html xmlns="http://www.w3.org/1999/xhtml" xml:lang="en" lang="en">
 <head>
  <title>
</title>
<meta http-equiv="Content-Type" content="text/html;charset=utf-8" />
  <meta name='ocr-system' content='tesseract 3.04.00' />
  <meta name='ocr-capabilities' content='ocr_page ocr_carea ocr_par ocr_line ocrx_word'/>
</head>
<body>
  <div class='ocr_page' id='page_1' title='image "./iurisprudentiae01huscgoog_0873.png"; bbox 0 0 2542 3909; ppageno 0'>
   <div class='ocr_carea' id='block_1_1' title="bbox 191 167 994 233">
    <p class='ocr_par' dir='ltr' id='par_1_1' title="bbox 191 167 994 233">
     <span class='ocr_line' id='line_1_1' title="bbox 191 167 994 233; baseline -0.004 -12"><span class='ocrx_word' id='word_1_1' title='bbox 191 168 251 233; x_wconf 83' lang='grc'>848</span> <span class='ocrx_word' id='word_1_2' title='bbox 345 186 404 222; x_wconf 78' lang='lat' dir='ltr'>rna.</span> <span class='ocrx_word' id='word_1_3' title='bbox 418 184 522 221; x_wconf 75' lang='lat' dir='ltr'>curvam</span> <span class='ocrx_word' id='word_1_4' title='bbox 537 184 622 221; x_wconf 80' lang='lat' dir='ltr'>rensc.</span> <span class='ocrx_word' id='word_1_5' title='bbox 636 184 821 221; x_wconf 75' lang='lat' dir='ltr'>consecrante.</span> <span class='ocrx_word' id='word_1_6' title='bbox 837 167 884 221; x_wconf 84' lang='lat' dir='ltr'>vt.</span> <span class='ocrx_word' id='word_1_7' title='bbox 899 173 994 221; x_wconf 85' lang='lat'>6-10.</span> 
     </span>
    </p>
   </div>
   <div class='ocr_carea' id='block_1_2' title="bbox 191 310 1244 2897">
    <p class='ocr_par' dir='ltr' id='par_1_2' title="bbox 232 310 1159 723">
     <span class='ocr_line' id='line_1_2' title="bbox 233 310 1159 390; baseline -0.005 -16"><span class='ocrx_word' id='word_1_8' title='bbox 233 324 413 387; x_wconf 77' lang='lat' dir='ltr'>contestatus,</span> <span class='ocrx_word' id='word_1_9' title='bbox 427 314 460 371; x_wconf 92' lang='lat' dir='ltr'>ad</span> <span class='ocrx_word' id='word_1_10' title='bbox 475 314 603 371; x_wconf 82' lang='lat' dir='ltr'>heredem</span> <span class='ocrx_word' id='word_1_11' title='bbox 615 331 670 370; x_wconf 92' lang='lat' dir='ltr'>non</span> <span class='ocrx_word' id='word_1_12' title='bbox 694 314 893 370; x_wconf 86' lang='lat' dir='ltr'>transmittitur.</span> <span class='ocrx_word' id='word_1_13' title='bbox 910 310 1062 390; x_wconf 62' lang='grc' dir='ltr'>Ῥίαιιὶἱιιε)</span> <span class='ocrx_word' id='word_1_14' title='bbox 1077 313 1129 371; x_wconf 90' lang='lat' dir='ltr'>lib.</span> <span class='ocrx_word' id='word_1_15' title='bbox 1139 316 1159 371; x_wconf 92' lang='lat' dir='ltr'>l.</span> 
     </span>
     <span class='ocr_line' id='line_1_3' title="bbox 232 392 992 470; baseline -0.005 -13"><span class='ocrx_word' id='word_1_16' title='bbox 232 408 350 457; x_wconf 84' lang='lat' dir='ltr'>sentent.</span> <span class='ocrx_word' id='word_1_17' title='bbox 366 392 422 455; x_wconf 85' lang='lat' dir='ltr'>ttt.¹</span> <span class='ocrx_word' id='word_1_18' title='bbox 452 400 475 453; x_wconf 90' lang='lat' dir='ltr'>si</span> <span class='ocrx_word' id='word_1_19' title='bbox 490 398 626 454; x_wconf 79' lang='lat' dir='ltr'>hereditas</span> <span class='ocrx_word' id='word_1_20' title='bbox 644 397 687 453; x_wconf 93' lang='lat' dir='ltr'>uel</span> <span class='ocrx_word' id='word_1_21' title='bbox 709 396 773 470; x_wconf 90' lang='lat' dir='ltr'>quid</span> <span class='ocrx_word' id='word_1_22' title='bbox 789 396 859 453; x_wconf 86' lang='lat' dir='ltr'>aliud</span> <span class='ocrx_word' id='word_1_23' title='bbox 874 402 992 470; x_wconf 90' lang='lat' dir='ltr'>petatur.</span> 
     </span>
     <span class='ocr_line' id='line_1_4' title="bbox 233 479 1157 556; baseline -0.002 -17"><span class='ocrx_word' id='word_1_24' title='bbox 233 483 283 550; x_wconf 82' lang='lat' dir='ltr'>Qui</span> <span class='ocrx_word' id='word_1_25' title='bbox 306 483 377 556; x_wconf 88' lang='lat' dir='ltr'>petit</span> <span class='ocrx_word' id='word_1_26' title='bbox 398 481 592 553; x_wconf 80' lang='lat' dir='ltr'>hereditatem,</span> <span class='ocrx_word' id='word_1_27' title='bbox 611 483 670 554; x_wconf 85' lang='lat' dir='ltr'>ipse</span> <span class='ocrx_word' id='word_1_28' title='bbox 692 479 808 555; x_wconf 88' lang='lat' dir='ltr'>probare</span> <span class='ocrx_word' id='word_1_29' title='bbox 830 479 923 550; x_wconf 88' lang='lat' dir='ltr'>debet,</span> <span class='ocrx_word' id='word_1_30' title='bbox 940 479 973 536; x_wconf 92' lang='lat' dir='ltr'>ad</span> <span class='ocrx_word' id='word_1_31' title='bbox 996 496 1026 537; x_wconf 88' lang='lat' dir='ltr'>se</span> <span class='ocrx_word' id='word_1_32' title='bbox 1051 484 1157 556; x_wconf 83' lang='lat' dir='ltr'>magis,</span> 
     </span>
     <span class='ocr_line' id='line_1_5' title="bbox 234 564 1156 640; baseline -0.001 -18"><span class='ocrx_word' id='word_1_33' title='bbox 234 582 313 640; x_wconf 89' lang='lat' dir='ltr'>quam</span> <span class='ocrx_word' id='word_1_34' title='bbox 337 564 369 622; x_wconf 90' lang='lat' dir='ltr'>ad</span> <span class='ocrx_word' id='word_1_35' title='bbox 391 582 469 638; x_wconf 90' lang='lat' dir='ltr'>eum,</span> <span class='ocrx_word' id='word_1_36' title='bbox 492 567 537 638; x_wconf 88' lang='lat' dir='ltr'>qui</span> <span class='ocrx_word' id='word_1_37' title='bbox 559 564 695 638; x_wconf 87' lang='lat' dir='ltr'>possidet,</span> <span class='ocrx_word' id='word_1_38' title='bbox 719 566 777 620; x_wconf 90' lang='lat' dir='ltr'>siue</span> <span class='ocrx_word' id='word_1_39' title='bbox 792 580 825 620; x_wconf 84' lang='lat' dir='ltr'>en</span> <span class='ocrx_word' id='word_1_40' title='bbox 846 572 1019 637; x_wconf 89' lang='lat' dir='ltr'>testamento,</span> <span class='ocrx_word' id='word_1_41' title='bbox 1040 566 1105 621; x_wconf 89' lang='lat' dir='ltr'>siue</span> <span class='ocrx_word' id='word_1_42' title='bbox 1122 566 1156 621; x_wconf 86' lang='lat' dir='ltr'>ab</span> 
     </span>
     <span class='ocr_line' id='line_1_6' title="bbox 232 650 541 723; baseline -0.01 -16"><span class='ocrx_word' id='word_1_43' title='bbox 232 653 378 722; x_wconf 89' lang='lat' dir='ltr'>intestato,</span> <span class='ocrx_word' id='word_1_44' title='bbox 393 650 541 723; x_wconf 88' lang='lat' dir='ltr'>pertinere.</span> 
     </span>
    </p>

    <p class='ocr_par' dir='ltr' id='par_1_3' title="bbox 276 731 1155 805">
     <span class='ocr_line' id='line_1_7' title="bbox 276 731 1155 805; baseline -0.001 -14"><span class='ocrx_word' id='word_1_45' title='bbox 276 731 305 792; x_wconf 88' lang='grc'>6.</span> <span class='ocrx_word' id='word_1_46' title='bbox 326 734 397 789; x_wconf 87' lang='lat' dir='ltr'>idem</span> <span class='ocrx_word' id='word_1_47' title='bbox 411 731 528 792; x_wconf 90' lang='lat' dir='ltr'>eod.lib.</span> <span class='ocrx_word' id='word_1_48' title='bbox 541 733 736 789; x_wconf 88' lang='lat' dir='ltr'>sententiarum</span> <span class='ocrx_word' id='word_1_49' title='bbox 757 738 936 805; x_wconf 88' lang='lat' dir='ltr'>receptarum,</span> <span class='ocrx_word' id='word_1_50' title='bbox 953 731 1048 787; x_wconf 92' lang='lat' dir='ltr'>eodem</span> <span class='ocrx_word' id='word_1_51' title='bbox 1067 732 1155 790; x_wconf 93' lang='lat' dir='ltr'>titulo</span> 
     </span>
    </p>

    <p class='ocr_par' dir='ltr' id='par_1_4' title="bbox 191 811 449 875">
     <span class='ocr_line' id='line_1_8' title="bbox 191 811 449 875; baseline -0.012 0"><span class='ocrx_word' id='word_1_52' title='bbox 191 822 213 875; x_wconf 88' lang='lat' dir='ltr'>si</span> <span class='ocrx_word' id='word_1_53' title='bbox 229 817 365 875; x_wconf 86' lang='lat' dir='ltr'>hereditas</span> <span class='ocrx_word' id='word_1_54' title='bbox 379 811 449 873; x_wconf 87' lang='lat' dir='ltr'>ete.²</span> 
     </span>
    </p>

    <p class='ocr_par' dir='ltr' id='par_1_5' title="bbox 232 900 1155 1125">
     <span class='ocr_line' id='line_1_9' title="bbox 233 900 1155 974; baseline 0 -17"><span class='ocrx_word' id='word_1_55' title='bbox 233 902 285 957; x_wconf 84' lang='lat' dir='ltr'>Eas</span> <span class='ocrx_word' id='word_1_56' title='bbox 307 916 360 972; x_wconf 91' lang='lat' dir='ltr'>res,</span> <span class='ocrx_word' id='word_1_57' title='bbox 377 918 444 974; x_wconf 88' lang='lat' dir='ltr'>quas</span> <span class='ocrx_word' id='word_1_58' title='bbox 460 902 520 972; x_wconf 86' lang='lat' dir='ltr'>quis</span> <span class='ocrx_word' id='word_1_59' title='bbox 542 901 608 955; x_wconf 92' lang='lat' dir='ltr'>iuris</span> <span class='ocrx_word' id='word_1_60' title='bbox 628 900 670 955; x_wconf 90' lang='lat' dir='ltr'>sui</span> <span class='ocrx_word' id='word_1_61' title='bbox 693 914 752 955; x_wconf 86' lang='lat' dir='ltr'>esse</span> <span class='ocrx_word' id='word_1_62' title='bbox 767 906 857 972; x_wconf 90' lang='lat' dir='ltr'>putat,</span> <span class='ocrx_word' id='word_1_63' title='bbox 872 908 966 971; x_wconf 87' lang='lat' dir='ltr'>petere</span> <span class='ocrx_word' id='word_1_64' title='bbox 981 906 1090 971; x_wconf 89' lang='lat' dir='ltr'>potest:</span> <span class='ocrx_word' id='word_1_65' title='bbox 1117 902 1155 957; x_wconf 91' lang='lat' dir='ltr'>ita</span> 
     </span>
     <span class='ocr_line' id='line_1_10' title="bbox 234 980 1154 1057; baseline -0.001 -16"><span class='ocrx_word' id='word_1_66' title='bbox 234 996 332 1050; x_wconf 91' lang='lat' dir='ltr'>tamen,</span> <span class='ocrx_word' id='word_1_67' title='bbox 348 993 379 1039; x_wconf 90' lang='lat' dir='ltr'>ut</span> <span class='ocrx_word' id='word_1_68' title='bbox 393 985 445 1057; x_wconf 90' lang='lat' dir='ltr'>ipsi</span> <span class='ocrx_word' id='word_1_69' title='bbox 460 982 596 1039; x_wconf 81' lang='lat' dir='ltr'>incumbat</span> <span class='ocrx_word' id='word_1_70' title='bbox 616 984 763 1039; x_wconf 85' lang='lat' dir='ltr'>necessitas</span> <span class='ocrx_word' id='word_1_71' title='bbox 778 981 919 1055; x_wconf 91' lang='lat' dir='ltr'>probandi,</span> <span class='ocrx_word' id='word_1_72' title='bbox 931 998 976 1038; x_wconf 87' lang='lat' dir='ltr'>eas</span> <span class='ocrx_word' id='word_1_73' title='bbox 992 980 1023 1037; x_wconf 92' lang='lat' dir='ltr'>ad</span> <span class='ocrx_word' id='word_1_74' title='bbox 1041 998 1071 1038; x_wconf 87' lang='lat' dir='ltr'>se</span> <span class='ocrx_word' id='word_1_75' title='bbox 1088 1000 1154 1057; x_wconf 87' lang='lat' dir='ltr'>per·</span> 
     </span>
     <span class='ocr_line' id='line_1_11' title="bbox 232 1072 329 1125; baseline -0.01 0"><span class='ocrx_word' id='word_1_76' title='bbox 232 1072 329 1125; x_wconf 91' lang='lat' dir='ltr'>tinere.</span> 
     </span>
    </p>

    <p class='ocr_par' dir='ltr' id='par_1_6' title="bbox 233 1142 1154 1559">
     <span class='ocr_line' id='line_1_12' title="bbox 275 1142 758 1223; baseline -0.008 -16"><span class='ocrx_word' id='word_1_77' title='bbox 275 1149 302 1208; x_wconf 83' lang='grc'>7.</span> <span class='ocrx_word' id='word_1_78' title='bbox 325 1152 390 1207; x_wconf 91' lang='lat' dir='ltr'>ltem</span> <span class='ocrx_word' id='word_1_79' title='bbox 406 1150 467 1207; x_wconf 88' lang='lat' dir='ltr'>eod.</span> <span class='ocrx_word' id='word_1_80' title='bbox 482 1150 558 1223; x_wconf 80' lang='lat' dir='ltr'>leges</span> <span class='ocrx_word' id='word_1_81' title='bbox 573 1150 620 1206; x_wconf 91' lang='lat' dir='ltr'>lib.</span> <span class='ocrx_word' id='word_1_82' title='bbox 635 1158 664 1206; x_wconf 89' lang='lat' dir='ltr'>et</span> <span class='ocrx_word' id='word_1_83' title='bbox 680 1142 758 1205; x_wconf 85' lang='lat' dir='ltr'>tit.:³</span> 
     </span>
     <span class='ocr_line' id='line_1_13' title="bbox 233 1232 1154 1309; baseline -0.002 -16"><span class='ocrx_word' id='word_1_84' title='bbox 233 1238 262 1293; x_wconf 92' lang='lat' dir='ltr'>ln</span> <span class='ocrx_word' id='word_1_85' title='bbox 284 1236 415 1309; x_wconf 90' lang='lat' dir='ltr'>petitione</span> <span class='ocrx_word' id='word_1_86' title='bbox 437 1234 593 1290; x_wconf 90' lang='lat' dir='ltr'>hereditatis</span> <span class='ocrx_word' id='word_1_87' title='bbox 615 1250 645 1290; x_wconf 90' lang='lat' dir='ltr'>ea</span> <span class='ocrx_word' id='word_1_88' title='bbox 667 1234 791 1304; x_wconf 88' lang='lat' dir='ltr'>ueniunt,</span> <span class='ocrx_word' id='word_1_89' title='bbox 806 1250 875 1306; x_wconf 84' lang='lat' dir='ltr'>quae</span> <span class='ocrx_word' id='word_1_90' title='bbox 890 1232 1034 1290; x_wconf 80' lang='lat' dir='ltr'>defunctus</span> <span class='ocrx_word' id='word_1_91' title='bbox 1050 1236 1154 1291; x_wconf 90' lang='lat' dir='ltr'>mortis</span> 
     </span>
     <span class='ocr_line' id='line_1_14' title="bbox 234 1317 1154 1392; baseline -0.001 -16"><span class='ocrx_word' id='word_1_92' title='bbox 234 1329 356 1392; x_wconf 89' lang='lat' dir='ltr'>tempore</span> <span class='ocrx_word' id='word_1_93' title='bbox 379 1317 534 1391; x_wconf 84' lang='lat' dir='ltr'>dereliquit,</span> <span class='ocrx_word' id='word_1_94' title='bbox 556 1317 661 1381; x_wconf 84' lang='lat' dir='ltr'>nelca,</span> <span class='ocrx_word' id='word_1_95' title='bbox 678 1332 746 1389; x_wconf 88' lang='lat' dir='ltr'>quae</span> <span class='ocrx_word' id='word_1_96' title='bbox 761 1325 825 1389; x_wconf 89' lang='lat' dir='ltr'>post</span> <span class='ocrx_word' id='word_1_97' title='bbox 840 1325 954 1373; x_wconf 90' lang='lat' dir='ltr'>mortem</span> <span class='ocrx_word' id='word_1_98' title='bbox 970 1324 1031 1373; x_wconf 89' lang='lat' dir='ltr'>ante</span> <span class='ocrx_word' id='word_1_99' title='bbox 1048 1317 1154 1375; x_wconf 90' lang='lat' dir='ltr'>aditam</span> 
     </span>
     <span class='ocr_line' id='line_1_15' title="bbox 235 1399 1154 1474; baseline -0.001 -14"><span class='ocrx_word' id='word_1_100' title='bbox 235 1403 409 1460; x_wconf 89' lang='lat' dir='ltr'>hereditatem</span> <span class='ocrx_word' id='word_1_101' title='bbox 432 1418 465 1457; x_wconf 82' lang='lat' dir='ltr'>ex</span> <span class='ocrx_word' id='word_1_102' title='bbox 480 1418 511 1456; x_wconf 90' lang='lat' dir='ltr'>ea</span> <span class='ocrx_word' id='word_1_103' title='bbox 528 1402 646 1474; x_wconf 89' lang='lat' dir='ltr'>quaesita</span> <span class='ocrx_word' id='word_1_104' title='bbox 661 1407 734 1457; x_wconf 86' lang='lat' dir='ltr'>sunt.</span> <span class='ocrx_word' id='word_1_105' title='bbox 755 1399 821 1456; x_wconf 87' lang='lat' dir='ltr'>Eud.</span> <span class='ocrx_word' id='word_1_106' title='bbox 838 1400 885 1456; x_wconf 91' lang='lat' dir='ltr'>lib.</span> <span class='ocrx_word' id='word_1_107' title='bbox 902 1410 929 1457; x_wconf 87' lang='lat' dir='ltr'>et</span> <span class='ocrx_word' id='word_1_108' title='bbox 944 1402 986 1457; x_wconf 93' lang='lat' dir='ltr'>tit.</span> <span class='ocrx_word' id='word_1_109' title='bbox 1002 1402 1025 1455; x_wconf 92' lang='lat' dir='ltr'>si</span> <span class='ocrx_word' id='word_1_110' title='bbox 1042 1402 1154 1459; x_wconf 86' lang='lat' dir='ltr'>heredi-</span> 
     </span>
     <span class='ocr_line' id='line_1_16' title="bbox 236 1477 653 1559; baseline -0.01 -16"><span class='ocrx_word' id='word_1_111' title='bbox 236 1497 275 1543; x_wconf 93' lang='lat' dir='ltr'>tas</span> <span class='ocrx_word' id='word_1_112' title='bbox 291 1486 336 1542; x_wconf 89' lang='lat' dir='ltr'>uel</span> <span class='ocrx_word' id='word_1_113' title='bbox 352 1486 417 1559; x_wconf 91' lang='lat' dir='ltr'>qnid</span> <span class='ocrx_word' id='word_1_114' title='bbox 432 1484 504 1540; x_wconf 90' lang='lat' dir='ltr'>aliud</span> <span class='ocrx_word' id='word_1_115' title='bbox 520 1477 653 1558; x_wconf 85' lang='lat' dir='ltr'>petatur.⁴</span> 
     </span>
    </p>

    <p class='ocr_par' dir='ltr' id='par_1_7' title="bbox 234 1562 1153 1876">
     <span class='ocr_line' id='line_1_17' title="bbox 276 1562 1037 1641; baseline -0.003 -16"><span class='ocrx_word' id='word_1_116' title='bbox 276 1568 306 1625; x_wconf 83' lang='lat'>8.</span> <span class='ocrx_word' id='word_1_117' title='bbox 328 1568 385 1624; x_wconf 87' lang='lat' dir='ltr'>bib.</span> <span class='ocrx_word' id='word_1_118' title='bbox 400 1570 432 1623; x_wconf 92' lang='lat' dir='ltr'>ll.</span> <span class='ocrx_word' id='word_1_119' title='bbox 447 1576 517 1623; x_wconf 89' lang='lat' dir='ltr'>sent.</span> <span class='ocrx_word' id='word_1_120' title='bbox 534 1566 618 1622; x_wconf 90' lang='lat' dir='ltr'>Paulli</span> <span class='ocrx_word' id='word_1_121' title='bbox 632 1567 677 1622; x_wconf 91' lang='lat' dir='ltr'>tit.</span> <span class='ocrx_word' id='word_1_122' title='bbox 693 1584 725 1623; x_wconf 83' lang='lat' dir='ltr'>er</span> <span class='ocrx_word' id='word_1_123' title='bbox 740 1575 831 1641; x_wconf 89' lang='lat' dir='ltr'>empto</span> <span class='ocrx_word' id='word_1_124' title='bbox 848 1574 875 1623; x_wconf 90' lang='lat' dir='ltr'>et</span> <span class='ocrx_word' id='word_1_125' title='bbox 890 1562 1037 1623; x_wconf 77' lang='lat' dir='ltr'>uenditor⁵</span> 
     </span>
     <span class='ocr_line' id='line_1_18' title="bbox 235 1648 1153 1725; baseline 0.001 -18"><span class='ocrx_word' id='word_1_126' title='bbox 235 1649 384 1707; x_wconf 89' lang='lat' dir='ltr'>lleredibus</span> <span class='ocrx_word' id='word_1_127' title='bbox 407 1648 536 1705; x_wconf 89' lang='lat' dir='ltr'>debitoris</span> <span class='ocrx_word' id='word_1_128' title='bbox 558 1650 688 1707; x_wconf 86' lang='lat' dir='ltr'>aduersus</span> <span class='ocrx_word' id='word_1_129' title='bbox 711 1651 884 1721; x_wconf 87' lang='lat' dir='ltr'>creditorem,</span> <span class='ocrx_word' id='word_1_130' title='bbox 907 1652 952 1725; x_wconf 90' lang='lat' dir='ltr'>qui</span> <span class='ocrx_word' id='word_1_131' title='bbox 973 1653 1089 1724; x_wconf 82' lang='lat' dir='ltr'>pignora</span> <span class='ocrx_word' id='word_1_132' title='bbox 1106 1653 1153 1710; x_wconf 91' lang='lat' dir='ltr'>uel</span> 
     </span>
     <span class='ocr_line' id='line_1_19' title="bbox 236 1733 1153 1806; baseline 0.003 -16"><span class='ocrx_word' id='word_1_133' title='bbox 236 1735 346 1792; x_wconf 89' lang='lat' dir='ltr'>liducias</span> <span class='ocrx_word' id='word_1_134' title='bbox 357 1734 493 1805; x_wconf 84' lang='lat' dir='ltr'>distraxit,</span> <span class='ocrx_word' id='word_1_135' title='bbox 505 1733 578 1789; x_wconf 91' lang='lat' dir='ltr'>nulla</span> <span class='ocrx_word' id='word_1_136' title='bbox 593 1735 663 1791; x_wconf 91' lang='lat' dir='ltr'>actio</span> <span class='ocrx_word' id='word_1_137' title='bbox 676 1734 766 1806; x_wconf 93' lang='lat' dir='ltr'>datur,</span> <span class='ocrx_word' id='word_1_138' title='bbox 783 1737 835 1790; x_wconf 85' lang='lat' dir='ltr'>nisi</span> <span class='ocrx_word' id='word_1_139' title='bbox 850 1752 864 1790; x_wconf 94' lang='lat' dir='ltr'>a</span> <span class='ocrx_word' id='word_1_140' title='bbox 880 1742 1010 1791; x_wconf 89' lang='lat' dir='ltr'>testatore</span> <span class='ocrx_word' id='word_1_141' title='bbox 1022 1736 1153 1793; x_wconf 87' lang='lat' dir='ltr'>inchoata</span> 
     </span>
     <span class='ocr_line' id='line_1_20' title="bbox 234 1819 562 1876; baseline 0 -1"><span class='ocrx_word' id='word_1_142' title='bbox 234 1820 267 1876; x_wconf 91' lang='lat' dir='ltr'>ad</span> <span class='ocrx_word' id='word_1_143' title='bbox 282 1835 330 1875; x_wconf 88' lang='lat' dir='ltr'>eos</span> <span class='ocrx_word' id='word_1_144' title='bbox 345 1819 503 1875; x_wconf 89' lang='lat' dir='ltr'>transmissa</span> <span class='ocrx_word' id='word_1_145' title='bbox 517 1820 562 1875; x_wconf 90' lang='lat' dir='ltr'>sit.</span> 
     </span>
    </p>

    <p class='ocr_par' dir='ltr' id='par_1_8' title="bbox 235 1894 1244 2127">
     <span class='ocr_line' id='line_1_21' title="bbox 277 1894 883 1977; baseline -0.007 -16"><span class='ocrx_word' id='word_1_146' title='bbox 277 1901 307 1963; x_wconf 86' lang='grc'>9.</span> <span class='ocrx_word' id='word_1_147' title='bbox 330 1901 387 1959; x_wconf 85' lang='lat' dir='ltr'>bib.</span> <span class='ocrx_word' id='word_1_148' title='bbox 403 1901 445 1958; x_wconf 92' lang='lat' dir='ltr'>lll.</span> <span class='ocrx_word' id='word_1_149' title='bbox 462 1901 535 1958; x_wconf 86' lang='lat' dir='ltr'>Paul.</span> <span class='ocrx_word' id='word_1_150' title='bbox 552 1911 623 1960; x_wconf 87' lang='lat' dir='ltr'>sent.</span> <span class='ocrx_word' id='word_1_151' title='bbox 640 1904 684 1959; x_wconf 90' lang='lat' dir='ltr'>tit.</span> <span class='ocrx_word' id='word_1_152' title='bbox 700 1901 733 1958; x_wconf 92' lang='lat' dir='ltr'>de</span> <span class='ocrx_word' id='word_1_153' title='bbox 749 1894 883 1977; x_wconf 76' lang='lat' dir='ltr'>legatis:⁶</span> 
     </span>
     <span class='ocr_line' id='line_1_22' title="bbox 235 1985 1244 2060; baseline 0.001 -17"><span class='ocrx_word' id='word_1_154' title='bbox 235 1988 302 2043; x_wconf 84' lang='lat' dir='ltr'>Post</span> <span class='ocrx_word' id='word_1_155' title='bbox 317 1986 388 2042; x_wconf 88' lang='lat' dir='ltr'>diem</span> <span class='ocrx_word' id='word_1_156' title='bbox 403 1986 485 2060; x_wconf 80' lang='lat' dir='ltr'>legati</span> <span class='ocrx_word' id='word_1_157' title='bbox 500 1985 641 2042; x_wconf 89' lang='lat' dir='ltr'>cedentem</span> <span class='ocrx_word' id='word_1_158' title='bbox 653 1986 735 2057; x_wconf 88' lang='lat' dir='ltr'>actio,</span> <span class='ocrx_word' id='word_1_159' title='bbox 752 2002 820 2058; x_wconf 89' lang='lat' dir='ltr'>quae</span> <span class='ocrx_word' id='word_1_160' title='bbox 835 1985 959 2042; x_wconf 90' lang='lat' dir='ltr'>inchoata</span> <span class='ocrx_word' id='word_1_161' title='bbox 974 2002 1029 2043; x_wconf 91' lang='lat' dir='ltr'>non</span> <span class='ocrx_word' id='word_1_162' title='bbox 1044 1996 1101 2059; x_wconf 92' lang='lat' dir='ltr'>est,</span> <span class='ocrx_word' id='word_1_163' title='bbox 1115 1990 1152 2045; x_wconf 93' lang='lat' dir='ltr'>ad</span> <span class='ocrx_word' id='word_1_164' title='bbox 1243 1994 1244 2009; x_wconf 59' lang='lat'>³</span> 
     </span>
     <span class='ocr_line' id='line_1_23' title="bbox 235 2066 652 2127; baseline -0.007 0"><span class='ocrx_word' id='word_1_165' title='bbox 235 2066 364 2127; x_wconf 89' lang='lat' dir='ltr'>heredem</span> <span class='ocrx_word' id='word_1_166' title='bbox 378 2086 434 2126; x_wconf 91' lang='lat' dir='ltr'>non</span> <span class='ocrx_word' id='word_1_167' title='bbox 449 2070 652 2126; x_wconf 87' lang='lat' dir='ltr'>transmittitur.</span> 
     </span>
    </p>

    <p class='ocr_par' dir='ltr' id='par_1_9' title="bbox 276 2150 1152 2227">
     <span class='ocr_line' id='line_1_24' title="bbox 276 2150 1152 2227; baseline -0.002 -16"><span class='ocrx_word' id='word_1_168' title='bbox 276 2150 325 2211; x_wconf 89' lang='lat' dir='ltr'>lo.</span> <span class='ocrx_word' id='word_1_169' title='bbox 348 2154 413 2209; x_wconf 90' lang='lat' dir='ltr'>ltem</span> <span class='ocrx_word' id='word_1_170' title='bbox 429 2153 544 2225; x_wconf 85' lang='lat' dir='ltr'>qualiter</span> <span class='ocrx_word' id='word_1_171' title='bbox 565 2152 674 2209; x_wconf 91' lang='lat' dir='ltr'>donatio</span> <span class='ocrx_word' id='word_1_172' title='bbox 697 2150 755 2209; x_wconf 88' lang='lat' dir='ltr'>lieri</span> <span class='ocrx_word' id='word_1_173' title='bbox 777 2152 882 2224; x_wconf 87' lang='lat' dir='ltr'>debeat,</span> <span class='ocrx_word' id='word_1_174' title='bbox 902 2170 934 2209; x_wconf 83' lang='lat' dir='ltr'>en</span> <span class='ocrx_word' id='word_1_175' title='bbox 949 2169 1063 2227; x_wconf 89' lang='lat' dir='ltr'>corpore</span> <span class='ocrx_word' id='word_1_176' title='bbox 1080 2154 1152 2211; x_wconf 87' lang='lat' dir='ltr'>ller-</span> 
     </span>
    </p>

    <p class='ocr_par' dir='ltr' id='par_1_10' title="bbox 194 2236 860 2311">
     <span class='ocr_line' id='line_1_25' title="bbox 194 2236 860 2311; baseline -0.003 -16"><span class='ocrx_word' id='word_1_177' title='bbox 194 2238 357 2311; x_wconf 85' lang='lat' dir='ltr'>mogeniani,</span> <span class='ocrx_word' id='word_1_178' title='bbox 372 2238 414 2297; x_wconf 82' lang='lat' dir='ltr'>tit.</span> <span class='ocrx_word' id='word_1_179' title='bbox 431 2236 464 2293; x_wconf 91' lang='lat' dir='ltr'>de</span> <span class='ocrx_word' id='word_1_180' title='bbox 479 2236 570 2293; x_wconf 89' lang='lat' dir='ltr'>donat.</span> <span class='ocrx_word' id='word_1_181' title='bbox 586 2238 658 2293; x_wconf 89' lang='lat' dir='ltr'>inter</span> <span class='ocrx_word' id='word_1_182' title='bbox 672 2238 724 2292; x_wconf 91' lang='lat' dir='ltr'>uir.</span> <span class='ocrx_word' id='word_1_183' title='bbox 740 2246 768 2291; x_wconf 91' lang='lat' dir='ltr'>et</span> <span class='ocrx_word' id='word_1_184' title='bbox 782 2252 860 2293; x_wconf 86' lang='lat' dir='ltr'>uxor.</span> 
     </span>
    </p>

    <p class='ocr_par' dir='ltr' id='par_1_11' title="bbox 235 2316 1243 2897">
     <span class='ocr_line' id='line_1_26' title="bbox 237 2316 1243 2395; baseline 0.004 -18"><span class='ocrx_word' id='word_1_185' title='bbox 237 2316 340 2395; x_wconf 85' lang='lat' dir='ltr'>⁷lmpp.</span> <span class='ocrx_word' id='word_1_186' title='bbox 356 2320 536 2378; x_wconf 80' lang='lat' dir='ltr'>Diocletianus</span> <span class='ocrx_word' id='word_1_187' title='bbox 558 2328 585 2376; x_wconf 90' lang='lat' dir='ltr'>et</span> <span class='ocrx_word' id='word_1_188' title='bbox 599 2320 771 2376; x_wconf 81' lang='lat' dir='ltr'>llasimianus</span> <span class='ocrx_word' id='word_1_189' title='bbox 786 2321 841 2375; x_wconf 81' lang='lat' dir='ltr'>nl.</span> <span class='ocrx_word' id='word_1_190' title='bbox 853 2319 982 2393; x_wconf 84' lang='lat' dir='ltr'>Septimio</span> <span class='ocrx_word' id='word_1_191' title='bbox 993 2319 1150 2381; x_wconf 85' lang='lat' dir='ltr'>Sabiniano.</span> <span class='ocrx_word' id='word_1_192' title='bbox 1242 2376 1243 2381; x_wconf 73' lang='grc'>,</span> 
     </span>
     <span class='ocr_line' id='line_1_27' title="bbox 236 2392 1243 2478; baseline -0.001 -15"><span class='ocrx_word' id='word_1_193' title='bbox 236 2407 300 2463; x_wconf 85' lang='lat' dir='ltr'>Cum</span> <span class='ocrx_word' id='word_1_194' title='bbox 323 2404 356 2460; x_wconf 92' lang='lat' dir='ltr'>de</span> <span class='ocrx_word' id='word_1_195' title='bbox 378 2404 457 2460; x_wconf 90' lang='lat' dir='ltr'>bonis</span> <span class='ocrx_word' id='word_1_196' title='bbox 479 2406 533 2460; x_wconf 92' lang='lat' dir='ltr'>tuis</span> <span class='ocrx_word' id='word_1_197' title='bbox 555 2412 657 2478; x_wconf 83' lang='lat' dir='ltr'>partem</span> <span class='ocrx_word' id='word_1_198' title='bbox 679 2403 786 2477; x_wconf 89' lang='lat' dir='ltr'>quidem</span> <span class='ocrx_word' id='word_1_199' title='bbox 809 2406 916 2460; x_wconf 86' lang='lat' dir='ltr'>tertiam</span> <span class='ocrx_word' id='word_1_200' title='bbox 930 2420 1014 2477; x_wconf 90' lang='lat' dir='ltr'>penes</span> <span class='ocrx_word' id='word_1_201' title='bbox 1033 2412 1062 2461; x_wconf 88' lang='lat' dir='ltr'>te</span> <span class='ocrx_word' id='word_1_202' title='bbox 1083 2408 1152 2462; x_wconf 91' lang='lat' dir='ltr'>reti·</span> <span class='ocrx_word' id='word_1_203' title='bbox 1242 2392 1243 2423; x_wconf 29' lang='grc' dir='ltr'><strong>ἶ</strong></span> 
     </span>
     <span class='ocr_line' id='line_1_28' title="bbox 235 2482 1151 2562; baseline 0.001 -17"><span class='ocrx_word' id='word_1_204' title='bbox 235 2492 336 2560; x_wconf 90' lang='lat' dir='ltr'>nuisse,</span> <span class='ocrx_word' id='word_1_205' title='bbox 359 2498 461 2562; x_wconf 88' lang='lat' dir='ltr'>partem</span> <span class='ocrx_word' id='word_1_206' title='bbox 485 2504 551 2544; x_wconf 92' lang='lat' dir='ltr'>uero</span> <span class='ocrx_word' id='word_1_207' title='bbox 574 2489 679 2543; x_wconf 91' lang='lat' dir='ltr'>tertiam</span> <span class='ocrx_word' id='word_1_208' title='bbox 702 2489 729 2543; x_wconf 91' lang='lat' dir='ltr'>in</span> <span class='ocrx_word' id='word_1_209' title='bbox 751 2504 820 2552; x_wconf 90' lang='lat' dir='ltr'>eum,</span> <span class='ocrx_word' id='word_1_210' title='bbox 843 2503 922 2561; x_wconf 87' lang='lat' dir='ltr'>quem</span> <span class='ocrx_word' id='word_1_211' title='bbox 938 2482 989 2543; x_wconf 86' lang='lat' dir='ltr'>’iu⁸</span> <span class='ocrx_word' id='word_1_212' title='bbox 1010 2496 1151 2561; x_wconf 88' lang='lat' dir='ltr'>potestate</span> 
     </span>
     <span class='ocr_line' id='line_1_29' title="bbox 237 2565 1217 2645; baseline 0.006 -18"><span class='ocrx_word' id='word_1_213' title='bbox 237 2565 354 2642; x_wconf 76' lang='lat' dir='ltr'>’habes,⁰</span> <span class='ocrx_word' id='word_1_214' title='bbox 369 2588 401 2627; x_wconf 88' lang='lat' dir='ltr'>ac</span> <span class='ocrx_word' id='word_1_215' title='bbox 418 2573 526 2627; x_wconf 87' lang='lat' dir='ltr'>tertiam</span> <span class='ocrx_word' id='word_1_216' title='bbox 551 2574 580 2627; x_wconf 93' lang='lat' dir='ltr'>iu</span> <span class='ocrx_word' id='word_1_217' title='bbox 600 2574 796 2645; x_wconf 88' lang='lat' dir='ltr'>emancipatum</span> <span class='ocrx_word' id='word_1_218' title='bbox 818 2571 970 2627; x_wconf 89' lang='lat' dir='ltr'>donationis</span> <span class='ocrx_word' id='word_1_219' title='bbox 986 2571 1067 2628; x_wconf 91' lang='lat' dir='ltr'>titulo</span> <span class='ocrx_word' id='word_1_220' title='bbox 1084 2589 1151 2630; x_wconf 90' lang='lat' dir='ltr'>con·</span> <span class='ocrx_word' id='word_1_221' title='bbox 1162 2595 1217 2643; x_wconf 79' lang='lat' dir='ltr'>[rac]</span> 
     </span>
     <span class='ocr_line' id='line_1_30' title="bbox 236 2655 1150 2729; baseline 0.002 -19"><span class='ocrx_word' id='word_1_222' title='bbox 236 2655 333 2711; x_wconf 90' lang='lat' dir='ltr'>tulisse</span> <span class='ocrx_word' id='word_1_223' title='bbox 354 2669 557 2715; x_wconf 89' lang='lat' dir='ltr'>commemores,</span> <span class='ocrx_word' id='word_1_224' title='bbox 571 2669 627 2710; x_wconf 92' lang='lat' dir='ltr'>non</span> <span class='ocrx_word' id='word_1_225' title='bbox 643 2663 685 2710; x_wconf 90' lang='lat' dir='ltr'>est</span> <span class='ocrx_word' id='word_1_226' title='bbox 706 2657 771 2711; x_wconf 91' lang='lat' dir='ltr'>iuris</span> <span class='ocrx_word' id='word_1_227' title='bbox 787 2657 892 2726; x_wconf 87' lang='lat' dir='ltr'>incerti,</span> <span class='ocrx_word' id='word_1_228' title='bbox 907 2658 934 2711; x_wconf 92' lang='lat' dir='ltr'>in</span> <span class='ocrx_word' id='word_1_229' title='bbox 949 2671 1011 2711; x_wconf 90' lang='lat' dir='ltr'>eum</span> <span class='ocrx_word' id='word_1_230' title='bbox 1027 2656 1150 2729; x_wconf 88' lang='lat' dir='ltr'>quidem,</span> 
     </span>
     <span class='ocr_line' id='line_1_31' title="bbox 236 2735 1150 2813; baseline 0.003 -20"><span class='ocrx_word' id='word_1_231' title='bbox 236 2739 331 2813; x_wconf 88' lang='lat' dir='ltr'>quiin</span> <span class='ocrx_word' id='word_1_232' title='bbox 354 2736 437 2792; x_wconf 91' lang='lat' dir='ltr'>sacris</span> <span class='ocrx_word' id='word_1_233' title='bbox 459 2735 574 2791; x_wconf 75' lang='lat' dir='ltr'>familiae</span> <span class='ocrx_word' id='word_1_234' title='bbox 596 2745 659 2792; x_wconf 90' lang='lat' dir='ltr'>tuae</span> <span class='ocrx_word' id='word_1_235' title='bbox 681 2748 816 2810; x_wconf 86' lang='lat' dir='ltr'>remanet,</span> <span class='ocrx_word' id='word_1_236' title='bbox 839 2738 1045 2795; x_wconf 88' lang='lat' dir='ltr'>destinationem</span> <span class='ocrx_word' id='word_1_237' title='bbox 1061 2744 1150 2813; x_wconf 83' lang='lat' dir='ltr'>magis</span> 
     </span>
     <span class='ocr_line' id='line_1_32' title="bbox 237 2816 1150 2897; baseline 0.001 -18"><span class='ocrx_word' id='word_1_238' title='bbox 237 2832 364 2897; x_wconf 88' lang='lat' dir='ltr'>paternae</span> <span class='ocrx_word' id='word_1_239' title='bbox 378 2818 528 2875; x_wconf 90' lang='lat' dir='ltr'>uoluntatis</span> <span class='ocrx_word' id='word_1_240' title='bbox 553 2819 658 2891; x_wconf 89' lang='lat' dir='ltr'>iactam,</span> <span class='ocrx_word' id='word_1_241' title='bbox 675 2837 752 2894; x_wconf 91' lang='lat' dir='ltr'>quam</span> <span class='ocrx_word' id='word_1_242' title='bbox 769 2822 925 2896; x_wconf 84' lang='lat' dir='ltr'>’perlectam</span> <span class='ocrx_word' id='word_1_243' title='bbox 933 2816 958 2857; x_wconf 84' lang='lat'>¹⁰</span> <span class='ocrx_word' id='word_1_244' title='bbox 974 2822 1150 2880; x_wconf 91' lang='lat' dir='ltr'>donationem</span> 
     </span>
    </p>
   </div>
   <div class='ocr_carea' id='block_1_3' title="bbox 193 2957 404 2968">
    <p class='ocr_par' dir='ltr' id='par_1_12' title="bbox 193 2957 404 2968">
     <span class='ocr_line' id='line_1_33' title="bbox 193 2957 404 2968; baseline -0.014 0"><span class='ocrx_word' id='word_1_245' title='bbox 193 2957 404 2968; x_wconf 80' lang='lat'>..—.——-——</span> 
     </span>
    </p>
   </div>
   <div class='ocr_carea' id='block_1_4' title="bbox 190 3024 1240 3578">
    <p class='ocr_par' dir='ltr' id='par_1_13' title="bbox 190 3024 1240 3578">
     <span class='ocr_line' id='line_1_34' title="bbox 267 3024 1149 3092; baseline 0.003 -17"><span class='ocrx_word' id='word_1_246' title='bbox 267 3025 287 3092; x_wconf 85' lang='grc'>1)</span> <span class='ocrx_word' id='word_1_247' title='bbox 302 3027 343 3075; x_wconf 86' lang='lat' dir='ltr'>lib.</span> <span class='ocrx_word' id='word_1_248' title='bbox 358 3026 376 3073; x_wconf 96' lang='lat' dir='ltr'>l.</span> <span class='ocrx_word' id='word_1_249' title='bbox 392 3031 492 3073; x_wconf 79' lang='lat' dir='ltr'>sentent.</span> <span class='ocrx_word' id='word_1_250' title='bbox 512 3026 548 3074; x_wconf 89' lang='lat' dir='ltr'>tit.</span> <span class='ocrx_word' id='word_1_251' title='bbox 568 3037 588 3077; x_wconf 85' lang='lat' dir='ltr'>a.</span> <span class='ocrx_word' id='word_1_252' title='bbox 608 3026 665 3076; x_wconf 87' lang='lat' dir='ltr'>edd.</span> <span class='ocrx_word' id='word_1_253' title='bbox 701 3024 758 3075; x_wconf 87' lang='lat' dir='ltr'>Non</span> <span class='ocrx_word' id='word_1_254' title='bbox 777 3026 877 3084; x_wconf 84' lang='lat' dir='ltr'>dubito,</span> <span class='ocrx_word' id='word_1_255' title='bbox 893 3028 954 3091; x_wconf 81' lang='lat' dir='ltr'>patin</span> <span class='ocrx_word' id='word_1_256' title='bbox 968 3030 1068 3091; x_wconf 78' lang='lat' dir='ltr'>siphum</span> <span class='ocrx_word' id='word_1_257' title='bbox 1083 3040 1103 3079; x_wconf 87' lang='lat' dir='ltr'>o.</span> <span class='ocrx_word' id='word_1_258' title='bbox 1120 3031 1149 3078; x_wconf 83' lang='lat' dir='ltr'>in</span> 
     </span>
     <span class='ocr_line' id='line_1_35' title="bbox 194 3096 1240 3159; baseline 0.002 -12"><span class='ocrx_word' id='word_1_259' title='bbox 194 3099 282 3148; x_wconf 86' lang='lat' dir='ltr'>codice</span> <span class='ocrx_word' id='word_1_260' title='bbox 294 3098 377 3159; x_wconf 83' lang='lat' dir='ltr'>suerit</span> <span class='ocrx_word' id='word_1_261' title='bbox 391 3096 416 3144; x_wconf 90' lang='lat' dir='ltr'>P.</span> <span class='ocrx_word' id='word_1_262' title='bbox 427 3116 461 3137; x_wconf 69' lang='grc' dir='ltr'>ει</span> <span class='ocrx_word' id='word_1_263' title='bbox 472 3096 578 3154; x_wconf 83' lang='lat' dir='ltr'>Paulus,</span> <span class='ocrx_word' id='word_1_264' title='bbox 593 3103 618 3145; x_wconf 84' lang='lat' dir='ltr'>et</span> <span class='ocrx_word' id='word_1_265' title='bbox 627 3096 659 3145; x_wconf 87' lang='lat' dir='ltr'>ab</span> <span class='ocrx_word' id='word_1_266' title='bbox 669 3096 811 3145; x_wconf 84' lang='lat' dir='ltr'>editoribus</span> <span class='ocrx_word' id='word_1_267' title='bbox 820 3097 917 3146; x_wconf 87' lang='lat' dir='ltr'>demum</span> <span class='ocrx_word' id='word_1_268' title='bbox 928 3112 996 3159; x_wconf 85' lang='lat' dir='ltr'>pone</span> <span class='ocrx_word' id='word_1_269' title='bbox 1009 3099 1045 3146; x_wconf 91' lang='lat' dir='ltr'>tit.</span> <span class='ocrx_word' id='word_1_270' title='bbox 1060 3105 1149 3149; x_wconf 82' lang='lat' dir='ltr'>trans·</span> <span class='ocrx_word' id='word_1_271' title='bbox 1239 3120 1240 3129; x_wconf 52' lang='lat'>³</span> 
     </span>
     <span class='ocr_line' id='line_1_36' title="bbox 194 3162 1149 3232; baseline 0.002 -14"><span class='ocrx_word' id='word_1_272' title='bbox 194 3170 327 3218; x_wconf 85' lang='lat' dir='ltr'>latumsit.</span> <span class='ocrx_word' id='word_1_273' title='bbox 356 3162 642 3218; x_wconf 71' lang='lat' dir='ltr'>Locureaestardrsi.</span> <span class='ocrx_word' id='word_1_274' title='bbox 657 3168 679 3227; x_wconf 64' lang='grc' dir='ltr'>ἓ.</span> <span class='ocrx_word' id='word_1_275' title='bbox 694 3178 715 3216; x_wconf 82' lang='lat'>4.</span> <span class='ocrx_word' id='word_1_276' title='bbox 777 3163 896 3232; x_wconf 67' lang='lat' dir='ltr'>²)Ltub.</span> <span class='ocrx_word' id='word_1_277' title='bbox 912 3169 934 3229; x_wconf 77' lang='lat'>§-</span> <span class='ocrx_word' id='word_1_278' title='bbox 949 3179 969 3218; x_wconf 78' lang='lat' dir='ltr'>o.</span> <span class='ocrx_word' id='word_1_279' title='bbox 1031 3164 1149 3231; x_wconf 72' lang='lat' dir='ltr'>⁶)Initio</span> 
     </span>
     <span class='ocr_line' id='line_1_37' title="bbox 190 3236 1149 3301; baseline 0.004 -17"><span class='ocrx_word' id='word_1_280' title='bbox 190 3252 242 3301; x_wconf 86' lang='lat' dir='ltr'>pro</span> <span class='ocrx_word' id='word_1_281' title='bbox 251 3237 313 3285; x_wconf 88' lang='lat' dir='ltr'>idem</span> <span class='ocrx_word' id='word_1_282' title='bbox 322 3239 420 3299; x_wconf 86' lang='lat' dir='ltr'>scripsi</span> <span class='ocrx_word' id='word_1_283' title='bbox 429 3237 495 3287; x_wconf 89' lang='lat' dir='ltr'>ltcm.</span> <span class='ocrx_word' id='word_1_284' title='bbox 518 3236 592 3295; x_wconf 84' lang='lat' dir='ltr'>Quod</span> <span class='ocrx_word' id='word_1_285' title='bbox 601 3244 662 3298; x_wconf 84' lang='lat' dir='ltr'>poet</span> <span class='ocrx_word' id='word_1_286' title='bbox 671 3236 707 3284; x_wconf 84' lang='lat' dir='ltr'>tit.</span> <span class='ocrx_word' id='word_1_287' title='bbox 718 3236 774 3286; x_wconf 85' lang='lat' dir='ltr'>edd.</span> <span class='ocrx_word' id='word_1_288' title='bbox 786 3237 939 3298; x_wconf 72' lang='lat' dir='ltr'>audentii,</span> <span class='ocrx_word' id='word_1_289' title='bbox 949 3246 1035 3286; x_wconf 85' lang='lat' dir='ltr'>natum</span> <span class='ocrx_word' id='word_1_290' title='bbox 1045 3239 1149 3288; x_wconf 81' lang='lat' dir='ltr'>videtur</span> 
     </span>
     <span class='ocr_line' id='line_1_38' title="bbox 194 3301 1148 3372; baseline 0.003 -16"><span class='ocrx_word' id='word_1_291' title='bbox 194 3309 360 3370; x_wconf 74' lang='lat' dir='ltr'>exsequenti</span> <span class='ocrx_word' id='word_1_292' title='bbox 378 3308 410 3357; x_wconf 91' lang='lat' dir='ltr'>in.</span> <span class='ocrx_word' id='word_1_293' title='bbox 434 3301 589 3357; x_wconf 64' lang='lat' dir='ltr'>matini.</span> <span class='ocrx_word' id='word_1_294' title='bbox 609 3308 632 3367; x_wconf 76' lang='lat'>5.</span> <span class='ocrx_word' id='word_1_295' title='bbox 652 3318 671 3356; x_wconf 77' lang='lat' dir='ltr'>a.</span> <span class='ocrx_word' id='word_1_296' title='bbox 745 3302 868 3370; x_wconf 69' lang='lat' dir='ltr'>⁴)Ltub.</span> <span class='ocrx_word' id='word_1_297' title='bbox 888 3309 909 3367; x_wconf 67' lang='grc' dir='ltr'>ς.</span> <span class='ocrx_word' id='word_1_298' title='bbox 925 3319 945 3355; x_wconf 89' lang='lat'>1.</span> <span class='ocrx_word' id='word_1_299' title='bbox 1020 3306 1148 3372; x_wconf 69' lang='lat' dir='ltr'>⁶)IL17.</span> 
     </span>
     <span class='ocr_line' id='line_1_39' title="bbox 194 3372 1239 3441; baseline 0.002 -16"><span class='ocrx_word' id='word_1_300' title='bbox 194 3376 466 3436; x_wconf 56' lang='lat' dir='ltr'>§.tumbividnot</span> <span class='ocrx_word' id='word_1_301' title='bbox 525 3373 613 3441; x_wconf 79' lang='lat'>⁶)111.</span> <span class='ocrx_word' id='word_1_302' title='bbox 628 3387 648 3425; x_wconf 83' lang='lat' dir='ltr'>c.</span> <span class='ocrx_word' id='word_1_303' title='bbox 664 3377 687 3435; x_wconf 68' lang='grc' dir='ltr'>ἓ.</span> <span class='ocrx_word' id='word_1_304' title='bbox 702 3385 723 3424; x_wconf 85' lang='lat' dir='ltr'>u.</span> <span class='ocrx_word' id='word_1_305' title='bbox 784 3372 1149 3439; x_wconf 63' lang='grc' dir='ltr'>π)οβ.1&gt;.11.(λάεᾱοπαε.</span> <span class='ocrx_word' id='word_1_306' title='bbox 1238 3408 1239 3436; x_wconf 61' lang='lat'>,</span> 
     </span>
     <span class='ocr_line' id='line_1_40' title="bbox 194 3441 1149 3509; baseline 0.003 -15"><span class='ocrx_word' id='word_1_307' title='bbox 194 3444 226 3506; x_wconf 80' lang='lat' dir='ltr'>(s,</span> <span class='ocrx_word' id='word_1_308' title='bbox 240 3446 284 3509; x_wconf 81' lang='lat'>54).</span> <span class='ocrx_word' id='word_1_309' title='bbox 304 3447 412 3495; x_wconf 84' lang='lat' dir='ltr'>Haenet.</span> <span class='ocrx_word' id='word_1_310' title='bbox 431 3446 468 3493; x_wconf 85' lang='lat' dir='ltr'>ad</span> <span class='ocrx_word' id='word_1_311' title='bbox 484 3446 573 3494; x_wconf 80' lang='lat' dir='ltr'>Herm.</span> <span class='ocrx_word' id='word_1_312' title='bbox 590 3444 615 3493; x_wconf 81' lang='lat'>0.</span> <span class='ocrx_word' id='word_1_313' title='bbox 632 3460 660 3507; x_wconf 90' lang='lat' dir='ltr'>p.</span> <span class='ocrx_word' id='word_1_314' title='bbox 676 3455 709 3493; x_wconf 85' lang='lat' dir='ltr'>tt.</span> <span class='ocrx_word' id='word_1_315' title='bbox 783 3441 804 3508; x_wconf 83' lang='lat'>⁸)</span> <span class='ocrx_word' id='word_1_316' title='bbox 819 3445 864 3493; x_wconf 79' lang='lat' dir='ltr'>Ean</span> <span class='ocrx_word' id='word_1_317' title='bbox 877 3445 940 3494; x_wconf 83' lang='lat' dir='ltr'>luet.</span> <span class='ocrx_word' id='word_1_318' title='bbox 958 3446 983 3495; x_wconf 84' lang='lat'>0.</span> <span class='ocrx_word' id='word_1_319' title='bbox 1002 3454 1027 3495; x_wconf 88' lang='lat' dir='ltr'>tn</span> <span class='ocrx_word' id='word_1_320' title='bbox 1046 3448 1069 3495; x_wconf 92' lang='lat' dir='ltr'>in</span> <span class='ocrx_word' id='word_1_321' title='bbox 1088 3449 1149 3497; x_wconf 85' lang='lat' dir='ltr'>edd.</span> 
     </span>
     <span class='ocr_line' id='line_1_41' title="bbox 196 3510 995 3578; baseline 0.004 -17"><span class='ocrx_word' id='word_1_322' title='bbox 196 3510 217 3577; x_wconf 80' lang='lat'>⁹)</span> <span class='ocrx_word' id='word_1_323' title='bbox 232 3514 310 3564; x_wconf 76' lang='lat' dir='ltr'>Exi.</span> <span class='ocrx_word' id='word_1_324' title='bbox 328 3516 354 3566; x_wconf 85' lang='lat'>0.</span> <span class='ocrx_word' id='word_1_325' title='bbox 369 3515 473 3564; x_wconf 85' lang='lat' dir='ltr'>habebas</span> <span class='ocrx_word' id='word_1_326' title='bbox 488 3515 545 3564; x_wconf 86' lang='lat' dir='ltr'>edd.</span> <span class='ocrx_word' id='word_1_327' title='bbox 600 3510 632 3578; x_wconf 82' lang='lat'>1⁰)</span> <span class='ocrx_word' id='word_1_328' title='bbox 647 3511 727 3561; x_wconf 70' lang='grc' dir='ltr'>ΕΗ.</span> <span class='ocrx_word' id='word_1_329' title='bbox 745 3512 770 3562; x_wconf 85' lang='grc'>0.</span> <span class='ocrx_word' id='word_1_330' title='bbox 786 3522 923 3577; x_wconf 88' lang='lat' dir='ltr'>perpetuant</span> <span class='ocrx_word' id='word_1_331' title='bbox 937 3516 995 3564; x_wconf 87' lang='lat' dir='ltr'>edd.</span> 
     </span>
    </p>
   </div>
   <div class='ocr_carea' id='block_1_5' title="bbox 0 0 1276 3909">
    <p class='ocr_par' dir='ltr' id='par_1_14' title="bbox 0 0 1276 3909">
     <span class='ocr_line' id='line_1_42' title="bbox 0 0 1276 3909; baseline 0 0"><span class='ocrx_word' id='word_1_332' title='bbox 0 0 1276 3909; x_wconf 95' lang='lat' dir='ltr'> </span> 
     </span>
    </p>
   </div>
  </div>
 </body>
</html>
