2542 3909
161 137 178 189 2
239 136 267 167 ld.
282 134 395 168 Ponctvs
409 134 476 168 CATO
490 133 630 167 cnrtsomvs
645 143 681 151 -
694 130 825 166 svmtvs
838 130 933 165 mm
946 129 1048 165 Pteron.

163 258 166 265 ’
222 250 264 314 3.¹
289 255 463 311 ‘Mulieres
491 272 593 328 genes
625 272 665 311 ne
697 256 844 311 redunto
877 271 963 311 neue
995 254 1126 309 lessnm

162 339 295 398 funeris
323 355 406 411 ergo
435 338 607 394 hebento'.
652 338 709 395 lloc
735 346 843 395 ueteres
871 342 1034 411 interpretes
1061 336 1124 393 Sex.

161 422 264 491 Aelius,
286 420 317 477 L.
333 422 435 477 Acilius
450 438 506 477 non
521 423 585 476 satis
600 438 630 477 se
646 422 804 496 intellegere
820 422 958 490 dixerunt,
975 421 1022 477 sed
1038 422 1127 493 suspi-

161 505 215 562 cari
231 506 386 559 uestimenti
401 504 510 577 aliquod
527 522 613 579 genus
630 505 765 561 funebris:
780 506 810 562 L.
826 506 917 561 lelius
933 506 1034 561 lessum
1050 506 1126 577 qnasi

162 587 313 743 lpugugreglp
321 588 506 660 cinationem,
522 597 553 644 ut
567 605 622 645 uox
636 591 695 662 ipse
710 587 852 662 significet.
864 619 906 629 —-
918 588 971 645 Cic.
985 589 1019 645 de
1030 589 1084 662 leg.
1096 586 1126 661 2,

316 816 360 882 Μ.
382 816 566 884 PORotvs
589 817 704 884 Otto
728 814 971 884 CENSORIVS
1128 830 1162 878 [2]

463 922 543 990 (natus
558 940 579 973 a.
595 940 618 973 u.
634 934 681 975 tto.
697 924 758 973 obiit
771 923 829 989 tos).

387 1030 635 1091 commentarii
660 1032 750 1087 iuris
775 1030 902 1089 ciuilis.

226 1146 246 1205 L
270 1147 319 1215 Qui
344 1144 391 1221 (sc.
415 1148 540 1217 mundus)
564 1148 627 1222 quid
650 1150 687 1204 ita
708 1148 824 1218 dicatur,
847 1149 885 1202 sic
906 1146 990 1202 refert
1012 1144 1077 1201 Cato
1098 1146 1128 1201 in

164 1233 362 1288 commentariis
384 1231 450 1286 iuris
472 1227 588 1286 ciuilisz²
611 1231 721 1288 ‘llnndo
743 1248 842 1288 nomen
866 1231 1022 1304 impositum
1038 1237 1079 1285 ost
1095 1226 1128 1284 ab

164 1331 196 1371 eo
213 1314 324 1385 mundo,
340 1316 386 1389 qni
402 1330 482 1387 snpra
496 1331 547 1369 nos
562 1323 620 1383 est3
642 1315 727 1371 iormn
743 1318 813 1372 enim
828 1317 887 1371 eins
906 1324 959 1384 est,
981 1324 1012 1369 ut
1027 1330 1057 1368 ex
1075 1314 1127 1382 his,

166 1402 212 1472 qui
233 1402 381 1467 intrauere,
403 1414 570 1470 cognoscere
592 1402 681 1472 potui,
705 1399 832 1454 adsimilis
856 1399 939 1453 illae?
953 1428 996 1438 -
1011 1397 1083 1453 Fest.
1100 1414 1125 1450 v.

165 1483 277 1538 llnndus
291 1499 318 1554 p.
336 1480 397 1539 154
412 1481 517 1537 lltiller.

226 1562 253 1623 2.
276 1564 341 1621 Cato
364 1582 425 1621 cnm
447 1574 520 1619 esset
542 1565 683 1621 consultus
699 1566 854 1638 aquodam,
878 1567 924 1638 qui
939 1566 990 1621 sibi
1006 1580 1127 1621 erosesn

164 1649 295 1706 soricibus
311 1648 410 1722 caligas
426 1649 534 1711 diceret,
556 1650 710 1723 respondit:
733 1649 792 1705 lion
807 1666 867 1705 esse
882 1649 948 1704 illud
964 1657 1126 1719 monstrum,

165 1734 211 1788 sed
228 1748 294 1788 uere
309 1739 461 1788 monstrum
476 1731 629 1787 habendum
645 1732 739 1799 inisse,
755 1734 778 1788 si
792 1725 924 1789 sorices'a
939 1733 1032 1807 caligis
1047 1730 1126 1787 rode·

164 1825 271 1873 rentur.
287 1844 329 1859 -
343 1816 488 1889 Augustin.
505 1815 538 1871 do
553 1815 640 1871 doctr.
656 1815 755 1877 Christ.
772 1816 799 1882 2,
816 1817 867 1875 20.

354 1968 582 2035 NVMERIVS
605 1970 762 2036 FABIVS
785 1970 943 2038 PICTOR

429 2074 536 2141 (Catonis
555 2078 661 2141 aequalis
679 2079 757 2127 minor
774 2074 863 2144 ιιειῑιι).8

493 2182 581 2241 luris
604 2185 798 2258 pontificii.

227 2298 250 2358 1.
272 2298 338 2355 Nom
352 2302 439 2374 primo
460 2300 592 2373 pontificii
612 2304 678 2357 iuris
692 2302 762 2359 libro
777 2302 849 2376 epnd
864 2302 998 2358 Pictorem
1014 2298 1125 2355 uerbum
1167 2362 1171 2367 .

166 2385 217 2440 hoc
233 2386 352 2457 positum
368 2391 409 2438 est
424 2378 585 2442 ‘uitulari'.⁴
598 2417 641 2427 -
655 2386 771 2445 llncrob.
788 2387 843 2442 Sat.
860 2386 890 2456 3,
906 2384 934 2445 2.
951 2384 979 2454 S.
998 2383 1046 2439 11.

239 2526 259 2594 ¹)
282 2529 402 2579 Accessit
424 2541 444 2580 s.
469 2530 508 2579 ed.
554 2527 574 2595 ²)
595 2532 653 2582 Alii
675 2534 722 2585 itas
741 2534 935 2585 commutarios
956 2531 1060 2581 Catonis
1075 2531 1127 2592 filii

166 2616 220 2651 esse
231 2606 334 2663 putant.
358 2600 397 2649 De
414 2600 517 2650 Catonis
530 2606 663 2665 responsis
677 2606 711 2669 cf.
729 2606 780 2655 Cic.
796 2606 827 2653 de
843 2610 909 2654 orat.
923 2614 944 2665 s,
958 2613 992 2653 stt.
1023 2600 1127 2651 Catonis

163 2668 215 2735 sil&
229 2670 325 2725 iudicis
338 2671 395 2718 dati
408 2676 534 2721 sententia
548 2674 665 2737 refertur
674 2692 691 2724 a
702 2676 754 2725 Gic.
765 2676 797 2725 de
807 2676 875 2739 offic.
886 2686 907 2737 a,
918 2686 952 2734 tc,
960 2685 993 2724 tt.
1004 2679 1029 2723 et
1038 2672 1126 2721 Valer.

167 2742 241 2791 Man.
256 2752 277 2802 8,
292 2751 312 2802 t,
328 2752 348 2789 1.
384 2736 404 2805 ³)
418 2740 450 2790 Iu
469 2742 517 2792 iac
536 2748 646 2794 maxime
669 2753 773 2796 secutus
789 2761 845 2795 sum
859 2745 893 2794 Η.
909 2744 1009 2809 Meyer.
1024 2743 1060 2792 ad
1075 2742 1125 2791 otc.

168 2811 242 2859 Brut.
253 2822 287 2860 21.
295 2826 322 2874 p.
338 2821 371 2861 69.
388 2810 432 2859 ubi
445 2819 528 2862 tamen
534 2830 586 2877 pro
596 2818 721 2865 nneserins
732 2815 905 2882 (similibusve,
920 2816 988 2864 uude
997 2814 1055 2863 edd.
1066 2812 1127 2875 effe·

167 2888 258 2931 cerunt
272 2896 318 2929 nnn
329 2880 435 2943 Servius)
449 2898 484 2931 ecc
500 2884 551 2934 Oia.
566 2886 598 2935 de
613 2888 692 2936 dicia.
709 2899 729 2947 1,
744 2898 778 2937 21.
794 2887 927 2950 tepentium
937 2886 1030 2947 putaui
1040 2883 1126 2931 Nume-

167 2952 229 3010 rius3
244 2966 395 3015 quamquam
409 2951 446 3002 M.
460 2953 550 3005 Hertz.
566 2957 594 3005 iu
604 2956 672 3007 Mus.
689 2956 770 3007 Rieu.
788 2955 879 3004 XVII
885 2972 913 3020 p.
928 2966 975 3006 tte.
990 2956 1067 3005 etiam
1080 2952 1128 3001 itae

169 3022 220 3071 Oic.
241 3024 297 3071 loco
312 3022 449 3073 Numerium
467 3028 639 3075 exterminari
657 3028 750 3086 valuit,
769 3027 944 3089 adstipulante
961 3022 1128 3072 Bernhardio

168 3091 253 3142 Roem.
268 3091 350 3141 Liter.
362 3108 389 3156 p.
405 3105 451 3145 641.
466 3097 505 3145 ed.
519 3109 541 3147 4.
556 3097 622 3146 idem
636 3100 711 3157 enim,
725 3104 755 3147 ut
765 3097 856 3146 Cicero
866 3098 912 3156 uit,
926 3101 951 3142 et
964 3094 1023 3141 iuris
1038 3098 1062 3140 et
1075 3091 1128 3139 lite·

167 3177 247 3211 rarum
258 3164 435 3227 ctonthnitotis
444 3166 506 3215 hene
516 3168 607 3229 peritus
617 3175 844 3231 rerumgestarum
858 3166 939 3216 libros
951 3162 1058 3225 scripsit
1067 3168 1128 3210 teste

169 3233 234 3283 Nou.
250 3246 284 3293 tt,
303 3245 322 3284 t.
334 3250 363 3297 p.
378 3245 424 3287 518.
445 3234 529 3301 (iufra
549 3235 590 3302 5.),
611 3253 627 3287 a
646 3238 738 3301 quibus
756 3238 869 3287 eiusdem
889 3234 1003 3283 Graecos
1021 3234 1130 3281 annales

169 3304 220 3354 Cic.
236 3305 267 3353 de
281 3305 361 3353 diuiu.
377 3307 394 3355 l.
409 3321 431 3356 c.
446 3306 598 3357 distinxisse
612 3309 722 3357 uidetur.
747 3307 804 3356 Alii
818 3304 989 3356 uelutIIertz,
1003 3302 1128 3365 tatros.

168 3374 237 3423 Pltil.
248 3386 307 3425 toan.
319 3391 347 3438 p.
363 3386 397 3426 tt.
413 3378 557 3440 antiquiori
570 3376 597 3437 Q.
611 3378 691 3427 Fabio
701 3378 781 3429 libros
791 3378 859 3427 iuris
863 3375 995 3440 pontificii
1003 3373 1128 3424 tribuunt.

168 3440 190 3511 ⁴)
207 3443 244 3507 Os.
260 3445 303 3494 tit.
318 3460 397 3495 meum
411 3445 484 3511 Ipuo.
504 3446 595 3510 Tafelrt
605 3464 633 3511 p,
649 3460 696 3499 tot.
