2542 3909
410 228 475 262 mun
494 229 588 265 aarum
607 229 678 264 saur.
697 210 718 263 Ι.
740 217 779 264 14.
802 215 842 264 lb.
1036 209 1099 274 467

407 373 471 414 TIT.
487 374 547 415 xiv.
576 374 619 414 DE
633 373 687 415 vlu
701 371 844 418 Pvutatcat.

247 477 250 482 ’
332 469 377 550 [L.
392 475 411 532 3
426 493 474 547 pr.
498 476 533 531 D.
547 478 583 534 de
598 481 644 532 oia
655 477 736 548 publ.
753 469 821 552 (43,
839 469 918 550 10).)

209 555 234 615 1.
260 553 327 624 ¹Qui
355 561 423 615 uiam
450 558 582 643 pubiicum
605 561 771 631 esarauerit,
793 559 825 614 ad
848 561 1023 616 munitionem
1046 561 1103 615 cius

143 642 222 698 solus
237 642 416 715 compellitur.

208 851 211 857 ·
254 831 318 870 TIT.
333 831 383 872 XV.
415 829 991 879 11011111111111111111111111111.

211 928 235 986 1.
260 925 305 987 ²Si
331 933 485 1006 quadrupes
508 935 664 1007 pauperiem
693 933 788 989 iecerit
816 932 977 988 damnumuc
1000 931 1104 992 dederit

146 1017 247 1088 quidue
270 1016 379 1088 depasta
401 1017 453 1084 sit,
478 1018 505 1072 irr
526 1017 664 1073 dominum
687 1017 756 1072 actio
779 1015 873 1085 datur,
895 1026 926 1071 ut
948 1023 995 1070 aut
1016 1015 1103 1070 damni

146 1101 360 1155 aestimationem
382 1100 477 1156 subeat
498 1110 545 1156 aut
567 1100 766 1173 quadrupedem
788 1093 914 1168 ’dedat;³
936 1099 1103 1173 quodetiam

147 1184 211 1257 iege
225 1178 393 1239 ’Pesuiauia⁴
410 1184 443 1238 dc
459 1201 525 1240 cauo
539 1193 659 1240 cauetur.

422 1262 480 1343 [Cf.
496 1269 560 1324 Lex
576 1269 668 1341 Burp.
686 1271 726 1324 tit.
746 1261 833 1343 13.]⁵

212 1348 242 1406 2.
265 1343 376 1407 6Feram
399 1351 511 1408 bestiam
533 1355 560 1406 iu
583 1367 614 1406 ea
637 1361 730 1424 parte,
753 1369 805 1424 qua
827 1344 954 1425 'popu}i⁷
977 1353 1029 1407 iter
1052 1358 1101 1419 est,

146 1428 302 1508 ’colligari⁸
317 1443 427 1508 praetor
442 1434 579 1509 prohibet,
595 1436 708 1505 attico,
723 1437 782 1492 siue
798 1435 831 1492 ab
846 1437 902 1509 ipsa
917 1437 976 1492 siue
992 1443 1105 1509 propter

148 1517 259 1574 camah
280 1519 332 1574 aiio
354 1519 431 1575 alteri
452 1519 576 1575 damnum
591 1520 682 1575 datum
704 1519 801 1590 suerit,
823 1536 873 1592 pro
895 1521 976 1576 modo
997 1518 1103 1574 admissi

147 1610 223 1658 extra
238 1603 358 1658 ordinem
374 1605 444 1658 actio
460 1605 486 1659 in
502 1604 638 1660 domiuum
654 1603 699 1660 uel
715 1605 856 1660 custodem
872 1605 966 1677 datur;
991 1604 1103 1660 maxime

68 1708 136 1756 [aaa]
147 1687 170 1741 si
186 1702 219 1742 ex
234 1703 267 1741 eo
282 1685 364 1752 homo
380 1688 489 1759 perierit
512 1687 556 1744 uel
572 1688 655 1744 iuerit
670 1689 769 1746 laesus.
805 1684 834 1748 ³.
856 1681 920 1759 ⁹Ei‚
937 1691 982 1761 qui
998 1689 1104 1743 irritatu

147 1785 199 1824 suo
215 1768 298 1825 ieram
313 1769 425 1827 bestiam
442 1771 487 1826 uel
503 1788 698 1844 quamcumque
722 1772 800 1828 aliam
816 1772 1017 1846 quadrupedem
1033 1771 1059 1826 iu
1076 1787 1105 1825 se

146 1854 333 1926 proritauerit‚
346 1854 446 1926 ’itaque
461 1854 587 1910 damnum
599 1849 740 1928 ceperit,¹⁰
753 1871 841 1929 neque
855 1857 882 1912 in
894 1858 953 1912 eius
966 1854 1102 1910 dominum

148 1953 238 2010 neque
253 1939 280 1992 iu
295 1939 437 1994 custodem
452 1939 522 1994 actio
537 1938 625 1995 datur.

289 2013 336 2100 [L.
353 2021 403 2077 11.
426 2021 462 2078 D.
480 2023 514 2077 de
530 2023 679 2078 eatraord.
696 2013 861 2098 ertator,
880 2014 959 2099 tt).]

224 2221 271 2270 dit.
290 2221 367 2271 XIV.
417 2219 437 2288 ¹)
455 2222 540 2271 Extat
557 2224 633 2272 etiam
652 2224 679 2270 im
698 2221 730 2270 L.
750 2233 770 2274 u.
794 2223 817 2284 ξ.
834 2235 853 2272 1.
878 2223 910 2271 D.
930 2223 961 2272 de
976 2225 1018 2272 uia
1032 2222 1104 2286 publ.
1185 2235 1192 2246 ·

148 2293 194 2360 (41,
209 2291 252 2355 ιο).
274 2292 312 2356 Of.
327 2293 387 2342 Lex
401 2292 482 2359 Bora.
499 2305 531 2343 aa.

224 2362 272 2411 iit.
291 2359 353 2412 XV.
394 2359 889 2429 1)0(.11.[1111111111111.(19).
908 2364 1104 2426 L.14.§.3.D.

148 2434 181 2483 de
191 2448 312 2497 praescr.
327 2433 395 2484 uerb.
410 2433 459 2498 (11,
474 2433 505 2500 1).
570 2431 591 2498 ³)
607 2434 759 2497 quadrupede
773 2435 843 2484 cedat
863 2451 897 2484 eac
910 2437 971 2484 aliia
987 2434 1049 2484 cad.
1064 2436 1104 2484 ed.

148 2504 235 2553 Haen.
285 2500 308 2568 ⁴)
323 2504 419 2553 Solonio
434 2504 566 2568 1101111.
592 2504 682 2554 Malim
693 2505 829 2554 Pessuiauia
845 2508 886 2556 uel
900 2506 1018 2554 Pisulauia
1033 2504 1104 2572 (Piap-

149 2575 241 2624 soiania
262 2574 305 2623 Ga.
325 2573 372 2640 tt).
445 2574 467 2641 5)
492 2575 539 2626 Ubi
556 2577 595 2625 cic
616 2577 726 2640 tepitur:
750 2573 791 2624 ‘st
811 2577 908 2626 animai
931 2579 1105 2641 cuiuscunque

150 2646 269 2695 damnum
283 2647 412 2704 intulerit,
427 2653 473 2695 aut
485 2647 687 2696 aestimationem
705 2647 793 2698 damni
810 2647 927 2697 domiuus
944 2650 1042 2706 soluat,
1060 2655 1106 2697 aut

149 2716 247 2764 animal
261 2716 351 2766 cedat:
364 2717 433 2780 quod
445 2718 522 2765 etiam
535 2716 568 2765 de
583 2732 647 2766 cane
661 2723 686 2766 et
699 2716 789 2780 bipede
799 2719 902 2781 placuit
915 2718 1053 2769 obseruari
1065 2734 1105 2768 se-

150 2786 261 2836 cundum
279 2789 388 2850 speciem
408 2787 497 2836 Poutti
514 2789 698 2836 sententiarum
717 2787 759 2837 tib.
779 2787 800 2835 I.
820 2790 937 2839 titulari
958 2791 1106 2854 quadrupes

146 2857 300 2920 pauperiem
310 2857 414 2920 fecerit.
439 2857 477 2906 De
487 2873 551 2907 cone
564 2860 641 2907 etiam
655 2857 701 2907 aub
715 2858 801 2908 eodem
814 2860 888 2909 tituto
899 2861 1105 2923 comprehensum

149 2934 197 2984 est,
212 2933 240 2976 ut
252 2929 277 2977 ai
291 2929 349 2991 quia
361 2943 466 2977 saeuum
480 2943 568 2978 canem
577 2927 673 2978 babeas
687 2930 714 2977 iu
724 2930 821 2992 plateis
831 2932 872 2978 oet
882 2930 908 2980 ia
919 2932 971 2978 aiio
982 2929 1104 2993 publicis,

150 2999 247 3046 eumin
262 2999 373 3063 tipamen
387 2999 491 3048 diurnis
505 2998 638 3049 burianam
649 2999 787 3064 redegerit,
801 3000 927 3063 quidquid
935 3001 1023 3048 damni
1034 3000 1105 3062 seae-

149 3069 196 3127 rit,
209 3083 227 3117 a
240 3070 342 3119 domino
355 3071 481 3120 soluatur.
509 3069 563 3118 Hie
581 3070 647 3119 illud
660 3070 800 3128 adiectum,
820 3077 848 3118 ut
865 3071 890 3118 ai
907 3071 964 3133 quis
979 3069 1105 3120 caballum

149 3140 251 3202 quodue
264 3141 338 3188 atiud
351 3141 448 3189 animat
461 3139 557 3189 babens
570 3139 703 3190 scabidum
717 3141 754 3189 ita
764 3139 894 3190 ambulare
905 3142 1062 3202 permiserit,
1078 3147 1105 3190 ut

150 3211 296 3259 uicinorum
303 3210 427 3276 prepibua
436 3212 583 3273 permixtus
593 3212 732 3275 proprium
741 3210 839 3272 inserat
849 3209 968 3268 morbum,
979 3211 1106 3275 quidquid

149 3280 238 3329 damni
247 3296 299 3344 per
312 3297 368 3330 eum
381 3281 469 3330 dotum
479 3282 571 3344 suerit,
585 3283 705 3330 similiter
718 3296 735 3330 a
749 3281 850 3331 domimo
864 3278 1017 3332 sarciatur)

151 3348 172 3414 6)
189 3350 227 3414 Cf.
242 3351 274 3400 L.
291 3362 387 3402 40-42.
407 3352 440 3400 D.
455 3352 487 3400 de
501 3352 579 3401 aedil.
593 3353 634 3402 ed.
650 3350 699 3418 (21,
714 3348 746 3416 1).
816 3348 836 3417 7)
851 3352 938 3414 populo
954 3354 1026 3402 multi
1041 3353 1103 3402 cad.

151 3419 172 3485 8)
188 3436 257 3485 quam
272 3422 293 3471 si
308 3423 376 3484 ligari
393 3422 455 3472 cad.
471 3432 492 3473 t.
506 3433 526 3473 t.
560 3421 630 3472 Unde
648 3421 812 3472 scribendum
831 3423 947 3471 uidetur:
963 3437 1103 3486 quamquam

149 3493 267 3555 attigeram
281 3494 373 3542 haberi.
424 3489 446 3557 9)
464 3493 502 3556 Cf.
517 3493 549 3541 11.
561 3506 580 3543 1.
595 3495 618 3554 5.
629 3505 649 3545 o.
669 3493 702 3542 D.
716 3495 741 3541 ei
754 3493 846 3556 quadr.
863 3492 936 3558 (9.1).
952 3493 984 3542 L.
999 3504 1032 3542 11.
1048 3495 1071 3554 ξ.
1082 3503 1102 3546 5.

152 3563 181 3614 I).
197 3565 233 3612 ad
246 3567 295 3628 lep.
310 3564 397 3628 aquit.
414 3561 492 3628 (11).
545 3560 578 3628 ¹⁰)
594 3577 667 3626 eaque
683 3563 792 3611 damnum
807 3563 899 3612 dederit
915 3564 976 3612 Cdd.
992 3559 1049 3612 edd.

833 3641 891 3689 30*
