<?xml version="1.0" encoding="UTF-8"?>
<!DOCTYPE html PUBLIC "-//W3C//DTD XHTML 1.0 Transitional//EN"
    "http://www.w3.org/TR/xhtml1/DTD/xhtml1-transitional.dtd">
<html xmlns="http://www.w3.org/1999/xhtml" xml:lang="en" lang="en">
 <head>
  <title>
</title>
<meta http-equiv="Content-Type" content="text/html;charset=utf-8" />
  <meta name='ocr-system' content='tesseract 3.04.00' />
  <meta name='ocr-capabilities' content='ocr_page ocr_carea ocr_par ocr_line ocrx_word'/>
</head>
<body>
  <div class='ocr_page' id='page_1' title='image "./iurisprudentiae01huscgoog_0746.png"; bbox 0 0 2542 3909; ppageno 0'>
   <div class='ocr_carea' id='block_1_1' title="bbox 483 175 1097 239">
    <p class='ocr_par' dir='ltr' id='par_1_1' title="bbox 483 175 1097 239">
     <span class='ocr_line' id='line_1_1' title="bbox 483 175 1097 239; baseline 0.005 -12"><span class='ocrx_word' id='word_1_1' title='bbox 483 194 520 228; x_wconf 82' lang='lat' dir='ltr'>nx</span> <span class='ocrx_word' id='word_1_2' title='bbox 538 194 622 229; x_wconf 71' lang='lat' dir='ltr'>narro</span> <span class='ocrx_word' id='word_1_3' title='bbox 642 193 766 231; x_wconf 81' lang='lat' dir='ltr'>vnnnrro.</span> <span class='ocrx_word' id='word_1_4' title='bbox 1039 175 1097 239; x_wconf 80' lang='lat'>721</span> 
     </span>
    </p>
   </div>
   <div class='ocr_carea' id='block_1_2' title="bbox 63 314 1105 2151">
    <p class='ocr_par' dir='ltr' id='par_1_2' title="bbox 63 314 1104 734">
     <span class='ocr_line' id='line_1_2' title="bbox 63 314 1103 399; baseline 0.007 -26"><span class='ocrx_word' id='word_1_5' title='bbox 63 331 142 381; x_wconf 76' lang='lat' dir='ltr'>[ont]-</span> <span class='ocrx_word' id='word_1_6' title='bbox 214 314 431 378; x_wconf 82' lang='lat' dir='ltr'>18..¹Venditor</span> <span class='ocrx_word' id='word_1_7' title='bbox 452 323 474 377; x_wconf 92' lang='lat' dir='ltr'>si</span> <span class='ocrx_word' id='word_1_8' title='bbox 496 338 545 395; x_wconf 90' lang='lat' dir='ltr'>per</span> <span class='ocrx_word' id='word_1_9' title='bbox 562 324 747 380; x_wconf 89' lang='lat' dir='ltr'>conlusionem</span> <span class='ocrx_word' id='word_1_10' title='bbox 769 324 954 399; x_wconf 79' lang='lat' dir='ltr'>imaginarium</span> <span class='ocrx_word' id='word_1_11' title='bbox 977 322 1103 381; x_wconf 87' lang='lat' dir='ltr'>colonum</span> 
     </span>
     <span class='ocr_line' id='line_1_3' title="bbox 144 404 1104 481; baseline 0 -18"><span class='ocrx_word' id='word_1_12' title='bbox 144 406 281 477; x_wconf 86' lang='lat' dir='ltr'>emptoris</span> <span class='ocrx_word' id='word_1_13' title='bbox 297 404 447 478; x_wconf 90' lang='lat' dir='ltr'>decipiendi</span> <span class='ocrx_word' id='word_1_14' title='bbox 463 422 540 462; x_wconf 89' lang='lat' dir='ltr'>causa</span> <span class='ocrx_word' id='word_1_15' title='bbox 555 406 709 480; x_wconf 84' lang='lat' dir='ltr'><strong>subposuit,</strong></span> <span class='ocrx_word' id='word_1_16' title='bbox 727 423 757 463; x_wconf 83' lang='lat' dir='ltr'>ex</span> <span class='ocrx_word' id='word_1_17' title='bbox 774 417 865 481; x_wconf 90' lang='lat' dir='ltr'>empto</span> <span class='ocrx_word' id='word_1_18' title='bbox 881 406 1027 467; x_wconf 75' lang='lat' dir='ltr'>tenebitur.</span> <span class='ocrx_word' id='word_1_19' title='bbox 1053 423 1104 464; x_wconf 92' lang='lat' dir='ltr'>nec</span> 
     </span>
     <span class='ocr_line' id='line_1_4' title="bbox 142 488 1102 565; baseline 0.001 -19"><span class='ocrx_word' id='word_1_20' title='bbox 142 490 247 546; x_wconf 90' lang='lat' dir='ltr'>idcirco</span> <span class='ocrx_word' id='word_1_21' title='bbox 263 496 337 545; x_wconf 89' lang='lat' dir='ltr'>recte</span> <span class='ocrx_word' id='word_1_22' title='bbox 351 488 515 561; x_wconf 85' lang='lat' dir='ltr'>detenditur,</span> <span class='ocrx_word' id='word_1_23' title='bbox 537 492 573 557; x_wconf 91' lang='lat' dir='ltr'>si,</span> <span class='ocrx_word' id='word_1_24' title='bbox 597 507 651 564; x_wconf 91' lang='lat' dir='ltr'>quo</span> <span class='ocrx_word' id='word_1_25' title='bbox 668 491 770 549; x_wconf 88' lang='lat' dir='ltr'>lacilius</span> <span class='ocrx_word' id='word_1_26' title='bbox 786 492 967 565; x_wconf 76' lang='lat' dir='ltr'>excogitatam</span> <span class='ocrx_word' id='word_1_27' title='bbox 982 491 1102 548; x_wconf 78' lang='lat' dir='ltr'>fraudem</span> 
     </span>
     <span class='ocr_line' id='line_1_5' title="bbox 143 565 1103 647; baseline 0.002 -18"><span class='ocrx_word' id='word_1_28' title='bbox 143 572 289 643; x_wconf 88' lang='lat' dir='ltr'>’retineot,</span> <span class='ocrx_word' id='word_1_29' title='bbox 305 565 347 628; x_wconf 81' lang='lat' dir='ltr'>ct²</span> <span class='ocrx_word' id='word_1_30' title='bbox 363 572 496 643; x_wconf 87' lang='lat' dir='ltr'>colonum,</span> <span class='ocrx_word' id='word_1_31' title='bbox 515 582 541 629; x_wconf 88' lang='lat' dir='ltr'>et</span> <span class='ocrx_word' id='word_1_32' title='bbox 554 575 675 647; x_wconf 75' lang='lat' dir='ltr'>quinque</span> <span class='ocrx_word' id='word_1_33' title='bbox 690 592 821 632; x_wconf 89' lang='lat' dir='ltr'>annorum</span> <span class='ocrx_word' id='word_1_34' title='bbox 836 576 973 631; x_wconf 79' lang='lat' dir='ltr'>mercedes</span> <span class='ocrx_word' id='word_1_35' title='bbox 984 577 1012 631; x_wconf 92' lang='lat' dir='ltr'>ln</span> <span class='ocrx_word' id='word_1_36' title='bbox 1023 574 1103 631; x_wconf 89' lang='lat' dir='ltr'>fidem</span> 
     </span>
     <span class='ocr_line' id='line_1_6' title="bbox 143 652 1104 734; baseline 0.002 -21"><span class='ocrx_word' id='word_1_37' title='bbox 143 672 222 713; x_wconf 88' lang='lat' dir='ltr'>suam</span> <span class='ocrx_word' id='word_1_38' title='bbox 234 656 359 729; x_wconf 87' lang='lat' dir='ltr'>recipiat:</span> <span class='ocrx_word' id='word_1_39' title='bbox 376 656 494 729; x_wconf 91' lang='lat' dir='ltr'>alioquin</span> <span class='ocrx_word' id='word_1_40' title='bbox 508 659 530 712; x_wconf 93' lang='lat' dir='ltr'>si</span> <span class='ocrx_word' id='word_1_41' title='bbox 541 658 610 714; x_wconf 79' lang='lat' dir='ltr'>ltona</span> <span class='ocrx_word' id='word_1_42' title='bbox 622 657 674 713; x_wconf 86' lang='lat' dir='ltr'>fide</span> <span class='ocrx_word' id='word_1_43' title='bbox 687 658 798 734; x_wconf 84' lang='lat' dir='ltr'>locauit,</span> <span class='ocrx_word' id='word_1_44' title='bbox 809 666 953 732; x_wconf 87' lang='lat' dir='ltr'>suspectus</span> <span class='ocrx_word' id='word_1_45' title='bbox 962 676 1016 715; x_wconf 91' lang='lat' dir='ltr'>non</span> <span class='ocrx_word' id='word_1_46' title='bbox 1028 652 1104 719; x_wconf 78' lang='lat' dir='ltr'>erit.³</span> 
     </span>
    </p>

    <p class='ocr_par' dir='ltr' id='par_1_3' title="bbox 144 734 1104 1315">
     <span class='ocr_line' id='line_1_7' title="bbox 210 734 1104 815; baseline 0.002 -19"><span class='ocrx_word' id='word_1_47' title='bbox 210 736 255 796; x_wconf 84' lang='lat'>14.</span> <span class='ocrx_word' id='word_1_48' title='bbox 279 734 370 812; x_wconf 73' lang='lat' dir='ltr'>tuege</span> <span class='ocrx_word' id='word_1_49' title='bbox 397 740 561 797; x_wconf 88' lang='lat' dir='ltr'>uenditionis</span> <span class='ocrx_word' id='word_1_50' title='bbox 588 744 707 815; x_wconf 86' lang='lat' dir='ltr'>inempta</span> <span class='ocrx_word' id='word_1_51' title='bbox 737 742 848 815; x_wconf 91' lang='lat' dir='ltr'>praedio</span> <span class='ocrx_word' id='word_1_52' title='bbox 880 742 965 806; x_wconf 88' lang='lat' dir='ltr'>lacto,</span> <span class='ocrx_word' id='word_1_53' title='bbox 999 742 1104 798; x_wconf 89' lang='lat' dir='ltr'>tructus</span> 
     </span>
     <span class='ocr_line' id='line_1_8' title="bbox 144 823 1103 897; baseline 0 -16"><span class='ocrx_word' id='word_1_54' title='bbox 144 828 251 881; x_wconf 88' lang='lat' dir='ltr'>interea</span> <span class='ocrx_word' id='word_1_55' title='bbox 265 830 408 897; x_wconf 91' lang='lat' dir='ltr'>perceptos</span> <span class='ocrx_word' id='word_1_56' title='bbox 423 823 523 880; x_wconf 90' lang='lat' dir='ltr'>iudicio</span> <span class='ocrx_word' id='word_1_57' title='bbox 539 825 643 881; x_wconf 90' lang='lat' dir='ltr'>uenditi</span> <span class='ocrx_word' id='word_1_58' title='bbox 658 827 764 881; x_wconf 91' lang='lat' dir='ltr'>restitui</span> <span class='ocrx_word' id='word_1_59' title='bbox 782 826 897 897; x_wconf 82' lang='lat' dir='ltr'>placuit,</span> <span class='ocrx_word' id='word_1_60' title='bbox 922 826 1047 897; x_wconf 89' lang='lat' dir='ltr'>quoniam</span> <span class='ocrx_word' id='word_1_61' title='bbox 1071 842 1103 881; x_wconf 85' lang='lat' dir='ltr'>eo</span> 
     </span>
     <span class='ocr_line' id='line_1_9' title="bbox 144 908 1103 982; baseline 0.001 -19"><span class='ocrx_word' id='word_1_62' title='bbox 144 910 206 964; x_wconf 89' lang='lat' dir='ltr'>iure</span> <span class='ocrx_word' id='word_1_63' title='bbox 221 914 390 963; x_wconf 90' lang='lat' dir='ltr'>contractum</span> <span class='ocrx_word' id='word_1_64' title='bbox 404 909 431 961; x_wconf 90' lang='lat' dir='ltr'>in</span> <span class='ocrx_word' id='word_1_65' title='bbox 448 908 560 964; x_wconf 79' lang='lat' dir='ltr'>exordio</span> <span class='ocrx_word' id='word_1_66' title='bbox 574 909 697 965; x_wconf 87' lang='lat' dir='ltr'>uidetur:</span> <span class='ocrx_word' id='word_1_67' title='bbox 720 910 800 964; x_wconf 92' lang='lat' dir='ltr'>sicuti</span> <span class='ocrx_word' id='word_1_68' title='bbox 814 910 841 963; x_wconf 93' lang='lat' dir='ltr'>in</span> <span class='ocrx_word' id='word_1_69' title='bbox 856 910 978 982; x_wconf 87' lang='lat' dir='ltr'>pecunia,</span> <span class='ocrx_word' id='word_1_70' title='bbox 1001 916 1103 981; x_wconf 91' lang='lat' dir='ltr'>quanto</span> 
     </span>
     <span class='ocr_line' id='line_1_10' title="bbox 145 990 1104 1064; baseline 0.001 -17"><span class='ocrx_word' id='word_1_71' title='bbox 145 992 259 1047; x_wconf 87' lang='lat' dir='ltr'>minoris</span> <span class='ocrx_word' id='word_1_72' title='bbox 276 991 401 1060; x_wconf 88' lang='lat' dir='ltr'>uenierit,</span> <span class='ocrx_word' id='word_1_73' title='bbox 417 990 450 1046; x_wconf 89' lang='lat' dir='ltr'>ad</span> <span class='ocrx_word' id='word_1_74' title='bbox 465 991 534 1047; x_wconf 88' lang='lat' dir='ltr'>diem</span> <span class='ocrx_word' id='word_1_75' title='bbox 550 993 639 1064; x_wconf 90' lang='lat' dir='ltr'>pretio</span> <span class='ocrx_word' id='word_1_76' title='bbox 655 1008 710 1047; x_wconf 90' lang='lat' dir='ltr'>non</span> <span class='ocrx_word' id='word_1_77' title='bbox 725 991 825 1052; x_wconf 87' lang='lat' dir='ltr'>soluto.</span> <span class='ocrx_word' id='word_1_78' title='bbox 851 992 898 1047; x_wconf 83' lang='lat' dir='ltr'>Cui</span> <span class='ocrx_word' id='word_1_79' title='bbox 912 1008 967 1048; x_wconf 94' lang='lat' dir='ltr'>non</span> <span class='ocrx_word' id='word_1_80' title='bbox 983 1000 1025 1048; x_wconf 88' lang='lat' dir='ltr'>est</span> <span class='ocrx_word' id='word_1_81' title='bbox 1039 1007 1104 1048; x_wconf 90' lang='lat' dir='ltr'>con·</span> 
     </span>
     <span class='ocr_line' id='line_1_11' title="bbox 145 1072 1104 1149; baseline 0 -18"><span class='ocrx_word' id='word_1_82' title='bbox 145 1074 261 1131; x_wconf 88' lang='lat' dir='ltr'>tranium</span> <span class='ocrx_word' id='word_1_83' title='bbox 277 1074 405 1130; x_wconf 90' lang='lat' dir='ltr'>iudicium</span> <span class='ocrx_word' id='word_1_84' title='bbox 421 1072 453 1129; x_wconf 88' lang='lat' dir='ltr'>ab</span> <span class='ocrx_word' id='word_1_85' title='bbox 465 1073 593 1131; x_wconf 91' lang='lat' dir='ltr'>aedilibus</span> <span class='ocrx_word' id='word_1_86' title='bbox 609 1076 636 1130; x_wconf 94' lang='lat' dir='ltr'>in</span> <span class='ocrx_word' id='word_1_87' title='bbox 653 1076 751 1130; x_wconf 87' lang='lat' dir='ltr'>iactum</span> <span class='ocrx_word' id='word_1_88' title='bbox 766 1075 799 1131; x_wconf 92' lang='lat' dir='ltr'>de</span> <span class='ocrx_word' id='word_1_89' title='bbox 814 1074 988 1149; x_wconf 82' lang='lat' dir='ltr'>reciperando</span> <span class='ocrx_word' id='word_1_90' title='bbox 1004 1077 1104 1147; x_wconf 85' lang='lat' dir='ltr'>pretio,</span> 
     </span>
     <span class='ocr_line' id='line_1_12' title="bbox 145 1152 1103 1233; baseline -0.002 -18"><span class='ocrx_word' id='word_1_91' title='bbox 145 1158 280 1231; x_wconf 88' lang='lat' dir='ltr'>mancipio</span> <span class='ocrx_word' id='word_1_92' title='bbox 302 1152 477 1230; x_wconf 78' lang='lat' dir='ltr'>’redltidito,⁶</span> <span class='ocrx_word' id='word_1_93' title='bbox 497 1154 560 1231; x_wconf 84' lang='lat' dir='ltr'>‘quia</span> <span class='ocrx_word' id='word_1_94' title='bbox 581 1158 784 1231; x_wconf 69' lang='lat' dir='ltr'>displicuisset,</span> <span class='ocrx_word' id='word_1_95' title='bbox 808 1154 1009 1232; x_wconf 78' lang='lat' dir='ltr'>propositum3⁶</span> <span class='ocrx_word' id='word_1_96' title='bbox 1031 1158 1103 1233; x_wconf 91' lang='lat' dir='ltr'>quod</span> 
     </span>
     <span class='ocr_line' id='line_1_13' title="bbox 145 1241 1066 1315; baseline -0.001 -16"><span class='ocrx_word' id='word_1_97' title='bbox 145 1258 203 1299; x_wconf 92' lang='lat' dir='ltr'>non</span> <span class='ocrx_word' id='word_1_98' title='bbox 218 1241 270 1297; x_wconf 90' lang='lat' dir='ltr'>erit</span> <span class='ocrx_word' id='word_1_99' title='bbox 285 1243 477 1311; x_wconf 89' lang='lat' dir='ltr'>necessarium,</span> <span class='ocrx_word' id='word_1_100' title='bbox 493 1243 515 1297; x_wconf 92' lang='lat' dir='ltr'>si</span> <span class='ocrx_word' id='word_1_101' title='bbox 531 1241 622 1298; x_wconf 90' lang='lat' dir='ltr'>eadem</span> <span class='ocrx_word' id='word_1_102' title='bbox 636 1242 699 1315; x_wconf 83' lang='lat' dir='ltr'>lege</span> <span class='ocrx_word' id='word_1_103' title='bbox 714 1250 883 1299; x_wconf 89' lang='lat' dir='ltr'>contractum</span> <span class='ocrx_word' id='word_1_104' title='bbox 898 1241 1066 1298; x_wconf 83' lang='lat' dir='ltr'>ostendatur.</span> 
     </span>
    </p>

    <p class='ocr_par' dir='ltr' id='par_1_4' title="bbox 145 1318 1105 1649">
     <span class='ocr_line' id='line_1_14' title="bbox 211 1318 1104 1398; baseline 0.002 -17"><span class='ocrx_word' id='word_1_105' title='bbox 211 1323 251 1381; x_wconf 83' lang='lat' dir='ltr'>to.</span> <span class='ocrx_word' id='word_1_106' title='bbox 276 1318 404 1381; x_wconf 80' lang='lat' dir='ltr'>⁷Fructus</span> <span class='ocrx_word' id='word_1_107' title='bbox 426 1325 590 1398; x_wconf 88' lang='lat' dir='ltr'>pendentes,</span> <span class='ocrx_word' id='word_1_108' title='bbox 613 1327 665 1381; x_wconf 92' lang='lat' dir='ltr'>etsi</span> <span class='ocrx_word' id='word_1_109' title='bbox 680 1328 777 1382; x_wconf 87' lang='lat' dir='ltr'>maturi</span> <span class='ocrx_word' id='word_1_110' title='bbox 792 1326 915 1395; x_wconf 86' lang='lat' dir='ltr'>luerunt,</span> <span class='ocrx_word' id='word_1_111' title='bbox 937 1328 960 1382; x_wconf 90' lang='lat' dir='ltr'>si</span> <span class='ocrx_word' id='word_1_112' title='bbox 976 1342 1023 1383; x_wconf 88' lang='lat' dir='ltr'>eos</span> <span class='ocrx_word' id='word_1_113' title='bbox 1038 1342 1104 1383; x_wconf 89' lang='lat' dir='ltr'>nen-</span> 
     </span>
     <span class='ocr_line' id='line_1_15' title="bbox 145 1408 1103 1483; baseline 0 -17"><span class='ocrx_word' id='word_1_114' title='bbox 145 1410 220 1466; x_wconf 92' lang='lat' dir='ltr'>ditor</span> <span class='ocrx_word' id='word_1_115' title='bbox 246 1416 310 1481; x_wconf 89' lang='lat' dir='ltr'>post</span> <span class='ocrx_word' id='word_1_116' title='bbox 335 1408 518 1466; x_wconf 89' lang='lat' dir='ltr'>uenditionem</span> <span class='ocrx_word' id='word_1_117' title='bbox 541 1408 695 1465; x_wconf 88' lang='lat' dir='ltr'>antediem</span> <span class='ocrx_word' id='word_1_118' title='bbox 723 1410 847 1466; x_wconf 90' lang='lat' dir='ltr'>soluendi</span> <span class='ocrx_word' id='word_1_119' title='bbox 873 1411 952 1483; x_wconf 91' lang='lat' dir='ltr'>pretii</span> <span class='ocrx_word' id='word_1_120' title='bbox 973 1412 1103 1483; x_wconf 87' lang='lat' dir='ltr'>percepit,</span> 
     </span>
     <span class='ocr_line' id='line_1_16' title="bbox 146 1492 1105 1565; baseline 0 -15"><span class='ocrx_word' id='word_1_121' title='bbox 146 1492 263 1565; x_wconf 89' lang='lat' dir='ltr'>emptori</span> <span class='ocrx_word' id='word_1_122' title='bbox 281 1493 465 1549; x_wconf 88' lang='lat' dir='ltr'>restituendos</span> <span class='ocrx_word' id='word_1_123' title='bbox 481 1509 541 1549; x_wconf 91' lang='lat' dir='ltr'>esse</span> <span class='ocrx_word' id='word_1_124' title='bbox 557 1494 692 1557; x_wconf 91' lang='lat' dir='ltr'>conuenit,</span> <span class='ocrx_word' id='word_1_125' title='bbox 715 1496 740 1549; x_wconf 94' lang='lat' dir='ltr'>si</span> <span class='ocrx_word' id='word_1_126' title='bbox 755 1511 809 1550; x_wconf 92' lang='lat' dir='ltr'>non</span> <span class='ocrx_word' id='word_1_127' title='bbox 825 1493 897 1551; x_wconf 86' lang='lat' dir='ltr'>aliud</span> <span class='ocrx_word' id='word_1_128' title='bbox 911 1495 983 1551; x_wconf 88' lang='lat' dir='ltr'>inter</span> <span class='ocrx_word' id='word_1_129' title='bbox 997 1504 1105 1551; x_wconf 88' lang='lat' dir='ltr'>contra·</span> 
     </span>
     <span class='ocr_line' id='line_1_17' title="bbox 145 1570 388 1649; baseline -0.008 -16"><span class='ocrx_word' id='word_1_130' title='bbox 145 1579 244 1633; x_wconf 89' lang='lat' dir='ltr'>hentes</span> <span class='ocrx_word' id='word_1_131' title='bbox 260 1570 388 1649; x_wconf 81' lang='lat' dir='ltr'>placuit⁸</span> 
     </span>
    </p>

    <p class='ocr_par' dir='ltr' id='par_1_5' title="bbox 144 1654 1105 2069">
     <span class='ocr_line' id='line_1_18' title="bbox 210 1654 1104 1736; baseline 0.001 -20"><span class='ocrx_word' id='word_1_132' title='bbox 210 1655 245 1716; x_wconf 88' lang='grc'>16</span> <span class='ocrx_word' id='word_1_133' title='bbox 276 1654 359 1716; x_wconf 79' lang='lat' dir='ltr'>9Viuo</span> <span class='ocrx_word' id='word_1_134' title='bbox 376 1668 490 1730; x_wconf 87' lang='lat' dir='ltr'>mutato,</span> <span class='ocrx_word' id='word_1_135' title='bbox 512 1661 663 1733; x_wconf 92' lang='lat' dir='ltr'>periculum</span> <span class='ocrx_word' id='word_1_136' title='bbox 675 1670 824 1735; x_wconf 90' lang='lat' dir='ltr'>emptorem</span> <span class='ocrx_word' id='word_1_137' title='bbox 840 1670 957 1735; x_wconf 86' lang='lat' dir='ltr'>spectat,</span> <span class='ocrx_word' id='word_1_138' title='bbox 981 1663 1104 1736; x_wconf 88' lang='lat' dir='ltr'>quamuis</span> 
     </span>
     <span class='ocr_line' id='line_1_19' title="bbox 144 1744 1104 1818; baseline 0.001 -18"><span class='ocrx_word' id='word_1_139' title='bbox 144 1744 302 1800; x_wconf 85' lang='lat' dir='ltr'>antediem</span> <span class='ocrx_word' id='word_1_140' title='bbox 326 1746 405 1816; x_wconf 90' lang='lat' dir='ltr'>pretii</span> <span class='ocrx_word' id='word_1_141' title='bbox 428 1744 550 1800; x_wconf 91' lang='lat' dir='ltr'>soluendi</span> <span class='ocrx_word' id='word_1_142' title='bbox 574 1744 617 1799; x_wconf 90' lang='lat' dir='ltr'>uel</span> <span class='ocrx_word' id='word_1_143' title='bbox 642 1745 838 1801; x_wconf 89' lang='lat' dir='ltr'>’condicionem</span> <span class='ocrx_word' id='word_1_144' title='bbox 860 1748 1004 1818; x_wconf 88' lang='lat' dir='ltr'>emptionis</span> <span class='ocrx_word' id='word_1_145' title='bbox 1020 1746 1104 1818; x_wconf 87' lang='lat' dir='ltr'>inple·</span> 
     </span>
     <span class='ocr_line' id='line_1_20' title="bbox 150 1820 1104 1900; baseline 0.001 -18"><span class='ocrx_word' id='word_1_146' title='bbox 150 1820 230 1883; x_wconf 83' lang='lat' dir='ltr'>tam¹⁰</span> <span class='ocrx_word' id='word_1_147' title='bbox 251 1828 279 1883; x_wconf 94' lang='lat' dir='ltr'>id</span> <span class='ocrx_word' id='word_1_148' title='bbox 294 1828 423 1884; x_wconf 88' lang='lat' dir='ltr'>euenerit.</span> <span class='ocrx_word' id='word_1_149' title='bbox 469 1826 565 1899; x_wconf 89' lang='lat' dir='ltr'>quodsi</span> <span class='ocrx_word' id='word_1_150' title='bbox 587 1826 649 1882; x_wconf 91' lang='lat' dir='ltr'>mile</span> <span class='ocrx_word' id='word_1_151' title='bbox 664 1828 803 1899; x_wconf 89' lang='lat' dir='ltr'>amphoras</span> <span class='ocrx_word' id='word_1_152' title='bbox 823 1837 898 1884; x_wconf 90' lang='lat' dir='ltr'>certo</span> <span class='ocrx_word' id='word_1_153' title='bbox 921 1828 1021 1900; x_wconf 88' lang='lat' dir='ltr'>pretio,</span> <span class='ocrx_word' id='word_1_154' title='bbox 1044 1844 1104 1884; x_wconf 90' lang='lat' dir='ltr'>cor·</span> 
     </span>
     <span class='ocr_line' id='line_1_21' title="bbox 148 1909 1105 1985; baseline 0.001 -18"><span class='ocrx_word' id='word_1_155' title='bbox 148 1928 215 1985; x_wconf 92' lang='lat' dir='ltr'>pore</span> <span class='ocrx_word' id='word_1_156' title='bbox 229 1927 285 1967; x_wconf 91' lang='lat' dir='ltr'>non</span> <span class='ocrx_word' id='word_1_157' title='bbox 300 1911 485 1966; x_wconf 86' lang='lat' dir='ltr'>demonstrato</span> <span class='ocrx_word' id='word_1_158' title='bbox 501 1911 567 1979; x_wconf 88' lang='lat' dir='ltr'>uini,</span> <span class='ocrx_word' id='word_1_159' title='bbox 589 1909 720 1981; x_wconf 87' lang='lat' dir='ltr'>uendidit,</span> <span class='ocrx_word' id='word_1_160' title='bbox 736 1910 839 1966; x_wconf 93' lang='lat' dir='ltr'>nullum</span> <span class='ocrx_word' id='word_1_161' title='bbox 855 1912 985 1984; x_wconf 90' lang='lat' dir='ltr'>emptoris</span> <span class='ocrx_word' id='word_1_162' title='bbox 1000 1912 1105 1968; x_wconf 90' lang='lat' dir='ltr'>interea</span> 
     </span>
     <span class='ocr_line' id='line_1_22' title="bbox 149 1995 828 2069; baseline -0.01 -18"><span class='ocrx_word' id='word_1_163' title='bbox 149 1995 299 2069; x_wconf 90' lang='lat' dir='ltr'>periculum</span> <span class='ocrx_word' id='word_1_164' title='bbox 315 1997 375 2050; x_wconf 88' lang='lat' dir='ltr'>erit.</span> <span class='ocrx_word' id='word_1_165' title='bbox 825 2018 828 2021; x_wconf 83' lang='grc'><em>·</em></span> 
     </span>
    </p>

    <p class='ocr_par' dir='ltr' id='par_1_6' title="bbox 213 2069 1103 2151">
     <span class='ocr_line' id='line_1_23' title="bbox 213 2069 1103 2151; baseline 0 -16"><span class='ocrx_word' id='word_1_166' title='bbox 213 2075 256 2139; x_wconf 85' lang='grc'><strong>17.</strong></span> <span class='ocrx_word' id='word_1_167' title='bbox 281 2072 413 2135; x_wconf 83' lang='lat' dir='ltr'>¹¹Euictls</span> <span class='ocrx_word' id='word_1_168' title='bbox 436 2069 564 2151; x_wconf 84' lang='lat' dir='ltr'>&#39;agris,¹²</span> <span class='ocrx_word' id='word_1_169' title='bbox 587 2077 680 2151; x_wconf 89' lang='lat' dir='ltr'>quanti</span> <span class='ocrx_word' id='word_1_170' title='bbox 699 2078 830 2150; x_wconf 88' lang='lat' dir='ltr'>emptoris</span> <span class='ocrx_word' id='word_1_171' title='bbox 853 2077 981 2149; x_wconf 84' lang='lat' dir='ltr'>interest,</span> <span class='ocrx_word' id='word_1_172' title='bbox 1004 2077 1103 2135; x_wconf 86' lang='lat' dir='ltr'>iudicio</span> 
     </span>
    </p>
   </div>
   <div class='ocr_carea' id='block_1_3' title="bbox 151 2202 363 2213">
    <p class='ocr_par' dir='ltr' id='par_1_7' title="bbox 151 2202 363 2213">
     <span class='ocr_line' id='line_1_24' title="bbox 151 2202 363 2213; baseline -0.009 0"><span class='ocrx_word' id='word_1_173' title='bbox 151 2202 363 2213; x_wconf 80' lang='lat'>.....-.—-—</span> 
     </span>
    </p>
   </div>
   <div class='ocr_carea' id='block_1_4' title="bbox 147 2263 1159 3581">
    <p class='ocr_par' dir='ltr' id='par_1_8' title="bbox 147 2263 1159 3581">
     <span class='ocr_line' id='line_1_25' title="bbox 149 2263 1104 2329; baseline -0.001 -13"><span class='ocrx_word' id='word_1_174' title='bbox 149 2264 251 2316; x_wconf 85' lang='lat' dir='ltr'>datiani</span> <span class='ocrx_word' id='word_1_175' title='bbox 264 2266 337 2313; x_wconf 83' lang='lat' dir='ltr'>laeua</span> <span class='ocrx_word' id='word_1_176' title='bbox 350 2270 401 2321; x_wconf 87' lang='lat' dir='ltr'>est,</span> <span class='ocrx_word' id='word_1_177' title='bbox 415 2270 442 2313; x_wconf 84' lang='lat' dir='ltr'>at</span> <span class='ocrx_word' id='word_1_178' title='bbox 456 2270 553 2326; x_wconf 85' lang='lat' dir='ltr'>emptor</span> <span class='ocrx_word' id='word_1_179' title='bbox 566 2264 602 2314; x_wconf 87' lang='lat' dir='ltr'>ad</span> <span class='ocrx_word' id='word_1_180' title='bbox 615 2265 729 2327; x_wconf 85' lang='lat' dir='ltr'>pretium</span> <span class='ocrx_word' id='word_1_181' title='bbox 742 2263 889 2312; x_wconf 83' lang='lat' dir='ltr'>solvendum</span> <span class='ocrx_word' id='word_1_182' title='bbox 903 2270 1020 2329; x_wconf 85' lang='lat' dir='ltr'>copatur.</span> <span class='ocrx_word' id='word_1_183' title='bbox 1050 2264 1104 2315; x_wconf 86' lang='lat' dir='ltr'>Nec</span> 
     </span>
     <span class='ocr_line' id='line_1_26' title="bbox 149 2331 1159 2397; baseline 0 -13"><span class='ocrx_word' id='word_1_184' title='bbox 149 2350 187 2384; x_wconf 89' lang='lat' dir='ltr'>me</span> <span class='ocrx_word' id='word_1_185' title='bbox 201 2339 289 2390; x_wconf 84' lang='lat' dir='ltr'>movet,</span> <span class='ocrx_word' id='word_1_186' title='bbox 304 2334 372 2395; x_wconf 85' lang='lat' dir='ltr'>quod</span> <span class='ocrx_word' id='word_1_187' title='bbox 385 2336 462 2395; x_wconf 84' lang='lat' dir='ltr'>impp.</span> <span class='ocrx_word' id='word_1_188' title='bbox 477 2335 504 2381; x_wconf 86' lang='lat' dir='ltr'>in</span> <span class='ocrx_word' id='word_1_189' title='bbox 519 2334 550 2382; x_wconf 89' lang='lat' dir='ltr'>L.</span> <span class='ocrx_word' id='word_1_190' title='bbox 566 2347 599 2386; x_wconf 75' lang='grc'><strong>11.</strong></span> <span class='ocrx_word' id='word_1_191' title='bbox 626 2335 651 2384; x_wconf 82' lang='lat'>0.</span> <span class='ocrx_word' id='word_1_192' title='bbox 667 2336 710 2385; x_wconf 84' lang='lat' dir='ltr'>cit.</span> <span class='ocrx_word' id='word_1_193' title='bbox 725 2333 803 2382; x_wconf 84' lang='lat' dir='ltr'>verba</span> <span class='ocrx_word' id='word_1_194' title='bbox 823 2331 862 2382; x_wconf 75' lang='lat' dir='ltr'>‘in</span> <span class='ocrx_word' id='word_1_195' title='bbox 877 2335 933 2397; x_wconf 85' lang='lat' dir='ltr'>ipso</span> <span class='ocrx_word' id='word_1_196' title='bbox 954 2342 1104 2384; x_wconf 82' lang='lat' dir='ltr'>contractae</span> <span class='ocrx_word' id='word_1_197' title='bbox 1155 2364 1159 2373; x_wconf 93' lang='lat'>-</span> 
     </span>
     <span class='ocr_line' id='line_1_27' title="bbox 148 2400 1104 2468; baseline 0 -13"><span class='ocrx_word' id='word_1_198' title='bbox 148 2400 246 2455; x_wconf 86' lang='lat' dir='ltr'>limine’</span> <span class='ocrx_word' id='word_1_199' title='bbox 259 2418 354 2466; x_wconf 87' lang='lat' dir='ltr'>param</span> <span class='ocrx_word' id='word_1_200' title='bbox 368 2410 442 2452; x_wconf 86' lang='lat' dir='ltr'>caute</span> <span class='ocrx_word' id='word_1_201' title='bbox 456 2405 548 2453; x_wconf 84' lang='lat' dir='ltr'>latiori</span> <span class='ocrx_word' id='word_1_202' title='bbox 561 2420 636 2454; x_wconf 86' lang='lat' dir='ltr'>seusu</span> <span class='ocrx_word' id='word_1_203' title='bbox 651 2411 816 2467; x_wconf 83' lang='lat' dir='ltr'>acceperant,</span> <span class='ocrx_word' id='word_1_204' title='bbox 831 2406 876 2467; x_wconf 84' lang='lat' dir='ltr'>qui</span> <span class='ocrx_word' id='word_1_205' title='bbox 890 2404 1038 2468; x_wconf 83' lang='lat' dir='ltr'>Papiniano</span> <span class='ocrx_word' id='word_1_206' title='bbox 1053 2421 1104 2456; x_wconf 90' lang='lat' dir='ltr'>non</span> 
     </span>
     <span class='ocr_line' id='line_1_28' title="bbox 148 2468 1104 2541; baseline 0.002 -17"><span class='ocrx_word' id='word_1_207' title='bbox 148 2481 207 2525; x_wconf 90' lang='lat' dir='ltr'>erat</span> <span class='ocrx_word' id='word_1_208' title='bbox 220 2473 391 2537; x_wconf 81' lang='lat' dir='ltr'>asfinpeadua.</span> <span class='ocrx_word' id='word_1_209' title='bbox 450 2468 469 2535; x_wconf 83' lang='lat'>²)</span> <span class='ocrx_word' id='word_1_210' title='bbox 486 2473 523 2536; x_wconf 76' lang='lat' dir='ltr'>Cf.</span> <span class='ocrx_word' id='word_1_211' title='bbox 539 2474 571 2522; x_wconf 82' lang='lat' dir='ltr'>L.</span> <span class='ocrx_word' id='word_1_212' title='bbox 585 2487 619 2525; x_wconf 81' lang='lat' dir='ltr'>te.</span> <span class='ocrx_word' id='word_1_213' title='bbox 642 2476 674 2524; x_wconf 90' lang='lat' dir='ltr'>D.</span> <span class='ocrx_word' id='word_1_214' title='bbox 689 2476 720 2524; x_wconf 87' lang='lat' dir='ltr'>de</span> <span class='ocrx_word' id='word_1_215' title='bbox 734 2482 784 2524; x_wconf 88' lang='lat' dir='ltr'>act.</span> <span class='ocrx_word' id='word_1_216' title='bbox 800 2476 876 2539; x_wconf 86' lang='lat' dir='ltr'>empti</span> <span class='ocrx_word' id='word_1_217' title='bbox 889 2474 933 2539; x_wconf 81' lang='lat' dir='ltr'>(re,</span> <span class='ocrx_word' id='word_1_218' title='bbox 949 2474 981 2541; x_wconf 89' lang='lat'>1),</span> <span class='ocrx_word' id='word_1_219' title='bbox 995 2476 1104 2526; x_wconf 85' lang='lat' dir='ltr'>Hermo·</span> 
     </span>
     <span class='ocr_line' id='line_1_29' title="bbox 147 2541 1104 2611; baseline 0.002 -17"><span class='ocrx_word' id='word_1_220' title='bbox 147 2545 256 2611; x_wconf 76' lang='lat' dir='ltr'>petriani</span> <span class='ocrx_word' id='word_1_221' title='bbox 270 2545 349 2600; x_wconf 87' lang='lat' dir='ltr'>locas,</span> <span class='ocrx_word' id='word_1_222' title='bbox 364 2558 398 2591; x_wconf 75' lang='lat' dir='ltr'>ecc</span> <span class='ocrx_word' id='word_1_223' title='bbox 412 2549 500 2591; x_wconf 86' lang='lat' dir='ltr'>rwstro</span> <span class='ocrx_word' id='word_1_224' title='bbox 515 2545 542 2591; x_wconf 90' lang='lat' dir='ltr'>in</span> <span class='ocrx_word' id='word_1_225' title='bbox 557 2547 681 2607; x_wconf 85' lang='lat' dir='ltr'>epitomen</span> <span class='ocrx_word' id='word_1_226' title='bbox 695 2546 824 2595; x_wconf 83' lang='lat' dir='ltr'>redactus.</span> <span class='ocrx_word' id='word_1_227' title='bbox 877 2541 898 2611; x_wconf 74' lang='lat'>²)</span> <span class='ocrx_word' id='word_1_228' title='bbox 913 2547 1026 2595; x_wconf 86' lang='lat' dir='ltr'>retineret</span> <span class='ocrx_word' id='word_1_229' title='bbox 1045 2547 1104 2597; x_wconf 88' lang='lat' dir='ltr'>Vat.</span> 
     </span>
     <span class='ocr_line' id='line_1_30' title="bbox 148 2613 1104 2681; baseline 0.003 -16"><span class='ocrx_word' id='word_1_230' title='bbox 148 2614 208 2666; x_wconf 84' lang='lat' dir='ltr'>edd.</span> <span class='ocrx_word' id='word_1_231' title='bbox 223 2614 316 2664; x_wconf 88' lang='lat' dir='ltr'>Hollw.</span> <span class='ocrx_word' id='word_1_232' title='bbox 332 2614 445 2663; x_wconf 85' lang='lat' dir='ltr'>Mamms.</span> <span class='ocrx_word' id='word_1_233' title='bbox 460 2614 562 2661; x_wconf 84' lang='lat' dir='ltr'>retincat</span> <span class='ocrx_word' id='word_1_234' title='bbox 575 2613 674 2663; x_wconf 83' lang='lat' dir='ltr'>Baclrlr.</span> <span class='ocrx_word' id='word_1_235' title='bbox 691 2622 714 2663; x_wconf 92' lang='lat' dir='ltr'>et</span> <span class='ocrx_word' id='word_1_236' title='bbox 728 2616 837 2665; x_wconf 90' lang='lat' dir='ltr'>colonum</span> <span class='ocrx_word' id='word_1_237' title='bbox 852 2618 980 2681; x_wconf 81' lang='lat' dir='ltr'>intellipe:</span> <span class='ocrx_word' id='word_1_238' title='bbox 998 2626 1023 2667; x_wconf 91' lang='lat' dir='ltr'>et</span> <span class='ocrx_word' id='word_1_239' title='bbox 1037 2621 1104 2668; x_wconf 90' lang='lat' dir='ltr'>colo·</span> 
     </span>
     <span class='ocr_line' id='line_1_31' title="bbox 149 2678 1104 2751; baseline 0.001 -16"><span class='ocrx_word' id='word_1_240' title='bbox 149 2703 209 2737; x_wconf 80' lang='lat' dir='ltr'>nram</span> <span class='ocrx_word' id='word_1_241' title='bbox 222 2700 308 2735; x_wconf 87' lang='lat' dir='ltr'>aerum</span> <span class='ocrx_word' id='word_1_242' title='bbox 322 2698 384 2734; x_wconf 85' lang='lat' dir='ltr'>esse.</span> <span class='ocrx_word' id='word_1_243' title='bbox 436 2678 458 2749; x_wconf 72' lang='grc'>8)</span> <span class='ocrx_word' id='word_1_244' title='bbox 473 2685 490 2735; x_wconf 87' lang='lat' dir='ltr'>i.</span> <span class='ocrx_word' id='word_1_245' title='bbox 505 2699 526 2733; x_wconf 88' lang='lat' dir='ltr'>e.</span> <span class='ocrx_word' id='word_1_246' title='bbox 542 2686 628 2747; x_wconf 84' lang='lat' dir='ltr'>accipi</span> <span class='ocrx_word' id='word_1_247' title='bbox 639 2686 772 2747; x_wconf 81' lang='lat' dir='ltr'>fideiussio</span> <span class='ocrx_word' id='word_1_248' title='bbox 787 2686 873 2736; x_wconf 86' lang='lat' dir='ltr'>oblata</span> <span class='ocrx_word' id='word_1_249' title='bbox 888 2690 988 2737; x_wconf 83' lang='lat' dir='ltr'>utiliter</span> <span class='ocrx_word' id='word_1_250' title='bbox 997 2691 1104 2751; x_wconf 89' lang='lat' dir='ltr'>poterit.</span> 
     </span>
     <span class='ocr_line' id='line_1_32' title="bbox 151 2754 1103 2822; baseline 0.001 -15"><span class='ocrx_word' id='word_1_251' title='bbox 151 2756 171 2822; x_wconf 60' lang='grc'>4)</span> <span class='ocrx_word' id='word_1_252' title='bbox 188 2757 226 2821; x_wconf 82' lang='lat' dir='ltr'>Cf.</span> <span class='ocrx_word' id='word_1_253' title='bbox 241 2757 273 2806; x_wconf 86' lang='lat' dir='ltr'>L.</span> <span class='ocrx_word' id='word_1_254' title='bbox 289 2768 308 2807; x_wconf 82' lang='grc'>6.</span> <span class='ocrx_word' id='word_1_255' title='bbox 329 2757 352 2818; x_wconf 67' lang='lat'>§-</span> <span class='ocrx_word' id='word_1_256' title='bbox 367 2768 387 2806; x_wconf 88' lang='lat'>1.</span> <span class='ocrx_word' id='word_1_257' title='bbox 412 2754 444 2802; x_wconf 87' lang='lat' dir='ltr'>D.</span> <span class='ocrx_word' id='word_1_258' title='bbox 460 2754 491 2803; x_wconf 87' lang='lat' dir='ltr'>de</span> <span class='ocrx_word' id='word_1_259' title='bbox 506 2762 586 2806; x_wconf 82' lang='lat' dir='ltr'>contr.</span> <span class='ocrx_word' id='word_1_260' title='bbox 604 2763 677 2818; x_wconf 85' lang='lat' dir='ltr'>empt.</span> <span class='ocrx_word' id='word_1_261' title='bbox 692 2754 789 2821; x_wconf 83' lang='lat'>(18,1).</span> <span class='ocrx_word' id='word_1_262' title='bbox 813 2756 881 2809; x_wconf 57' lang='grc'><strong>111.</strong></span> <span class='ocrx_word' id='word_1_263' title='bbox 900 2760 922 2819; x_wconf 63' lang='grc' dir='ltr'>ἓ.</span> <span class='ocrx_word' id='word_1_264' title='bbox 939 2769 959 2807; x_wconf 76' lang='lat'>2.</span> <span class='ocrx_word' id='word_1_265' title='bbox 983 2759 1015 2807; x_wconf 79' lang='lat' dir='ltr'>J).</span> <span class='ocrx_word' id='word_1_266' title='bbox 1034 2759 1066 2808; x_wconf 85' lang='lat' dir='ltr'>de</span> <span class='ocrx_word' id='word_1_267' title='bbox 1087 2761 1103 2808; x_wconf 86' lang='lat' dir='ltr'>l.</span> 
     </span>
     <span class='ocr_line' id='line_1_33' title="bbox 150 2822 1103 2893; baseline -0.001 -15"><span class='ocrx_word' id='word_1_268' title='bbox 150 2844 235 2879; x_wconf 80' lang='lat' dir='ltr'>conam.</span> <span class='ocrx_word' id='word_1_269' title='bbox 251 2826 296 2893; x_wconf 79' lang='lat'>(18,</span> <span class='ocrx_word' id='word_1_270' title='bbox 311 2825 343 2892; x_wconf 81' lang='lat' dir='ltr'>a).</span> <span class='ocrx_word' id='word_1_271' title='bbox 423 2822 444 2889; x_wconf 82' lang='lat'>⁶)</span> <span class='ocrx_word' id='word_1_272' title='bbox 459 2825 566 2874; x_wconf 85' lang='lat' dir='ltr'>redditur·</span> <span class='ocrx_word' id='word_1_273' title='bbox 585 2825 644 2874; x_wconf 88' lang='lat' dir='ltr'>Vat.</span> <span class='ocrx_word' id='word_1_274' title='bbox 660 2825 753 2875; x_wconf 90' lang='lat' dir='ltr'>reddito</span> <span class='ocrx_word' id='word_1_275' title='bbox 770 2825 891 2875; x_wconf 79' lang='lat' dir='ltr'>Niebnlcr.</span> <span class='ocrx_word' id='word_1_276' title='bbox 907 2835 932 2876; x_wconf 87' lang='lat' dir='ltr'>et</span> <span class='ocrx_word' id='word_1_277' title='bbox 945 2830 1056 2878; x_wconf 87' lang='lat' dir='ltr'>aliorum</span> <span class='ocrx_word' id='word_1_278' title='bbox 1070 2830 1103 2891; x_wconf 73' lang='lat' dir='ltr'>ci.</span> 
     </span>
     <span class='ocr_line' id='line_1_34' title="bbox 149 2893 1104 2962; baseline -0.001 -15"><span class='ocrx_word' id='word_1_279' title='bbox 149 2898 202 2947; x_wconf 86' lang='lat' dir='ltr'>Sed</span> <span class='ocrx_word' id='word_1_280' title='bbox 215 2899 266 2947; x_wconf 85' lang='lat' dir='ltr'>aid.</span> <span class='ocrx_word' id='word_1_281' title='bbox 281 2898 313 2947; x_wconf 88' lang='lat' dir='ltr'>L.</span> <span class='ocrx_word' id='word_1_282' title='bbox 328 2908 362 2947; x_wconf 84' lang='lat' dir='ltr'>m.</span> <span class='ocrx_word' id='word_1_283' title='bbox 378 2898 400 2957; x_wconf 70' lang='grc' dir='ltr'>ἓ.</span> <span class='ocrx_word' id='word_1_284' title='bbox 416 2907 449 2947; x_wconf 84' lang='lat' dir='ltr'>lt.</span> <span class='ocrx_word' id='word_1_285' title='bbox 469 2896 500 2944; x_wconf 88' lang='lat' dir='ltr'>D.</span> <span class='ocrx_word' id='word_1_286' title='bbox 516 2896 548 2945; x_wconf 85' lang='lat' dir='ltr'>de</span> <span class='ocrx_word' id='word_1_287' title='bbox 562 2896 618 2946; x_wconf 87' lang='lat' dir='ltr'>aed.</span> <span class='ocrx_word' id='word_1_288' title='bbox 634 2897 674 2946; x_wconf 87' lang='lat' dir='ltr'>ed.</span> <span class='ocrx_word' id='word_1_289' title='bbox 689 2896 733 2959; x_wconf 74' lang='lat'>(21,</span> <span class='ocrx_word' id='word_1_290' title='bbox 749 2894 780 2961; x_wconf 87' lang='lat'>1).</span> <span class='ocrx_word' id='word_1_291' title='bbox 845 2893 866 2962; x_wconf 80' lang='lat'>⁰)</span> <span class='ocrx_word' id='word_1_292' title='bbox 882 2897 1033 2959; x_wconf 86' lang='lat' dir='ltr'>displicuisse</span> <span class='ocrx_word' id='word_1_293' title='bbox 1048 2912 1104 2961; x_wconf 91' lang='lat' dir='ltr'>pro·</span> 
     </span>
     <span class='ocr_line' id='line_1_35' title="bbox 150 2966 1105 3031; baseline -0.001 -15"><span class='ocrx_word' id='word_1_294' title='bbox 150 2968 246 3031; x_wconf 88' lang='lat' dir='ltr'>ponitur</span> <span class='ocrx_word' id='word_1_295' title='bbox 264 2967 323 3016; x_wconf 88' lang='lat' dir='ltr'>Vot.</span> <span class='ocrx_word' id='word_1_296' title='bbox 341 2966 463 3031; x_wconf 81' lang='lat' dir='ltr'>Plerique</span> <span class='ocrx_word' id='word_1_297' title='bbox 477 2968 525 3030; x_wconf 61' lang='lat' dir='ltr'>cpi:</span> <span class='ocrx_word' id='word_1_298' title='bbox 539 2967 708 3029; x_wconf 87' lang='lat' dir='ltr'>displicuisset,</span> <span class='ocrx_word' id='word_1_299' title='bbox 723 2966 871 3029; x_wconf 90' lang='lat' dir='ltr'>proponitur,</span> <span class='ocrx_word' id='word_1_300' title='bbox 885 2974 962 3016; x_wconf 87' lang='lat' dir='ltr'>antea</span> <span class='ocrx_word' id='word_1_301' title='bbox 972 2974 1033 3029; x_wconf 87' lang='lat' dir='ltr'>post</span> <span class='ocrx_word' id='word_1_302' title='bbox 1046 2982 1105 3016; x_wconf 91' lang='lat' dir='ltr'>con-</span> 
     </span>
     <span class='ocr_line' id='line_1_36' title="bbox 149 3036 1105 3101; baseline 0.001 -16"><span class='ocrx_word' id='word_1_303' title='bbox 149 3038 248 3086; x_wconf 89' lang='lat' dir='ltr'>trarium</span> <span class='ocrx_word' id='word_1_304' title='bbox 267 3039 408 3086; x_wconf 83' lang='lat' dir='ltr'>inserentes</span> <span class='ocrx_word' id='word_1_305' title='bbox 427 3036 498 3101; x_wconf 84' lang='lat' dir='ltr'>quod.</span> <span class='ocrx_word' id='word_1_306' title='bbox 517 3064 553 3075; x_wconf 87' lang='lat'>--</span> <span class='ocrx_word' id='word_1_307' title='bbox 571 3037 640 3101; x_wconf 86' lang='lat' dir='ltr'>quod</span> <span class='ocrx_word' id='word_1_308' title='bbox 658 3036 706 3084; x_wconf 91' lang='lat' dir='ltr'>iud.</span> <span class='ocrx_word' id='word_1_309' title='bbox 726 3036 755 3083; x_wconf 89' lang='lat' dir='ltr'>ab</span> <span class='ocrx_word' id='word_1_310' title='bbox 775 3050 795 3083; x_wconf 83' lang='lat' dir='ltr'>a.</span> <span class='ocrx_word' id='word_1_311' title='bbox 812 3036 826 3083; x_wconf 88' lang='lat' dir='ltr'>i.</span> <span class='ocrx_word' id='word_1_312' title='bbox 842 3036 858 3084; x_wconf 87' lang='grc'><strong>1.</strong></span> <span class='ocrx_word' id='word_1_313' title='bbox 874 3036 896 3084; x_wconf 84' lang='lat' dir='ltr'>d.</span> <span class='ocrx_word' id='word_1_314' title='bbox 912 3051 932 3087; x_wconf 86' lang='lat' dir='ltr'>r.</span> <span class='ocrx_word' id='word_1_315' title='bbox 947 3052 970 3100; x_wconf 93' lang='lat' dir='ltr'>p.</span> <span class='ocrx_word' id='word_1_316' title='bbox 990 3038 1105 3100; x_wconf 86' lang='lat' dir='ltr'>mancipii</span> 
     </span>
     <span class='ocr_line' id='line_1_37' title="bbox 149 3103 1103 3171; baseline 0.001 -15"><span class='ocrx_word' id='word_1_317' title='bbox 149 3106 257 3156; x_wconf 90' lang='lat' dir='ltr'>redditur</span> <span class='ocrx_word' id='word_1_318' title='bbox 270 3122 293 3170; x_wconf 91' lang='lat' dir='ltr'>q.</span> <span class='ocrx_word' id='word_1_319' title='bbox 309 3107 459 3169; x_wconf 86' lang='lat' dir='ltr'>displicuisse</span> <span class='ocrx_word' id='word_1_320' title='bbox 474 3108 614 3171; x_wconf 88' lang='lat' dir='ltr'>proponitur</span> <span class='ocrx_word' id='word_1_321' title='bbox 628 3107 667 3155; x_wconf 88' lang='lat' dir='ltr'>ed.</span> <span class='ocrx_word' id='word_1_322' title='bbox 683 3106 796 3156; x_wconf 80' lang='lat' dir='ltr'>Momme.</span> <span class='ocrx_word' id='word_1_323' title='bbox 848 3103 869 3171; x_wconf 61' lang='grc' dir='ltr'>π)</span> <span class='ocrx_word' id='word_1_324' title='bbox 886 3105 924 3167; x_wconf 77' lang='lat' dir='ltr'>Os.</span> <span class='ocrx_word' id='word_1_325' title='bbox 939 3107 972 3156; x_wconf 76' lang='lat' dir='ltr'>t.</span> <span class='ocrx_word' id='word_1_326' title='bbox 987 3119 1020 3159; x_wconf 77' lang='lat'>18.</span> <span class='ocrx_word' id='word_1_327' title='bbox 1035 3109 1059 3169; x_wconf 69' lang='grc'>5.</span> <span class='ocrx_word' id='word_1_328' title='bbox 1070 3119 1103 3159; x_wconf 85' lang='lat'>10.</span> 
     </span>
     <span class='ocr_line' id='line_1_38' title="bbox 150 3175 1104 3243; baseline 0.003 -18"><span class='ocrx_word' id='word_1_329' title='bbox 150 3178 182 3226; x_wconf 87' lang='lat' dir='ltr'>D.</span> <span class='ocrx_word' id='word_1_330' title='bbox 197 3178 229 3227; x_wconf 85' lang='lat' dir='ltr'>de</span> <span class='ocrx_word' id='word_1_331' title='bbox 243 3184 293 3226; x_wconf 86' lang='lat' dir='ltr'>oct.</span> <span class='ocrx_word' id='word_1_332' title='bbox 308 3184 380 3239; x_wconf 86' lang='lat' dir='ltr'>empt.</span> <span class='ocrx_word' id='word_1_333' title='bbox 392 3176 436 3241; x_wconf 81' lang='lat' dir='ltr'>(te,</span> <span class='ocrx_word' id='word_1_334' title='bbox 447 3175 478 3242; x_wconf 89' lang='lat'>1).</span> <span class='ocrx_word' id='word_1_335' title='bbox 530 3176 550 3243; x_wconf 85' lang='lat'>⁸)</span> <span class='ocrx_word' id='word_1_336' title='bbox 566 3177 677 3227; x_wconf 88' lang='lat' dir='ltr'>conuenit</span> <span class='ocrx_word' id='word_1_337' title='bbox 690 3184 714 3226; x_wconf 92' lang='lat' dir='ltr'>et</span> <span class='ocrx_word' id='word_1_338' title='bbox 728 3177 817 3240; x_wconf 89' lang='lat' dir='ltr'>placuit</span> <span class='ocrx_word' id='word_1_339' title='bbox 825 3192 860 3226; x_wconf 84' lang='lat' dir='ltr'>ex</span> <span class='ocrx_word' id='word_1_340' title='bbox 869 3176 963 3226; x_wconf 85' lang='lat' dir='ltr'>Hallw.</span> <span class='ocrx_word' id='word_1_341' title='bbox 975 3180 1007 3241; x_wconf 74' lang='lat' dir='ltr'>ej.</span> <span class='ocrx_word' id='word_1_342' title='bbox 1018 3181 1104 3228; x_wconf 73' lang='lat' dir='ltr'>mant-</span> 
     </span>
     <span class='ocr_line' id='line_1_39' title="bbox 147 3244 1104 3312; baseline 0.002 -16"><span class='ocrx_word' id='word_1_343' title='bbox 147 3249 223 3311; x_wconf 86' lang='lat' dir='ltr'>ponit</span> <span class='ocrx_word' id='word_1_344' title='bbox 236 3248 275 3296; x_wconf 87' lang='lat' dir='ltr'>ed.</span> <span class='ocrx_word' id='word_1_345' title='bbox 287 3247 400 3296; x_wconf 83' lang='lat' dir='ltr'>Momms.</span> <span class='ocrx_word' id='word_1_346' title='bbox 448 3244 470 3312; x_wconf 68' lang='grc' dir='ltr'>θ)</span> <span class='ocrx_word' id='word_1_347' title='bbox 486 3247 524 3309; x_wconf 82' lang='lat' dir='ltr'>Cf.</span> <span class='ocrx_word' id='word_1_348' title='bbox 535 3248 567 3297; x_wconf 83' lang='lat' dir='ltr'>L.</span> <span class='ocrx_word' id='word_1_349' title='bbox 578 3261 589 3297; x_wconf 91' lang='lat'>1</span> <span class='ocrx_word' id='word_1_350' title='bbox 600 3264 644 3311; x_wconf 86' lang='lat' dir='ltr'>pr.</span> <span class='ocrx_word' id='word_1_351' title='bbox 660 3248 692 3298; x_wconf 85' lang='lat' dir='ltr'>L.</span> <span class='ocrx_word' id='word_1_352' title='bbox 701 3260 722 3299; x_wconf 72' lang='grc'>4.</span> <span class='ocrx_word' id='word_1_353' title='bbox 737 3249 759 3309; x_wconf 67' lang='grc' dir='ltr'>ἓ.</span> <span class='ocrx_word' id='word_1_354' title='bbox 771 3261 790 3298; x_wconf 91' lang='grc'><strong>1.</strong></span> <span class='ocrx_word' id='word_1_355' title='bbox 806 3248 837 3295; x_wconf 88' lang='lat' dir='ltr'>L.</span> <span class='ocrx_word' id='word_1_356' title='bbox 848 3260 861 3299; x_wconf 84' lang='lat'>8</span> <span class='ocrx_word' id='word_1_357' title='bbox 872 3263 914 3312; x_wconf 90' lang='lat' dir='ltr'>pr.</span> <span class='ocrx_word' id='word_1_358' title='bbox 934 3248 966 3297; x_wconf 85' lang='grc' dir='ltr'>Ι).</span> <span class='ocrx_word' id='word_1_359' title='bbox 978 3250 1009 3297; x_wconf 86' lang='lat' dir='ltr'>de</span> <span class='ocrx_word' id='word_1_360' title='bbox 1019 3250 1104 3311; x_wconf 84' lang='lat' dir='ltr'>peric.</span> 
     </span>
     <span class='ocr_line' id='line_1_40' title="bbox 149 3314 1104 3384; baseline 0 -17"><span class='ocrx_word' id='word_1_361' title='bbox 149 3326 174 3367; x_wconf 89' lang='lat' dir='ltr'>et</span> <span class='ocrx_word' id='word_1_362' title='bbox 189 3332 275 3367; x_wconf 77' lang='lat' dir='ltr'>camin.</span> <span class='ocrx_word' id='word_1_363' title='bbox 290 3315 335 3382; x_wconf 81' lang='lat' dir='ltr'>(ra,</span> <span class='ocrx_word' id='word_1_364' title='bbox 349 3314 380 3382; x_wconf 85' lang='lat' dir='ltr'>a).</span> <span class='ocrx_word' id='word_1_365' title='bbox 395 3317 427 3366; x_wconf 87' lang='lat' dir='ltr'>L.</span> <span class='ocrx_word' id='word_1_366' title='bbox 438 3328 458 3367; x_wconf 81' lang='lat'>2.</span> <span class='ocrx_word' id='word_1_367' title='bbox 476 3317 501 3366; x_wconf 83' lang='lat'>0.</span> <span class='ocrx_word' id='word_1_368' title='bbox 516 3319 571 3368; x_wconf 84' lang='lat' dir='ltr'>eod.</span> <span class='ocrx_word' id='word_1_369' title='bbox 588 3318 619 3381; x_wconf 83' lang='lat'>(4,</span> <span class='ocrx_word' id='word_1_370' title='bbox 629 3318 674 3384; x_wconf 78' lang='lat'>48).</span> <span class='ocrx_word' id='word_1_371' title='bbox 729 3314 761 3383; x_wconf 82' lang='lat'>¹⁰)</span> <span class='ocrx_word' id='word_1_372' title='bbox 778 3318 820 3367; x_wconf 79' lang='lat' dir='ltr'>Ex</span> <span class='ocrx_word' id='word_1_373' title='bbox 834 3318 902 3369; x_wconf 84' lang='lat' dir='ltr'>Maii</span> <span class='ocrx_word' id='word_1_374' title='bbox 916 3320 948 3383; x_wconf 71' lang='lat' dir='ltr'>ci.</span> <span class='ocrx_word' id='word_1_375' title='bbox 964 3320 1104 3369; x_wconf 88' lang='lat' dir='ltr'>condicione</span> 
     </span>
     <span class='ocr_line' id='line_1_41' title="bbox 150 3385 1103 3455; baseline 0.001 -17"><span class='ocrx_word' id='word_1_376' title='bbox 150 3388 277 3452; x_wconf 89' lang='lat' dir='ltr'>emptionis</span> <span class='ocrx_word' id='word_1_377' title='bbox 292 3388 388 3450; x_wconf 87' lang='lat' dir='ltr'>impleta</span> <span class='ocrx_word' id='word_1_378' title='bbox 407 3387 465 3439; x_wconf 88' lang='lat' dir='ltr'>Vat.</span> <span class='ocrx_word' id='word_1_379' title='bbox 480 3388 520 3440; x_wconf 85' lang='lat' dir='ltr'>ed.</span> <span class='ocrx_word' id='word_1_380' title='bbox 535 3388 629 3442; x_wconf 86' lang='lat' dir='ltr'>Hollw.</span> <span class='ocrx_word' id='word_1_381' title='bbox 683 3385 716 3455; x_wconf 83' lang='lat'>¹¹)</span> <span class='ocrx_word' id='word_1_382' title='bbox 730 3389 778 3439; x_wconf 83' lang='lat' dir='ltr'>Eat</span> <span class='ocrx_word' id='word_1_383' title='bbox 791 3390 823 3438; x_wconf 88' lang='lat' dir='ltr'>L.</span> <span class='ocrx_word' id='word_1_384' title='bbox 839 3401 864 3442; x_wconf 81' lang='lat'>18</span> <span class='ocrx_word' id='word_1_385' title='bbox 874 3405 919 3454; x_wconf 87' lang='lat' dir='ltr'>pr.</span> <span class='ocrx_word' id='word_1_386' title='bbox 938 3390 971 3439; x_wconf 85' lang='grc' dir='ltr'>Ι).</span> <span class='ocrx_word' id='word_1_387' title='bbox 986 3391 1018 3439; x_wconf 88' lang='lat' dir='ltr'>de</span> <span class='ocrx_word' id='word_1_388' title='bbox 1032 3405 1103 3439; x_wconf 84' lang='lat' dir='ltr'>asur.</span> 
     </span>
     <span class='ocr_line' id='line_1_42' title="bbox 149 3456 1103 3576; baseline 0.001 -67"><span class='ocrx_word' id='word_1_389' title='bbox 149 3460 195 3522; x_wconf 78' lang='lat' dir='ltr'>(nt,</span> <span class='ocrx_word' id='word_1_390' title='bbox 210 3458 241 3525; x_wconf 89' lang='lat'>1),</span> <span class='ocrx_word' id='word_1_391' title='bbox 256 3461 320 3576; x_wconf 46' lang='lat' dir='ltr'>aazia</span> <span class='ocrx_word' id='word_1_392' title='bbox 335 3457 371 3506; x_wconf 84' lang='lat' dir='ltr'>idi</span> <span class='ocrx_word' id='word_1_393' title='bbox 386 3457 479 3507; x_wconf 84' lang='lat' dir='ltr'>Paullo</span> <span class='ocrx_word' id='word_1_394' title='bbox 495 3456 558 3523; x_wconf 89' lang='lat' dir='ltr'>(pro</span> <span class='ocrx_word' id='word_1_395' title='bbox 574 3458 733 3525; x_wconf 85' lang='lat' dir='ltr'>Papiniano)</span> <span class='ocrx_word' id='word_1_396' title='bbox 748 3460 853 3511; x_wconf 82' lang='lat' dir='ltr'>tributa.</span> <span class='ocrx_word' id='word_1_397' title='bbox 914 3457 946 3527; x_wconf 80' lang='lat'>¹²)</span> <span class='ocrx_word' id='word_1_398' title='bbox 961 3461 1022 3527; x_wconf 85' lang='lat' dir='ltr'>Dip.</span> <span class='ocrx_word' id='word_1_399' title='bbox 1037 3461 1103 3523; x_wconf 76' lang='lat' dir='ltr'>agnis</span> 
     </span>
     <span class='ocr_line' id='line_1_43' title="bbox 154 3530 374 3581; baseline -0.014 -2"><span class='ocrx_word' id='word_1_400' title='bbox 154 3530 266 3581; x_wconf 73' lang='lat' dir='ltr'>Voted.</span> <span class='ocrx_word' id='word_1_401' title='bbox 310 3530 374 3578; x_wconf 85' lang='lat' dir='ltr'>ottw.</span> 
     </span>
    </p>
   </div>
   <div class='ocr_carea' id='block_1_5' title="bbox 200 3608 890 3657">
    <p class='ocr_par' dir='ltr' id='par_1_9' title="bbox 200 3608 890 3657">
     <span class='ocr_line' id='line_1_44' title="bbox 200 3608 890 3657; baseline -0.009 -6"><span class='ocrx_word' id='word_1_402' title='bbox 200 3620 302 3652; x_wconf 76' lang='lat' dir='ltr'>rumora.</span> <span class='ocrx_word' id='word_1_403' title='bbox 317 3618 398 3649; x_wconf 72' lang='lat' dir='ltr'>nnrnr.</span> <span class='ocrx_word' id='word_1_404' title='bbox 411 3618 465 3649; x_wconf 73' lang='lat' dir='ltr'>ann.</span> <span class='ocrx_word' id='word_1_405' title='bbox 490 3618 528 3649; x_wconf 72' lang='lat' dir='ltr'>nn.</span> <span class='ocrx_word' id='word_1_406' title='bbox 548 3617 571 3648; x_wconf 79' lang='lat' dir='ltr'>u.</span> <span class='ocrx_word' id='word_1_407' title='bbox 856 3608 890 3657; x_wconf 83' lang='grc'>46</span> 
     </span>
    </p>
   </div>
   <div class='ocr_carea' id='block_1_6' title="bbox 0 0 1281 3909">
    <p class='ocr_par' dir='ltr' id='par_1_10' title="bbox 0 0 1281 3909">
     <span class='ocr_line' id='line_1_45' title="bbox 0 0 1281 3909; baseline 0 0"><span class='ocrx_word' id='word_1_408' title='bbox 0 0 1281 3909; x_wconf 95' lang='lat' dir='ltr'> </span> 
     </span>
    </p>
   </div>
  </div>
 </body>
</html>
