2542 3909
147 195 210 259 226
457 205 517 241 usu
535 203 628 262 mensu.
646 184 681 238 IL
699 189 808 238 22-24.

150 346 241 411 ciuill¹
257 353 284 405 iu
300 348 391 404 eudem
409 351 413 414 Ι
431 363 513 403 causo
529 352 592 402 sunt
607 343 783 418 prouincialiu
799 342 919 417 praedio,
936 359 1053 416 quorum
1066 343 1116 399 olis

149 433 333 510 stipendiaria,
349 430 554 488 distributoris
572 445 717 486 uocemue:
732 427 907 502 stipendiario
918 437 983 484 suut
994 443 1036 504 eu,
1046 443 1116 501 quae

149 523 177 577 iu
191 521 233 574 his
247 518 480 591 muniminum,
494 531 563 589 quoe
574 515 701 588 propriae
714 513 925 588 populildomaui
938 527 999 568 esse
1009 511 1117 568 intelle·

150 609 269 678 guntur3
282 600 424 658 tributaria
437 609 548 666 suntet,
560 615 629 672 queo
641 599 669 654 iu
680 598 723 655 his
734 599 883 671 prouinciis
889 605 965 668 suut,
977 612 1118 671 quodpro-

149 685 225 762 prise
237 685 356 742 Cameris
369 702 430 742 esse
443 685 600 744 creduntur.
628 679 678 742 22.
691 681 804 757 Mandpi
820 698 888 740 uero
899 676 969 739 ’res²
980 698 1030 756 per
1044 697 1118 738 mau-

151 772 312 846 cipotiouem
326 770 359 827 ud
372 770 453 827 olium
464 769 684 838 transferuutur3
695 767 768 824 uude
781 769 861 823 etium
873 769 988 841 mancipi
1001 773 1119 822 ressuut

151 855 248 915 dietae.
279 856 352 930 quod
371 865 461 912 autem
480 855 552 912 ualet
569 847 765 928 muucdpatim
781 855 854 909 idem
872 854 950 909 ualet
963 858 990 909 el
1006 855 1037 908 in
1053 855 1119 908 iure

150 933 272 998 cessio³
302 937 350 1000 23.
373 942 411 997 Et
425 936 609 1014 monci)potio
625 937 733 1012 quidem
754 936 981 1010 quemadmodum
997 936 1054 1010 dat,
1072 951 1118 993 su·

149 1027 258 1101 periore
273 1026 467 1083 commentario
483 1023 652 1081 tradidimus.
679 1019 731 1080 ss.
746 1022 775 1078 ln
790 1023 852 1078 iure
863 1023 952 1078 cessio
962 1031 1052 1078 autem
1064 1022 1119 1078 hoc
1133 1034 1196 1088 [met

150 1110 233 1168 modo
245 1108 291 1167 fit:
310 1112 383 1184 opud
394 1111 581 1184 magistratum
594 1106 809 1183 popullRomuni
822 1099 929 1186 uelint)
939 1099 1121 1181 proeterem‚⁴

151 1197 185 1268 is,
197 1197 242 1252 cui
254 1195 336 1252 resin
350 1197 409 1250 iure
421 1194 538 1267 ceditur,
551 1209 608 1249 uem
620 1201 717 1250 teneus
727 1194 764 1248 itu
778 1192 866 1248 ’dictu
876 1186 982 1252 ⁵1uvuo
993 1207 1057 1253 mo
1064 1209 1120 1251 no·

225 1326 246 1395 ¹)
260 1307 480 1392 Slc'interpretor
490 1330 591 1377 litteras
605 1327 672 1377 duas
682 1329 799 1377 incertas
813 1323 859 1376 W
871 1328 895 1376 io
905 1330 945 1378 ael
959 1328 982 1378 ic
994 1330 1034 1378 ael
1043 1344 1121 1378 unam

152 1417 185 1465 m,
200 1415 359 1478 quamquam,
374 1401 429 1448 sim
440 1398 501 1461 fuit,
516 1412 586 1448 mero
596 1400 686 1449 errori
700 1398 807 1448 librarii
820 1398 902 1448 tribui
912 1401 1005 1463 possit,
1015 1407 1119 1463 pastre-

150 1489 216 1524 mam
226 1473 339 1521 litteram
348 1487 371 1522 u.
383 1470 429 1519 sim
438 1470 586 1534 repetentis.
609 1467 664 1518 Sed
677 1469 725 1519 loe
738 1469 820 1519 Gaius
829 1477 854 1519 et
865 1472 1009 1530 rectissime
1019 1471 1120 1535 quidem

152 1546 241 1594 dicere
251 1548 337 1606 potest
351 1541 471 1600 uoluisse,
487 1541 661 1608 tantummodo
675 1542 734 1589 iure
748 1542 821 1590 civili
831 1543 916 1591 etiam
926 1542 991 1592 llaec
995 1542 1119 1606 praedia,

152 1629 218 1681 quae
233 1615 290 1663 iure
303 1613 426 1678 pentium,
441 1628 498 1662 cum
512 1618 558 1660 aut
568 1612 662 1675 populi
672 1610 744 1662 liam.
759 1619 806 1661 aut
822 1612 943 1663 Caesaris
955 1615 1016 1672 sint,
1027 1615 1120 1676 priva-

152 1695 237 1737 torum
246 1685 348 1734 omnino
359 1698 414 1733 esse
424 1683 593 1746 nonpossint,
603 1683 746 1733 traditione
755 1683 788 1732 ab
797 1699 836 1743 eo,
851 1686 927 1735 cuius
935 1686 997 1744 sint,
1007 1683 1121 1748 perinde
1202 1718 1208 1729 .

152 1757 267 1806 alienari
274 1753 367 1814 iuberi,
376 1761 453 1820 alque
460 1770 554 1804 aarum
561 1755 601 1803 uel
608 1761 708 1812 uestem,
717 1770 782 1819 quae
790 1757 949 1805 naturaliter
954 1758 1122 1820 priuatorum

152 1828 292 1879 dominium
306 1832 330 1874 ct
344 1825 510 1875 traditionem
524 1825 663 1889 recipiunt.
689 1823 722 1875 In
735 1824 826 1890 Suppl.
832 1842 860 1889 p.
877 1825 936 1876 XX
939 1826 998 1877 VII
1001 1826 1040 1876 St.
1051 1842 1121 1876 nunc

153 1913 250 1965 nepare
268 1895 370 1947 videtur
388 1897 440 1946 nisi
458 1897 490 1946 de
509 1909 533 1945 m
551 1898 666 1962 copitari
681 1911 768 1962 posse.
800 1895 942 1958 Quaeritur
956 1899 1046 1964 ipilur,
1061 1903 1122 1948 ntro

153 1979 265 2034 tempore
279 1970 378 2018 rectius
390 1969 488 2018 viderit
496 1969 536 2018 vel
545 1969 681 2018 iudicarit.
747 1964 767 2033 ¹)
779 1983 865 2033 requae
880 1965 927 2017 lm
938 1984 978 2019 res
990 1977 1046 2019 sunt
1060 1982 1121 2035 quus

154 2042 212 2092 edd.
227 2055 267 2090 res
281 2054 357 2104 oeque
368 2040 426 2090 edd.
436 2055 513 2090 meae.
538 2056 607 2091 nunc
617 2040 696 2090 uerba
707 2047 762 2090 suut
771 2055 832 2103 quoe
841 2044 999 2092 somnolenta
1010 2041 1122 2091 libraria

154 2112 240 2162 malim
258 2110 373 2161 tribuere
394 2127 429 2162 eac
447 2111 659 2162 antecedentibus
676 2112 744 2161 lanc
763 2113 839 2176 quasi
853 2111 995 2174 formulam
1013 2119 1123 2163 cantare

155 2184 303 2247 assuefacto
318 2197 394 2248 quam
407 2191 593 2248 transponere:
606 2184 654 2232 Res
668 2197 726 2232 uero
738 2197 798 2246 quoe
809 2196 839 2231 m.
851 2190 918 2246 suut3
933 2186 985 2234 iam
994 2187 1061 2234 enim
1070 2199 1122 2233 nan

157 2257 301 2321 quaeritur,
317 2269 382 2319 quae
396 2269 441 2305 res
454 2257 569 2318 mancipi
582 2255 643 2305 sint.
673 2254 711 2317 (ΞΓ.
723 2256 745 2316 §-
757 2265 790 2305 19.
871 2251 1005 2321 ⁸)Bp.ed.
1021 2264 1042 2308 5.
1057 2257 1123 2305 male

155 2328 297 2391 suppleuit:
306 2324 472 2392 mouei(patio
482 2327 510 2374 in
519 2327 635 2388 mancipi
641 2325 727 2387 rebus,
738 2325 804 2374 idem
811 2326 839 2374 in
847 2326 962 2376 omnibus
969 2326 1048 2377 rebus
1055 2328 1123 2376 valet

156 2400 183 2447 in
198 2400 255 2448 iure
271 2395 372 2462 cessio).
403 2395 468 2446 Nam
478 2403 506 2445 ut
516 2404 621 2455 taceam,
637 2411 688 2447 non
704 2411 790 2446 omnes
802 2411 846 2446 res
860 2398 888 2446 in
898 2399 957 2448 iure
967 2399 1026 2448 cedi
1035 2413 1123 2462 posse,

156 2471 184 2518 in
194 2469 243 2526 liis,
258 2481 323 2532 quae
333 2473 451 2531 possunt,
467 2469 504 2516 ita
514 2469 620 2527 demum,
634 2470 659 2517 si
668 2469 782 2533 mancipi
790 2475 859 2527 sunt,
874 2469 940 2518 idem
949 2471 1017 2520 valet
1026 2471 1054 2518 in
1065 2472 1123 2519 iure

157 2541 239 2590 cessio
254 2538 323 2602 quod
336 2539 502 2601 mancipatio,
517 2541 586 2588 uelut
598 2539 630 2588 de
640 2540 797 2588 auctoritate
806 2539 947 2605 ablipondo
956 2557 1020 2600 eum,
1035 2542 1081 2605 qui
1094 2542 1122 2589 in

157 2612 215 2660 iure
230 2610 305 2659 cedit.
383 2605 405 2675 4)
423 2608 497 2669 Quod
510 2611 537 2658 in
554 2609 580 2658 0.
594 2612 712 2674 sequitur
726 2625 787 2673 uapr
799 2610 895 2674 §sidem
908 2613 1029 2676 puiuiciae
1043 2611 1124 2678 (unde

156 2681 195 2730 uel
206 2679 269 2743 apud
278 2679 413 2743 praesidem
423 2679 562 2744 prouinciae
572 2682 623 2730 iam
628 2679 753 2731 Boethius
762 2687 787 2731 et
795 2682 853 2731 edd.
864 2685 940 2732 etiam
949 2681 1123 2749 meae)natum

157 2767 212 2802 esse
227 2766 261 2800 cer
269 2753 421 2817 glossemate
436 2758 460 2800 et
473 2753 616 2802 nationale
629 2755 776 2812 intellectio,
791 2755 843 2802 ium
853 2769 888 2804 eac
902 2750 947 2803 Ρη
959 2753 1123 2816 manifestim

157 2830 280 2886 apparet,
301 2821 345 2871 ubi
363 2829 401 2872 est
420 2824 447 2872 in
462 2824 515 2886 fine
529 2825 552 2886 ξ.
568 2837 592 2875 1:
611 2825 657 2874 hoc
673 2822 734 2890 (non
754 2839 814 2888 quus
828 2825 898 2891 edd.)
914 2826 967 2874 deri
979 2831 1060 2888 potest
1073 2830 1122 2873 etc.

158 2909 216 2944 nam
231 2896 311 2957 plane
330 2893 397 2944 idem
414 2893 495 2944 Gaius
509 2902 579 2945 certe
598 2895 638 2945 bis
651 2912 702 2946 noa
717 2896 794 2945 discit.
861 2892 882 2960 δ)
896 2895 939 2945 Ita
955 2894 1050 2945 acad.
1078 2893 1125 2944 Ea*

157 2963 247 3016 Boetll.
267 2971 292 3015 et
313 2966 375 3030 quia
393 2967 510 3031 sequitur
528 2973 655 3032 postquam
673 2967 712 3017 hic
730 2967 892 3017 uindicauerit
909 2968 937 3016 in
955 2968 996 3017 ed.
1016 2980 1036 3018 1.
1054 2967 1122 3018 scri-

154 3052 275 3101 pseram:
298 3034 442 3103 (uin)dicat.
481 3038 621 3103 Postquam
640 3053 701 3089 vero
719 3037 799 3089 uerba
817 3037 1004 3089 vindicationis
1025 3040 1125 3089 rectius

159 3110 309 3174 intellegere
324 3110 432 3174 contipil
446 3106 494 3176 (cf.
509 3110 545 3159 ad
558 3122 579 3172 4,
594 3109 644 3177 16),
660 3111 779 3160 intellecti
792 3110 968 3161 estuante.
989 3111 1050 3161 Ver.
1066 3109 1125 3159 dicit

158 3186 229 3230 recle
243 3179 338 3232 habere
348 3188 373 3230 et
382 3180 451 3246 quod
463 3182 580 3246 sequitur
590 3181 750 3232 uindicauerit
758 3189 878 3246 spectare
890 3181 969 3232 uerba
978 3184 1033 3232 illis
1047 3182 1127 3231 dictis

159 3252 262 3301 adiecta
277 3267 361 3303 s1cvr1
380 3267 451 3316 mm,
470 3264 539 3304 Ecum
556 3271 614 3304 utut
632 3266 782 3304 umorum
799 3267 918 3306 mosum

231 3354 257 3425 ᾗ.
277 3358 319 3408 22.
340 3358 379 3421 Of.
395 3371 481 3423 1,119.
502 3371 549 3412 roo.
586 3360 642 3422 Uip.
662 3370 697 3420 m,
711 3369 732 3409 o.
767 3359 819 3410 otc.
839 3359 901 3424 rep.
916 3373 938 3414 u.
958 3358 1126 3426 implicetis.

155 3443 184 3492 p.
200 3438 248 3479 sm.
272 3426 342 3478 Bait.
360 3429 405 3480 Fr.
426 3431 484 3480 Vnt.
500 3443 548 3482 su.
563 3442 609 3482 ms.
635 3429 724 3478 Varro
734 3428 798 3478 der.
810 3445 832 3478 r.
843 3442 909 3493 mm.
925 3434 948 3494 t.
963 3444 984 3483 ι.
1040 3427 1066 3501 ξ.
1081 3432 1125 3482 23.

163 3499 201 3562 Cf.
215 3511 235 3562 1,
251 3511 297 3551 119.
362 3497 386 3570 ξ.
398 3504 441 3553 24.
457 3501 482 3551 lu
493 3503 544 3551 iure
555 3502 633 3550 cessio
649 3537 655 3549 .
672 3539 678 3551 .
695 3535 701 3549 .
716 3498 775 3560 legis
790 3501 853 3549 ictio
866 3500 980 3571 uocitur]
991 3524 1025 3546 ι-
1035 3501 1125 3553 Boetd.

160 3571 176 3618 l.
193 3585 215 3619 c.
243 3569 281 3632 Cf.
301 3570 356 3636 Ulp.
373 3584 624 3636 ts,9.1u.supra1‚
641 3581 687 3621 1³4.
