2542 3909
341 238 404 274 osu
419 239 515 291 assum.
533 221 581 280 III.
601 227 755 276 loa-tote
965 219 1028 286 327

90 382 235 452 tatoissem,
256 378 355 437 locatio
377 388 405 437 et
424 382 568 438 conductio
589 381 808 452 contraheretur,
831 377 949 436 mandati
969 395 1030 436 esse

89 468 215 536 ationem,
237 464 323 521 ueluti
339 467 362 521 si
378 465 474 522 iulioni
488 466 614 539 poliendo
634 464 788 523 curandaue
803 465 966 522 uestimenta
982 471 1030 521 aut

89 550 224 606 arcinatori
239 549 379 606 sarcienda
392 542 560 628 (dederim).

131 629 193 691 166.
215 633 351 709 Expositis
368 634 513 709 generibus
528 634 736 712 obligationum,
757 649 825 708 quae
840 647 873 689 er
888 641 1030 690 contractu

90 726 224 791 ascuutur,
240 719 400 775 admonendi
414 735 518 792 sumus,
535 720 640 794 adquiri
654 717 718 795 (eas
730 727 762 777 at
772 721 847 776 ulios
858 709 935 797 res)¹
951 717 1030 775 nobis

90 821 123 859 ou
137 803 223 859 solum
237 819 288 877 per
302 812 411 860 nosmet
425 805 510 878 ipsos,
527 804 574 860 sed
590 806 670 861 etiam
685 820 735 878 per
746 820 792 861 eas
804 819 944 876 personas,
960 818 1030 877 quae

89 907 95 943 ι
110 895 199 944 nostra
215 895 369 962 potestate,
387 905 468 945 manu
483 889 654 963 mancipiouo
669 896 743 947 sunt.
778 883 844 944 164.
862 887 914 943 Per
928 887 1030 944 liberos

89 988 175 1047 noque
189 973 312 1030 homines
327 983 356 1030 et
371 973 473 1031 alienos
488 989 595 1046 seruos,
611 989 682 1047 quos
696 972 766 1030 bona
782 971 834 1028 fide
845 972 1029 1045 possidemus,

88 1056 216 1130 dquiritur
226 1056 321 1128 nobis3
333 1058 381 1114 sed
392 1067 497 1114 tantum
509 1075 541 1114 en
551 1057 657 1114 duabus
669 1060 768 1128 causis,
780 1057 806 1114 id
818 1064 872 1127 est,
883 1055 906 1111 si
919 1055 984 1130 quid
996 1071 1029 1112 ex

88 1144 156 1216 peris
170 1146 226 1200 suis
241 1142 287 1199 uei
302 1160 335 1199 ex
350 1159 380 1199 re
395 1152 490 1199 nostra
505 1143 658 1216 adquirant.
694 1137 758 1200 tot.
774 1141 826 1198 Per
841 1157 903 1198 eum
919 1155 1030 1216 quoquo

88 1244 189 1298 aruum,
210 1229 237 1284 in
258 1244 313 1300 quo
334 1227 536 1284 usumfructum
556 1226 703 1299 habemus,
726 1225 849 1284 similiter
871 1241 904 1281 eu
922 1223 1028 1282 duabus

91 1313 123 1366 tis
139 1315 225 1368 causis
240 1312 317 1369 nobis
333 1312 495 1386 adquiritur.
532 1309 599 1370 166.
620 1311 674 1368 Sed
696 1313 742 1385 qui
759 1309 861 1367 nudum
880 1312 923 1366 ius
939 1309 1029 1378 Quiri·

89 1411 131 1451 um
146 1398 174 1452 in
190 1413 269 1453 seruo
286 1397 377 1468 habet,
399 1398 464 1454 iicet
478 1396 603 1453 dominus
619 1399 666 1469 sit,
690 1399 779 1453 minus
800 1404 891 1451 tamen
911 1396 978 1452 iuris
1000 1395 1028 1450 in

87 1481 227 1554 adquisita
249 1481 296 1556 ab)
311 1474 364 1540 eo²
378 1499 409 1538 re
429 1480 528 1539 habere
542 1481 728 1556 intellegitur,
752 1495 831 1555 quam
852 1481 1028 1536 usufructua-

89 1581 119 1620 us
139 1575 167 1624 et
186 1566 277 1624 bonae
292 1565 354 1622 iidei
369 1582 527 1639 possessore
549 1583 611 1623 nam
626 1566 726 1641 placet,
745 1582 776 1622 er
790 1565 865 1622 nulia
882 1557 984 1622 causa³
1004 1565 1028 1620 ei

87 1649 167 1723 iquiri
181 1668 279 1725 possa;
300 1651 368 1708 adeo
384 1660 414 1707 ut
429 1651 480 1707 etsi
495 1653 653 1708 nominatim
669 1652 693 1706 ei
710 1649 767 1706 dari
783 1650 929 1724 stipulatus
945 1649 1027 1706 suerit

87 1751 168 1807 aruns,
185 1737 355 1809 mancipioue
370 1739 479 1791 nomine
494 1737 552 1791 eius
565 1737 710 1810 acceperit,
724 1729 728 1812 Ι
741 1733 848 1808 quidam
861 1735 1024 1805 existiment,
1039 1745 1098 1794 178.

87 1819 129 1874 ⁴hil
145 1821 170 1874 ei
186 1820 303 1894 adquiri.
339 1813 401 1876 167.
416 1819 592 1878 Communem
607 1835 719 1876 seruum
738 1834 789 1891 pro
805 1815 937 1876 dominica
953 1827 1029 1893 parte

86 1904 176 1960 ominis
198 1905 357 1978 adquirere,
378 1912 483 1960 certum
498 1912 555 1976 est,
576 1914 691 1979 excepto
709 1921 758 1976 eo,
779 1903 851 1978 quod
875 1906 921 1960 uni
943 1902 1030 1959 uomi-

86 1989 145 2043 atim
169 1989 324 2063 stipulando
348 1996 395 2046 aut
417 1990 551 2064 mancipio
573 1990 730 2063 accipiendo
758 1987 797 2044 iiii
820 1986 872 2044 soli
900 1987 1029 2061 adquirit,

86 2071 138 2127 aiut
153 2090 214 2129 cum
230 2075 268 2129 ita
283 2073 444 2149 stipuletur:
465 2089 551 2132 muro
562 2087 684 2131 nouruo
700 2088 764 2129 nno
781 2085 859 2130 maur
871 2073 1030 2130 secunus?

86 2166 106 2212 rt
118 2174 180 2213 cum
195 2158 232 2214 ita
249 2160 383 2233 mancipio
401 2159 527 2234 accipiat:
541 2174 624 2216 nnuc
642 2174 707 2214 eun
719 2175 760 2213 nx
773 2171 847 2215 rvuu
860 2173 1029 2222 ovrurrrvu

86 2257 148 2298 ocu
169 2258 379 2300 r1r111>ouru1
397 2257 452 2299 atur
469 2257 547 2300 nese
563 2258 633 2312 nm,
652 2258 756 2307 suoru
774 2257 807 2298 nr
824 2255 931 2298 murra
946 2255 1028 2298 euro

86 2340 122 2381 oc
150 2340 233 2383 annu
259 2343 426 2392 Anunnuvn
453 2343 558 2386 ursan,
607 2321 684 2384 16⁷⁸.
714 2324 786 2381 iliud
810 2326 965 2399 quaeritur,
994 2341 1029 2381 aa

86 2407 134 2464 rod
151 2409 260 2466 'nomen
276 2410 410 2468 adiectum
422 2415 508 2468 unias
518 2405 641 2467 domini⁴
652 2410 756 2483 efficit,
771 2409 843 2466 idem
855 2409 934 2465 iaciat
948 2409 1029 2466 unius

86 2510 91 2547 ι
114 2491 232 2550 dominis
254 2495 357 2550 iussum
378 2495 559 2551 intercedens.
589 2495 678 2552 nostri
700 2502 894 2569 praeceptores
916 2493 1029 2568 perinde

132 2624 152 2692 ¹)
170 2625 247 2677 Nunc
261 2625 301 2693 (ia
311 2628 350 2678 ed.
362 2626 386 2694 u)
401 2629 502 2687 addidi,
515 2630 631 2678 simulat
642 2634 792 2692 appareret,
803 2635 915 2691 propter
925 2628 1030 2692 acqui-ri

86 2713 123 2747 tec
138 2700 236 2748 omisso
249 2713 316 2757 esee,
336 2714 481 2764 quanquam
495 2701 572 2749 etiam
589 2701 618 2748 a'n
637 2699 701 2749 last.
718 2698 915 2756 desiderantum
933 2699 981 2749 sed
995 2700 1029 2763 cf.

86 2769 175 2832 teopa.
190 2781 212 2830 a,
226 2779 253 2820 88
263 2785 307 2833 pr.
372 2765 395 2835 ²)
409 2768 541 2834 Suppleoi.
561 2786 588 2819 ea
601 2771 626 2820 0.
638 2771 697 2820 edd.
754 2766 776 2835 ⁸)
787 2770 832 2818 aiio
845 2770 920 2818 addit
932 2770 957 2819 0.
970 2770 1030 2834 sor-

86 2854 126 2888 sse
139 2840 282 2905 fugitivam
297 2856 328 2890 ac
342 2841 485 2890 mutilatam
503 2841 528 2889 lt.
543 2856 564 2891 e.
580 2843 700 2891 omissam
716 2842 859 2906 aliquando
874 2847 900 2889 et
913 2841 949 2890 ad
961 2856 1029 2890 mar·

87 2925 143 2958 nem
157 2913 316 2974 suppletam,
331 2911 417 2962 alieno
432 2913 526 2961 deinde
540 2914 597 2963 loco
610 2914 766 2962 restitutam.
796 2911 875 2960 Recte
889 2913 956 2960 enim
970 2918 1030 2961 ante

86 2987 161 3043 petar
174 2981 232 3030 iicet
246 2983 305 3032 alias
319 2980 371 3049 (oet
385 2980 502 3048 alioquin)
518 2982 627 3032 domiuus
647 2983 686 3032 sit.
743 2978 766 3047 ⁴)
781 2981 871 3031 domiui
885 2995 971 3030 nomeu
986 2982 1030 3030 ad-

86 3057 149 3099 :tum
165 3050 257 3101 domini
273 3053 299 3102 0.

128 3172 155 3244 ξ.
173 3178 235 3227 loo.
251 3177 377 3241 ==pr.I.
394 3193 446 3242 per
459 3194 482 3242 q.
494 3192 566 3241 pers.
582 3178 639 3228 aab.
654 3177 703 3228 odi.
719 3193 776 3242 aeq.
791 3175 824 3240 (a,
838 3174 883 3240 28).
905 3175 943 3237 Of.
959 3186 980 3237 8,
995 3187 1029 3227 aa.

86 3249 214 3309 natm.
236 3247 483 3311 Plaat.Iiad.o‚tt.
507 3261 638 3314 o.aoaeq.
712 3244 900 3317 §164.=·§.
918 3259 938 3296 1.
958 3246 1029 3296 Lib.

86 3318 239 3380 tasson.
302 3314 814 3387 §.165.=§.s.1.tb.0f.a,ec,or.
868 3313 968 3385 §.lota
991 3317 1028 3381 Of.

88 3401 117 3439 oa
133 3389 198 3454 totq.
215 3391 259 3440 att.
278 3390 311 3440 L.
326 3402 360 3442 aa.
380 3391 413 3440 D.
428 3391 460 3441 cte
474 3392 534 3455 stip.
549 3406 616 3441 sera.
631 3389 681 3458 (aa,
697 3388 729 3456 s).
802 3385 828 3458 §-
846 3390 904 3439 167.
921 3409 955 3430 =
970 3389 993 3449 5.
1008 3400 1029 3440 a.

95 3459 132 3509 to.
154 3476 214 3510 cam
237 3460 385 3524 Taeopttto.
406 3461 445 3524 Of.
464 3463 488 3523 §-
503 3474 523 3513 8.
543 3461 566 3512 Ι.
585 3464 617 3512 de
634 3463 696 3527 stip.
715 3458 890 3526 eerv.(a‚1t).
910 3459 1029 3523 mancipio

86 3527 120 3597 m]
137 3531 175 3594 cf.
192 3545 214 3594 1,
229 3544 277 3584 119.
296 3544 318 3593 8,
332 3544 366 3584 87.
439 3528 465 3600 §-
482 3535 555 3583 167⁶.
577 3533 616 3596 Cf.
636 3537 663 3584 il.
683 3548 721 3582 cc.
741 3533 773 3581 L.
793 3542 813 3583 a.
833 3542 853 3581 8.
874 3530 906 3579 D.
922 3531 954 3580 de
968 3531 1028 3594 stip.

86 3617 122 3652 no.
139 3603 190 3668 (45,
203 3604 235 3668 a).
254 3602 286 3655 L.
301 3614 322 3654 8.
345 3603 369 3652 0.
382 3619 434 3666 per
448 3618 512 3667 quae
521 3619 594 3668 pera.
610 3603 668 3654 nod.
683 3619 740 3667 aeq.
755 3601 789 3669 (4,
802 3602 846 3668 ii).
