2542 3909
551 201 659 235 CAELIVS
679 198 795 234 safflrtvs.

469 418 659 494 DAELIVS
683 416 868 484 SABINVS
952 408 959 427 ⁸

295 541 391 608 (claruit
408 543 568 605 Vespasiano,
587 543 640 592 Tito
661 549 685 590 et
703 542 835 591 Domitiano
855 540 1046 607 imperantibus).

366 666 411 721 nd
433 665 587 721 edietum
610 666 775 721 aedilium
796 665 980 727 curulium.
1009 650 1018 672 '

255 789 277 849 l.
304 790 409 848 Caelius
424 790 538 848 Sabinus
552 792 581 847 in
597 790 677 861 libro,
694 806 774 863 quem
786 790 819 846 de
831 790 919 846 edicto
935 790 1059 846 aedilium
1076 809 1152 847 euru-

194 876 259 933 lium
274 877 441 948 composuit,
463 874 614 931 Labeonem
633 874 733 943 refert,
755 874 818 947 quid
840 883 912 930 esset
932 873 1059 945 morbus,
1081 875 1152 932 bisoe

194 959 285 1016 uerbis
300 958 438 1015 delinisse:
455 957 577 1015 ‘llorbus
593 967 635 1013 est
650 957 756 1013 habitus
772 960 903 1031 cuiusque
918 961 1042 1032 corporis
1058 968 1153 1015 contra

194 1052 325 1113 naturam,
342 1046 387 1116 qui
404 1059 483 1099 usum
502 1044 560 1099 eius
580 1042 643 1097 lacit
658 1040 842 1097 deteriorem'.
872 1041 925 1096 Sed
947 1043 1071 1099 morbum
1087 1044 1152 1099 alias

194 1130 221 1184 iu
237 1136 297 1184 toto
313 1143 428 1200 corpore
448 1126 570 1182 accidere
585 1126 661 1195 dicit,
677 1126 740 1181 alias
756 1128 783 1181 in
804 1134 880 1198 parte
895 1128 1027 1199 eorporis.
1058 1126 1153 1181 Totius

194 1214 317 1284 eorporis
338 1209 462 1266 morbum
484 1226 553 1279 esse,
574 1209 661 1264 ueluti
688 1210 723 1264 sit
748 1209 865 1282 phthisis
887 1218 932 1265 aut
954 1208 1048 1282 febris,
1069 1212 1153 1282 partis

195 1302 293 1365 autem,
310 1294 396 1351 ueluti
417 1295 453 1349 sit
467 1295 581 1349 caecitas
596 1300 643 1347 aut
658 1292 733 1366 pedis
753 1292 885 1350 debilitas.
917 1293 1025 1349 ‘Balbus
1041 1295 1154 1364 autem’,

195 1380 291 1451 inquit,
308 1375 349 1435 ‘et
363 1386 460 1451 atypus
476 1378 566 1433 uitiosi
582 1378 677 1449 magis,
700 1393 779 1449 quam
796 1376 914 1433 morbosi
934 1387 1007 1455 sunt,
1024 1386 1051 1434 et
1067 1385 1205 1450 equusttol
1235 1417 1236 1443 ι

194 1462 305 1519 mordax
319 1471 366 1518 aut
380 1461 490 1517 oaloitro
507 1462 633 1530 uitiosus,
649 1476 704 1515 non
719 1460 862 1517 morbosus
878 1469 929 1518 est.
959 1460 1011 1516 Sed
1026 1464 1068 1517 oui
1084 1478 1154 1517 mor·
1235 1448 1236 1469 ¹

194 1546 244 1602 bus
259 1555 311 1615 est,
327 1545 398 1601 idem
420 1546 499 1600 etiam
522 1544 636 1599 uitiosus
653 1552 704 1599 est.
734 1544 826 1617 Neque
846 1544 874 1599 id
895 1552 983 1600 tamen
998 1553 1093 1601 eontra
1109 1543 1152 1619 lit3

194 1638 287 1703 potest
302 1631 381 1698 euim,
395 1629 442 1701 qui
459 1629 573 1683 uitiosus
589 1636 641 1697 est,
654 1644 709 1683 non
722 1629 864 1684 morbosus
877 1644 945 1683 esse.
977 1626 1154 1695 Quamobrem

196 1729 257 1768 oum
273 1712 306 1768 de
322 1712 428 1767 homine
444 1711 574 1767 morboso
589 1720 697 1784 agetur,
710 1706 842 1785 'aeque’,¹
861 1713 957 1784 inquit,
975 1711 1023 1767 ‘ita
1035 1711 1154 1769 dicetur:

196 1794 353 1860 “uvauro
377 1812 416 1852 ou
443 1812 477 1851 ιι)
505 1812 616 1853 ιιιιιιι
642 1811 771 1852 umorue
801 1794 894 1852 srr’'.
917 1794 1048 1899 —.Gell.
1072 1795 1101 1871 4,
1125 1794 1155 1852 2.

196 1876 235 1954 §S
257 1961 287 2022 2.
314 1956 461 2019 ²Pilleatos
483 1979 578 2018 seruos
600 1979 699 2019 uenum
714 1962 811 2019 solitos
831 1964 884 2033 ire,
907 1980 1024 2035 quorum
1046 1964 1155 2020 nomine
1197 2022 1200 2029 ,

195 2046 322 2103 uenditor
335 2048 402 2102 nibil
416 2055 575 2120 praestaret,
585 2046 812 2102 CaeliusSabinus
828 2048 894 2101 iuris
909 2050 1013 2120 peritus
1025 2049 1156 2121 seriptum

194 2130 314 2203 reliquit.
343 2132 424 2186 Cuius
440 2133 479 2186 rei
493 2148 601 2187 oausam
619 2148 680 2185 esse
695 2133 741 2200 ait,
757 2131 831 2203 quod
846 2132 977 2187 eiusmodi
992 2132 1155 2188 conditionis

195 2217 324 2288 mancipia
338 2216 453 2289 insignia
468 2232 527 2270 esse
543 2217 570 2270 in
586 2214 731 2270 ueudundo
752 2214 893 2286 deberent,
916 2226 947 2272 ut
962 2225 1098 2289 emptores
1114 2231 1156 2270 er·

193 2316 254 2355 rare
270 2309 297 2354 et
312 2301 369 2371 oapi
384 2316 439 2355 non
452 2307 574 2371 possent,
586 2314 676 2371 neque
687 2298 730 2353 lex
742 2298 879 2354 uendundi
896 2299 1060 2373 opperienda
1072 2308 1156 2371 esset,

113 2416 116 2421 -
194 2382 242 2438 sed
254 2382 342 2438 oeulis
355 2384 406 2437 iam
418 2385 611 2455 praeriperent,
625 2381 749 2456 quidnam
762 2392 834 2438 esset
844 2385 1037 2456 mancipiorum
1052 2399 1155 2456 genus3

194 2462 308 2535 ‘sicuti',
324 2466 421 2537 inquit,
441 2464 602 2539 'antiquitus
621 2468 751 2538 mancipia
777 2467 835 2521 iure
860 2464 922 2522 belli
947 2476 1026 2541 capta
1047 2468 1155 2523 coronis

193 2549 287 2605 induta
297 2548 440 2606 ueniebant
451 2558 478 2605 et
489 2552 589 2607 ideirco
601 2549 758 2606 dicebantur
770 2551 819 2605 sub
832 2567 931 2606 corona
942 2552 1047 2607 uenire.
1078 2550 1157 2605 Nam·

194 2648 247 2706 que
262 2641 294 2687 ut
308 2649 338 2688 ea
353 2650 454 2689 corona
469 2636 576 2708 signum
596 2643 655 2691 erat
670 2634 838 2707 captiuorum
851 2635 994 2704 uenalium,
1006 2636 1042 2689 ita
1057 2634 1156 2706 pilleus

193 2717 337 2789 impositus
358 2712 574 2788 demonstrabat,
590 2718 722 2774 eiusmodi
743 2734 838 2774 seruos
861 2719 1022 2788 uenandari‚
1039 2733 1157 2789 quorum

194 2801 303 2857 nomine
318 2804 433 2875 emptori
455 2803 583 2858 uenditor
602 2802 669 2857 nibil
690 2802 861 2875 praestaret'.
878 2832 919 2843 -
933 2801 1002 2857 Geli.
1019 2800 1037 2857 6
1056 2796 1109 2874 (7),
1126 2800 1155 2856 4.

194 2880 244 2958 §q
261 2885 364 2945 1-3.

191 3102 257 3149 sium
272 3102 376 3164 oppido,
391 3101 505 3170 oriundas.
524 3099 611 3150 struo.
622 3113 643 3160 a,
655 3114 674 3151 1.
685 3104 709 3163 §-
720 3112 740 3151 ι.
751 3117 779 3164 p.
795 3111 841 3151 ase.
864 3100 934 3149 Ptin.
951 3099 982 3149 N.
997 3098 1032 3149 Η.
1043 3111 1064 3159 s,
1079 3111 1113 3151 ιι.
1129 3102 1155 3163 5.

193 3182 225 3222 ιι.
241 3171 302 3220 Mel.
319 3184 340 3232 ι,
354 3184 376 3221 ι.
391 3171 510 3220 ldedluaui
525 3171 568 3220 dd.
580 3173 619 3221 ed.
634 3186 687 3222 oon
701 3171 778 3220 nilili
792 3171 898 3234 ideoque
911 3172 967 3220 eine
982 3186 1054 3221 mora
1068 3173 1157 3221 corri-

190 3242 283 3306 pendn.
291 3240 429 3304 Enpntrin
438 3244 515 3290 etiam
524 3244 572 3290 ulii
582 3242 601 3291 I
605 3242 645 3291 Oti
654 3244 722 3291 velut
729 3242 1041 3305 Puteolanus,0ampnnus
1046 3250 1071 3291 et
1079 3242 1157 3303 Afri-

192 3327 274 3361 eanue
288 3312 543 3376 cognominabantur.
580 3310 599 3376 ¹)
613 3311 717 3376 Scripsi
721 3330 731 3369 ,·
745 3327 822 3377 oeque
838 3312 900 3361 cdd.
918 3314 957 3362 ed.
972 3312 1071 3371 Hertz,
1087 3314 1160 3377 quod

191 3396 281 3431 aeneus
295 3383 348 3431 loei
362 3383 438 3443 serre
458 3399 509 3432 non
531 3383 648 3432 uidetur:
666 3399 766 3447 nequam
785 3382 835 3448 (uel
854 3381 1011 3449 nequaquam)
1027 3385 1082 3433 atii.
1111 3383 1157 3432 An

192 3466 266 3517 oeque
279 3459 313 3499 tm
327 3449 445 3518 (tardema
470 3451 492 3517 ²)
507 3453 561 3501 Vix
575 3453 751 3517 dubitandum,
761 3456 823 3519 quin
840 3453 937 3505 Gellius
950 3455 1014 3504 ltueo
1024 3454 1158 3504 emendem

192 3521 259 3571 libro
272 3525 398 3571 onrnoera't.
428 3522 466 3586 Cf.
483 3523 606 3572 Zintmern
622 3523 680 3572 liet.
697 3526 747 3572 iur.
763 3524 834 3573 Bona.
854 3524 880 3575 T.
895 3526 913 3574 l.
929 3527 951 3587 5.
967 3536 1001 3575 87.
1017 3531 1068 3573 not.
1084 3535 1104 3574 u.
