2542 3909
530 239 734 289 PRAEFATIO.
1070 242 1108 291 IX

150 412 229 475 quae
257 412 296 455 er
324 390 478 455 librorum
500 391 696 476 argumentis
718 390 984 475 iuriaprudeutiue
1006 392 1108 458 vindi·

150 472 251 571 canda
279 494 348 571 esse
376 474 580 555 videbantur,
610 474 658 539 ita
678 478 787 541 tumen
808 480 861 553 ut,
887 476 915 541 ei
935 478 1109 561 scriptores

148 557 741 738 belltlldti‘tsstlltzllz,
762 560 1108 710 limidi}

146 724 216 791 Nec
237 729 348 790 tamen
370 730 417 789 rte
437 727 516 789 mim
538 726 660 810 placeo,
681 732 718 791 ut
737 728 789 791 vel
809 727 894 792 hunc
914 729 1018 813 ipsum
1033 750 1107 795 nor·

146 830 232 873 mam
255 810 403 874 omnibus
425 810 538 874 harum
559 831 665 875 rernm
686 812 798 895 peritis
812 812 981 895 probatum
1001 812 1042 877 iri
1056 812 1108 877 rel

146 894 181 957 in
214 892 398 959 adhibenda
430 915 468 958 ea
501 894 540 959 ad
563 896 707 981 singulos
739 896 909 979 scriptores
941 917 1108 981 nunquam

147 998 295 1061 peccasse
324 977 491 1043 confidem.
535 978 625 1053 Quod
653 979 693 1044 ad
720 982 862 1045 extreme
882 980 1006 1064 imperii
1027 985 1108 1045 tem·

146 1083 225 1145 pora
239 1064 369 1142 attinet,
391 1063 463 1145 ipsa
482 1062 564 1126 rutio
578 1062 729 1141 faciebat,
748 1068 786 1127 ut
799 1068 926 1159 praeter
940 1063 1108 1129 Consulta-

145 1146 278 1229 tionem,
301 1146 596 1211 iurisconsultorum
617 1146 862 1211 occidentalium
875 1146 988 1229 fetum,
1010 1148 1108 1213 etiam

169 1251 228 1293 uae
252 1251 290 1295 ex
313 1230 550 1295 commentariis
573 1230 768 1295 Graecorum
793 1231 873 1295 iuris
894 1232 1107 1317 interpretum

148 1252 326 1378 lastiniano
357 1314 465 1397 paullo
497 1314 694 1378 anteriorum
729 1335 919 1397 quemquem
949 1316 985 1379 in
1016 1315 1108 1381 libris

151 1396 231 1461 iuris
258 1397 512 1479 postiustinianei
541 1401 728 1481 supersunt,
751 1399 826 1462 huic
847 1400 973 1483 corpori
995 1399 1107 1463 adiun-

149 1500 267 1564 gerem.
309 1480 378 1546 Neo
405 1482 610 1545 iniucundum
646 1482 697 1546 vel
732 1483 964 1546 infructuosum
1000 1483 1107 1547 adole·

148 1565 309 1629 scentibur
331 1566 400 1629 iore
422 1585 524 1648 spero,
547 1566 601 1649 qui
616 1566 731 1649 amplis
745 1566 955 1631 Besilicorum
970 1567 1107 1631 volumi·

146 1649 241 1713 nibus
264 1649 417 1713 deterreri
439 1649 553 1734 solent,
581 1649 608 1714 si
630 1649 691 1714 lrac
712 1651 802 1734 quasi
823 1649 1018 1734 promulside
1039 1673 1106 1717 mo·

145 1738 372 1798 momentorum
393 1734 471 1797 iuris
486 1734 763 1799 Graeco-Romani
784 1734 889 1800 studio
908 1736 1104 1801 imbuantur.

144 1815 174 1881 u
207 1815 333 1881 diverso
367 1818 463 1881 etiam
494 1821 582 1883 recte
616 1822 712 1903 atque
744 1819 854 1883 ordine
884 1819 998 1885 fecisse
1026 1820 1105 1884 mihi

144 1900 269 1979 videor,
300 1901 383 1984 quod
411 1900 654 1987 visigothorum
680 1902 985 1987 Interpretationem
1013 1905 1105 1968 omisi

147 1988 181 2047 et
205 2005 247 2049 ne
268 1983 373 2049 Paulli
402 1986 527 2068 quidem
549 1985 725 2052 Sententiis
752 1988 881 2053 subieci.
925 1987 1105 2053 Nemeum

147 2068 281 2131 dicimus
315 2069 365 2132 ine
398 2068 696 2154 enteiustinisnnm,
733 2072 830 2135 etiam
863 2070 1105 2155 Visigothorum

144 2152 429 2300 ipripprudentiam
451 2152 614 2219 excludere
632 2154 788 2300 Ividpurnr,
810 2154 958 2250 aquibus
971 2156 1006 2300 ln
1022 2156 1105 2220 occi·

169 2258 210 2299 en
265 2257 333 2300 non
355 2256 460 2301 mrnus
502 2257 618 2301 uame
650 2257 811 2301 numiano
833 2256 972 2300 ruorren
989 2258 1108 2301 enova

145 2319 225 2383 iuris
247 2324 280 2384 ct
303 2320 443 2384 civitatis
466 2257 605 2384 cdnditio
626 2318 759 2401 incepit.
803 2318 853 2383 Ex
876 2318 958 2382 Gaio
979 2323 1105 2385 tantum

144 2405 181 2467 in
202 2424 318 2468 noram
340 2403 477 2468 formam
505 2404 605 2468 abiis
626 2402 757 2467 redacto
779 2400 933 2485 quaedam
955 2404 1106 2486 genuinis

146 2488 214 2551 eius
228 2486 487 2552 institutionibus
502 2487 537 2551 in
548 2488 634 2551 notis
647 2486 777 2567 subieci,
792 2486 971 2569 spectantia
982 2488 1107 2553 scilicet

146 2570 187 2634 ad
210 2591 262 2635 eos
285 2572 380 2653 locos,
404 2571 514 2654 quiin
538 2571 645 2636 codice
666 2569 846 2634 Veronensi
867 2571 1040 2653 perierunt.

231 2653 317 2729 Quae
332 2655 506 2738 receperim
521 2654 572 2718 vel
586 2674 654 2719 non
669 2654 852 2737 receperim,
874 2656 1015 2737 exposui.
1050 2656 1105 2720 Al·

143 2742 248 2802 terum
276 2743 358 2819 erat,
389 2743 426 2802 ut
445 2744 574 2821 recepta
595 2738 858 2821 quemadmodum
880 2738 1104 2822 ordinaverim,

143 2822 293 2886 dicerem.
332 2821 394 2887 Sed
416 2822 569 2905 temporis
592 2821 736 2886 ordinem
750 2820 943 2905 sequendum
960 2843 1038 2904 esse,
1060 2824 1106 2887 ita

141 2927 194 3053 pes
212 2905 436 3054 lpsssdleallll'
459 2906 766 3055 utteiuspatipnem
787 2905 918 3053 redgerp
931 2906 1105 3054 insipiduplr

141 3010 284 3157 illies,
297 3009 1103 3171 tlttetquttltzttb?instit,

142 3178 202 3221 sua
228 3161 375 3243 tempore
402 3160 576 3243 assignare.
620 3157 798 3243 Scriptores
819 3158 868 3221 rllr
889 3178 1000 3223 omnes
1022 3163 1104 3223 autr-

142 3243 263 3325 quioris
296 3244 366 3307 aevi
399 3246 491 3325 sunt3
528 3244 561 3306 in
594 3241 645 3306 hie
677 3242 895 3327 ignorantiam
927 3243 1103 3325 confessus,

140 3328 251 3393 tamen
278 3326 504 3411 probabilitate
531 3325 668 3411 quadam
694 3346 771 3390 usus
792 3346 877 3408 eum,
905 3327 1044 3389 maxime
1065 3345 1105 3389 er

139 3431 248 3475 rerum
280 3414 492 3476 tractaturum
524 3411 632 3476 indole
665 3410 864 3496 argumentis
897 3409 1010 3474 ductis.
1064 3408 1104 3473 ln

140 3495 269 3579 seriptis
293 3516 368 3560 vero
390 3516 465 3578 praa
487 3496 601 3560 ceteris
623 3516 751 3580 operam
774 3494 858 3575 dedi,
881 3496 918 3557 ut
932 3496 1103 3574 auctorem,
