2542 3909
166 182 225 245 722
396 198 491 233 rasas.
512 198 564 235 rra.
583 199 644 235 nou.
664 198 750 235 rame.
771 184 883 234 le-et.

164 331 245 403 empti
260 329 295 385 lis
311 329 475 384 aestimetur.
514 326 611 401 quodsi
626 326 658 383 ab
674 327 751 384 inltlo
771 326 915 398 conuenit,
938 334 969 383 ut
990 325 1118 384 uenditor

164 414 280 486 pretium
303 413 470 483 restitueret,
492 426 590 467 usurae
612 426 722 484 qnoque
736 420 799 484 post
813 411 975 466 edictionem
996 419 1116 484 praesta-
1129 415 1189 463 [626]

163 495 274 565 liuntur,
298 496 420 567 quamuis
443 503 549 568 emptor
571 502 634 568 post
655 494 766 550 dominii
780 492 857 549 litem
879 494 1045 550 ’inchoatam
1059 494 1119 551 lra-

164 572 237 637 otus¹
260 578 414 635 aduersario
435 580 571 635 restituat.
608 593 668 633 nam
689 577 888 634 incommodam
909 578 990 635 medii
1013 586 1119 653 tempo·

163 664 199 719 rls
214 662 340 719 damnum
356 662 486 735 emptoris
501 669 553 719 ost.
571 654 574 738 l

433 738 543 809 [Desunt
557 743 671 806 popinae
689 737 845 808 duodecim]

58 802 161 873 ΜΕΝ)
224 814 270 875 18.
294 811 489 873 ²Valerr'aaus
504 824 530 871 et
546 816 695 873 Gallienus
707 816 788 888 Aapp
790 855 885 871 .....
895 816 976 873 lieet
990 818 1119 874 creditor

74 878 145 943 lli·
165 916 214 958 rea
233 902 289 958 sili
307 902 434 971 fidrreiae
455 902 540 955 datas
559 901 636 955 mata
656 900 712 970 fide
727 900 902 969 aeneidem,
924 903 951 955 ri
963 907 1060 956 tamea
1073 916 1119 957 se·

58 945 283 1041 gfdd-cundum
299 984 342 1039 ins
357 986 383 1039 in
400 984 525 1040 iacienda
542 984 703 1040 venditione
718 990 854 1039 uersatus
868 990 921 1054 est,
942 1000 1000 1041 noa
1015 985 1119 1041 aetem

57 1028 152 1069 ΗΜ
165 1076 301 1139 emptores
313 1066 467 1139 inquietari,
483 1065 530 1121 sed
543 1066 647 1123 actione
662 1065 781 1123 fiduciae
796 1068 939 1124 aduersus
948 1069 1120 1125 creditorem

165 1152 303 1226 apeadam
320 1158 362 1207 est
377 1192 384 1207 .
400 1192 406 1207 .
425 1191 431 1204 .
447 1191 454 1206 .
471 1150 610 1206 Valeriano
625 1148 668 1206 ΙΙΙ.
685 1158 713 1205 at
728 1151 858 1208 Gallieno
872 1150 915 1207 ΙΙ.
931 1143 1040 1208 conss.³

58 1233 158 1313 affla-
226 1230 270 1291 te.
295 1228 443 1291 ⁴Gallienus
465 1234 526 1307 Aug
529 1273 635 1291 .....
660 1234 795 1307 Pipaaris
816 1235 1033 1306 hypothecaeae
1054 1238 1120 1292 iare

164 1335 212 1375 res
239 1319 433 1375 hereditariae
460 1318 623 1391 pupillorum
651 1334 666 1373 a
694 1317 878 1375 oreditoribus
902 1323 1036 1390 paternis
1062 1320 1120 1375 dis·

164 1411 278 1459 tractae
298 1406 362 1459 iure
382 1403 517 1459 uindicari
536 1400 611 1457 nullo
626 1410 750 1474 possunt.
794 1400 822 1457 Si
837 1402 922 1475 igitur
936 1401 1006 1459 absit
1026 1404 1121 1472 dolus,

163 1487 299 1558 praesidi,
316 1504 334 1541 a
349 1502 404 1557 qno
416 1488 521 1555 papilii
534 1487 590 1540 nisi
605 1501 697 1541 eausa
709 1486 817 1557 capuita
827 1493 923 1541 eontra
937 1485 1120 1543 uenditionem

164 1571 331 1625 acreditore
344 1569 456 1639 saetam
479 1572 506 1624 ia
530 1571 668 1640 iatepram
691 1572 805 1625 restitui
819 1586 876 1626 non
896 1577 1028 1641 possunt,
1051 1586 1121 1626 eoa·

163 1654 229 1724 fide,
246 1652 292 1723 qui
307 1652 450 1723 inquietari
466 1659 492 1706 te
507 1652 534 1705 in
548 1655 723 1723 possessione
737 1656 783 1709 rei
793 1660 905 1725 emptae
919 1670 976 1710 aon
989 1655 1121 1723 patietur

166 1776 173 1790 .
190 1778 197 1792 .
215 1776 221 1790 .
238 1777 244 1791 .
262 1734 416 1791 Saeculari
429 1734 459 1795 ΙΙ,
476 1744 503 1790 et
519 1734 620 1790 Donato
636 1730 741 1790 consil

59 1812 154 1893 “illl
229 1815 271 1877 20
274 1860 377 1875 .....
395 1818 453 1892 ’per
467 1818 561 1875 lulium
574 1818 728 1877 llenolrlnm
742 1821 923 1892 spectabilem
938 1812 1047 1878 airam⁶
1062 1862 1069 1877 .
1086 1860 1094 1875 .
1111 1861 1119 1875 .

166 1904 292 1960 auxilium
307 1920 361 1959 noa
377 1910 468 1975 potest
483 1902 615 1977 denegari
631 1942 763 1959 ......
776 1905 921 1975 pecuniam
938 1904 1119 1961 oreditoribus

166 2006 179 2043 s
196 2028 323 2044 ......
340 1985 437 2043 habere
457 2003 512 2042 non
532 1986 622 2058 potuit
642 1988 668 2042 in
688 2003 753 2060 poss
769 2027 898 2043 ......
915 1996 942 2044 et
966 2004 1120 2062 usurarum,

167 2069 719 2145 quiriacommun.....‚kalluliis
749 2071 1033 2127 Viminaeii....-..

60 2154 160 2233 ΕΕὶξνΕέΕ·
230 2151 276 2213 21.
300 2154 435 2211 Gallienus
451 2155 511 2226 Aug
514 2194 616 2209 .....
634 2146 778 2211 ⁷Nondum
800 2156 930 2212 damnati
947 2158 983 2213 alr
1006 2172 1049 2227 eo,
1072 2160 1122 2213 cai

167 2242 213 2295 ias
228 2248 279 2311 est,
296 2255 344 2295 res
360 2258 377 2294 a
390 2244 586 2309 procuratore
600 2237 760 2294 alienandae
775 2255 830 2294 nou
845 2248 919 2296 sunt.
959 2238 1055 2295 Aditus
1071 2242 1121 2295 ita·

118 2370 124 2381 .
167 2339 221 2395 pne
239 2338 364 2395 praeses
387 2323 559 2392 prouinciae
581 2324 606 2377 si
626 2323 681 2378 hoe
703 2326 732 2378 ia
755 2330 782 2378 te
801 2323 914 2393 factum
943 2327 1119 2396 coanoaerit,

166 2406 356 2464 iatermdento
378 2398 472 2460 'eius8
494 2405 630 2479 iussione,
660 2407 706 2477 qai
728 2421 777 2462 res
801 2414 867 2461 tuas
888 2408 1038 2477 distraxit,
1069 2421 1122 2464 eas

167 2491 218 2546 tibi
231 2493 345 2546 restitui
358 2488 480 2545 curabit.
509 2487 558 2543 PP.
577 2488 652 2545 Vllll.
668 2488 721 2543 tat.
736 2488 804 2548 Nou.
820 2488 930 2546 Patauii
943 2530 951 2547 .
969 2532 976 2546 .
994 2532 1001 2545 .
1019 2532 1026 2547 .

71 2575 149 2654 ¹³¹}CTL·
231 2568 279 2629 22.
303 2566 498 2628 9Diocletianus
514 2579 541 2626 et
556 2570 737 2629 llaximiaaas
751 2573 810 2630 ΑΑ.
822 2574 924 2630 Plotio.
959 2574 992 2630 Si
1004 2576 1121 2631 deserta

71 2662 156 2698 ΗΜ
167 2658 301 2727 praedia,
324 2656 357 2712 ob
373 2656 547 2711 cessationem
562 2656 739 2712 collationum
759 2658 806 2713 ael
819 2660 933 2730 reliqua
950 2660 1121 2715 tributorum
1132 2668 1195 2715 [62⁷1

241 2827 260 2897 1)
276 2830 335 2895 Dia.
351 2832 485 2881 inchoatum
500 2833 601 2882 leuatum
616 2832 674 2883 Vat.
689 2833 827 2883 inchoatam
841 2835 943 2883 leuatum
956 2835 1014 2886 edd.
1024 2835 1121 2886 Hollro.

167 2901 315 2952 etMomms.
367 2898 388 2966 Ε)
403 2902 447 2951 Ad
454 2918 553 2952 sensam
564 2910 588 2952 et
597 2904 740 2967 spatiorum
749 2905 894 2955 mensuram
902 2907 1011 2955 restitui.
1038 2905 1121 2969 Ofili.

168 2984 236 3024 1-5.
258 2972 283 3022 Ο.
298 2974 322 3022 si
336 2974 408 3023 vead.
425 2975 498 3038 pipa.
514 2989 554 3038 aa.
572 2970 607 3039 (a,
621 2972 666 3038 ss).
687 3001 720 3011 ——
739 2975 892 3027 facinorosos
911 2974 974 3041 (pro
995 2975 1122 3042 iacienda)

168 3044 207 3095 ed.
219 3043 332 3095 Mamaos.
386 3040 405 3109 Ε)
419 3059 443 3092 a.
454 3054 501 3095 255.
548 3039 569 3109 ⁴)
584 3042 710 3093 Similiter
719 3047 822 3095 restitui
831 3046 920 3111 (aliter
930 3046 1120 3111 Mommsenas).

170 3114 208 3177 Cf.
223 3114 280 3163 LL.
296 3115 339 3163 eit.
354 3114 385 3162 L.
401 3127 421 3165 1.
436 3125 456 3163 2.
478 3114 503 3162 G.
518 3115 542 3163 si
556 3114 612 3163 ade.
629 3115 701 3163 vend.
713 3117 786 3180 pipa.
802 3115 833 3180 (2,
843 3117 888 3178 22).
903 3116 934 3165 L.
945 3128 971 3167 aa
980 3132 1024 3179 pr.
1044 3116 1077 3164 Ι).
1089 3117 1123 3165 de

168 3185 260 3233 me'aor.
280 3182 315 3249 (t,
333 3182 365 3248 t).
431 3181 452 3249 Ε)
466 3201 491 3232 a.
506 3195 551 3235 eoo.
617 3181 638 3249 Ε)
657 3183 703 3234 Sic
721 3187 825 3251 eprepr‘e
844 3187 956 3237 Momme.
979 3186 1123 3249 perialmino

169 3254 252 3302 'lilium
267 3269 309 3315 spe
329 3254 387 3303 Vnt.
440 3250 460 3318 ⁷)
475 3254 630 3303 Adseasam
645 3257 753 3304 restitui.
781 3256 819 3320 Cf.
834 3257 866 3307 L.
877 3269 897 3306 1.
912 3269 932 3308 a.
949 3256 975 3305 O.
991 3256 1035 3306 nbi
1049 3272 1122 3306 eaeo.

166 3325 222 3385 fise.
239 3324 269 3387 (a,
284 3322 328 3387 26).
403 3321 423 3387 ⁸)
440 3323 484 3371 Ea
499 3324 563 3374 Mai.
579 3327 610 3387 a).
631 3339 644 3371 e
664 3324 725 3390 (pro
744 3326 776 3390 ε’)
796 3328 901 3376 iussione
924 3327 983 3377 Vat.
1002 3327 1060 3375 edd.

171 3391 192 3455 9)
208 3391 312 3441 Partem
323 3394 439 3455 priorem
453 3408 507 3442 esse
523 3393 554 3443 L.
565 3404 584 3442 2.
603 3394 627 3445 0.
638 3396 662 3442 si
671 3404 759 3459 propt.
773 3396 842 3459 pall.
867 3389 903 3469 (4,
913 3396 958 3460 ta),
973 3396 1125 3460 quibusdam

171 3464 284 3519 resectis,
299 3462 393 3513 Holtm.
408 3464 479 3513 aldit.
506 3462 624 3521 destitui,
640 3465 681 3523 iis,
696 3481 761 3529 qaae
774 3474 875 3517 resecta
884 3474 952 3526 eant,
963 3482 1125 3517 exaersaam

172 3544 291 3579 raeasara
305 3534 452 3581 aestimatis.
