2542 3909
320 215 379 251 nos.
399 215 433 250 sn
451 214 513 250 nou.
532 212 622 250 nnovu
641 213 748 248 concur.
768 193 814 248 VI.
834 200 858 247 6.
879 200 902 248 t.
1024 193 1087 258 669

135 361 255 403 errorem
274 361 353 402 sunm
375 345 532 414 rescierint,
553 342 624 399 illico
648 342 761 397 nelarias
784 343 892 416 nuptias
908 336 1087 398 diremerint.¹

135 429 218 504 Prop.
234 427 272 484 ld.
288 428 364 485 Mart.
380 419 563 506 (Tiberiano)
581 434 608 482 et
623 426 705 482 Dione
720 419 812 482 Coss²

207 509 272 558 Mene
287 523 380 573 quoqne
395 509 588 558 constitutionem
603 506 763 567 Gregorinnus
783 505 850 554 titulo
870 505 899 555 de
918 508 1007 570 nuptiis
1027 508 1090 556 insc-

136 581 192 642 ruit,
207 594 266 644 quae
282 587 318 628 est
332 580 453 628 tricesima
468 587 491 628 ct
505 578 618 636 secunda,
633 577 687 626 eliis
701 584 779 625 tamen
795 584 819 624 et
833 576 871 624 die
882 583 905 624 et
916 575 993 636 Coss,
1008 578 1091 628 idest:

135 647 351 730 ’[constitutio]³
373 653 402 710 P.
418 654 447 710 P.
464 652 494 713 V.
510 651 546 708 ld.
562 651 620 708 lun.
637 650 803 707 Diocletiano
825 658 868 706 ter
889 659 916 706 et
933 649 1090 708 Maximiano

137 739 266 811 Augustis
282 729 407 814 (Coss).⁴

55 829 125 879 [5⁷2]
200 819 332 894 an.Vl.
375 820 585 893 Papinianus
614 817 705 874 libro
732 817 907 891 singulari
934 817 1091 877 deadul-

137 906 248 962 teriis.
293 902 318 962 1.
342 899 405 971 ‘Qut
420 905 522 961 sororis
538 901 618 958 filiam
641 917 751 957 uxorem
775 899 888 957 dnnerat
906 917 955 974 per
970 919 1091 959 errorem

136 996 277 1060 antequam
293 989 500 1061 praeueniretnr
521 1003 536 1042 a
558 985 690 1057 delatore,
714 984 822 1040 diremit
841 986 956 1040 coitum:
980 1003 1090 1059 quaero,

136 1089 170 1128 an
185 1071 271 1127 adhuc
285 1073 372 1143 possit
387 1069 537 1129 accusaril’
575 1068 738 1142 Respondit:
755 1070 791 1139 ei,
807 1069 853 1142 qui
871 1071 1030 1126 coniunctae
1046 1086 1091 1126 so·

136 1156 206 1211 roris
230 1153 299 1211 filiae
320 1156 391 1212 bona
413 1153 464 1210 lide
487 1153 632 1223 abstinuit,
661 1160 775 1225 poenam
796 1153 899 1207 remitti
927 1153 1013 1225 palam
1036 1163 1093 1210 est:

138 1240 201 1312 quia
216 1241 261 1312 qui
277 1254 369 1294 errore
385 1240 496 1310 cognito
515 1236 621 1293 diremit
638 1238 749 1305 coitum,
772 1235 891 1290 creditur
914 1237 972 1292 eius
996 1237 1093 1292 uolun-

138 1324 199 1378 tatis
217 1324 309 1393 luisse,
326 1330 356 1377 ut
371 1323 394 1376 si
409 1323 505 1377 scisset
517 1337 547 1376 se
558 1322 585 1375 iu
596 1337 629 1377 co
646 1319 852 1374 necessitudinis
865 1318 951 1394 gradu
964 1323 1094 1394 positum,

137 1422 193 1462 non
209 1405 306 1460 luisset
320 1404 373 1460 tale
388 1406 585 1461 matrimonium
601 1397 802 1478 copulaturus.⁵

201 1489 266 1561 Map.
282 1488 334 1545 Vll.
370 1487 457 1544 ldem
480 1481 621 1564 (ipitur)
645 1479 793 1544 dicitur6
816 1488 849 1542 iu
871 1503 945 1559 eos,
969 1489 1023 1561 qui
1045 1489 1094 1544 in·

138 1581 250 1630 costas
278 1573 421 1645 nuptias
449 1578 712 1630 contraxerunt.
757 1569 934 1627 Maledicti
963 1566 1093 1628 tamen⁷

139 1664 220 1713 sunt
243 1673 357 1712 omnes
385 1657 511 1713 incesti
534 1671 593 1728 per
615 1655 740 1729 legen,
769 1671 840 1710 cum
864 1654 973 1712 adhuc
999 1653 1096 1712 rudi·

139 1740 199 1795 hus
228 1739 372 1813 populis
395 1755 432 1796 en
459 1740 579 1796 diuino
608 1748 693 1795 nutu
719 1737 861 1794 condita
889 1738 1009 1795 iisdem
1038 1740 1095 1796 ad-

139 1823 393 1896 stipulantibus
415 1825 623 1880 sanciretur.
654 1830 688 1878 et
709 1823 829 1894 utique
853 1838 967 1879 omnes
990 1823 1095 1880 male·
1168 1878 1171 1882 .

139 1907 228 1963 dicti
256 1908 370 1980 puniti
397 1916 494 1978 sunt,
522 1923 608 1980 quos
637 1906 755 1963 diuina
782 1913 816 1960 et
843 1906 987 1960 humana
1015 1923 1094 1962 sen-

139 1992 251 2048 tentia
280 2007 430 2047 consona
456 2007 542 2047 uoce
570 1989 753 2046 damnauit.
805 1987 868 2043 Lex
895 1987 1017 2046 diuina
1045 1992 1095 2047 sio

139 2067 261 2130 dicit:8
282 2072 308 2131 1.
324 2073 489 2145 Maledictus,
511 2076 642 2147 inquit,
664 2072 730 2129 dixit
744 2073 861 2145 Moyses,
877 2073 924 2146 qui
939 2073 1094 2132 concubue-

214 2285 234 2354 l)
250 2287 288 2351 Of.
303 2287 335 2335 L.
346 2299 380 2339 ee.
395 2289 419 2349 §-
430 2299 450 2338 τ.
469 2287 502 2335 D.
518 2287 553 2335 nd
567 2288 614 2351 lep.
629 2285 680 2335 lut.
695 2287 727 2335 de
741 2287 820 2336 adult.
837 2284 882 2350 (ss,
892 2284 923 2351 s).
976 2282 997 2350 2)
1012 2302 1036 2337 a.
1046 2297 1094 2338 eo1.

142 2355 163 2424 ⁸)
180 2358 272 2408 Netum
285 2358 335 2408 doc
349 2364 414 2420 puto
432 2373 467 2406 ex
481 2372 557 2415 coss,
577 2356 646 2421 quod
658 2355 689 2405 B.
704 2365 781 2406 autea
799 2359 898 2407 omittit.
971 2352 992 2420 ⁴)
1008 2373 1031 2405 a.
1047 2368 1093 2409 287.

145 2429 232 2479 Totum
246 2429 295 2478 ltoc
309 2429 508 2477 additamentum
523 2443 574 2476 nou
588 2425 620 2475 ab
635 2429 692 2489 ipso
704 2427 854 2477 Collatiouis
863 2433 980 2486 auctore,
994 2443 1010 2475 o
1021 2429 1095 2476 ouius

141 2501 251 2549 consilio
266 2501 295 2549 td
307 2501 418 2548 alienum
432 2504 477 2556 est,
491 2498 538 2547 sed
551 2504 578 2546 ut
587 2499 683 2546 riutilio
693 2500 720 2546 iu
732 2498 775 2546 Pr.
792 2498 849 2548 Vnt.
860 2500 922 2548 266⁵.
932 2509 979 2548 2⁷0.
990 2508 1036 2547 ets.
1047 2508 1094 2550 285.

141 2581 187 2621 sss.
198 2581 245 2622 sss.
260 2585 277 2619 u
291 2569 353 2619 libri
366 2571 453 2632 atiquo
464 2582 614 2631 possessore
624 2568 773 2630 profectum
782 2583 836 2618 esse
846 2569 956 2617 videtur.
981 2568 1096 2617 Ceterum

141 2642 274 2704 incopro
289 2639 555 2704 quaemuliminqno.
620 2636 643 2704 ⁶)
659 2638 697 2701 Cf.
712 2638 744 2687 L.
759 2651 794 2690 es.
812 2641 887 2700 §Mt
902 2651 923 2690 o.
949 2639 981 2690 D.
997 2640 1093 2704 adtep.

141 2710 191 2761 Iul.
207 2712 238 2760 de
253 2712 334 2760 adult.
350 2711 395 2774 (48,
410 2708 441 2775 n).
493 2707 515 2774 ⁶)
530 2707 571 2758 Se.
587 2711 643 2773 depe
656 2709 707 2757 Dei
720 2716 745 2758 et
758 2709 857 2774 lepidus
871 2709 1007 2764 Romanis:
1028 2711 1095 2759 uude

140 2797 201 2831 uoce
217 2781 287 2843 igitur
302 2783 391 2830 careri
404 2796 455 2830 uou
465 2787 578 2844 poterut,
594 2795 658 2844 quae
668 2795 697 2829 eo
709 2779 820 2842 facilius
829 2781 953 2829 excidere
962 2782 1057 2843 potuit,
1072 2782 1096 2830 si

141 2853 173 2900 id.
189 2852 260 2912 igitur
273 2854 398 2915 seriptum
413 2852 497 2914 fuisse
515 2851 641 2913 ponimus.
708 2847 800 2915 ⁷)Inbo
814 2851 893 2898 dicit:
913 2865 948 2898 eoo
967 2853 1022 2915 iope
1036 2866 1058 2900 c.
1075 2864 1094 2901 1.

141 2924 226 2971 reluta
236 2925 379 2984 putaveris,
395 2925 449 2986 lepe
465 2922 554 2970 diviua
569 2920 691 2985 quosdam
705 2927 802 2970 tontum
816 2921 910 2969 incesti
918 2935 978 2968 reos
987 2923 1095 2983 punitos

141 3006 211 3047 esse,·
228 2993 275 3040 sed
292 2993 344 3042 ello
359 2995 414 3042 loco
429 3007 514 3042 omnes
528 2991 659 3040 maledieti
671 2998 731 3039 suut
748 3006 829 3054 euque
843 2991 1001 3048 rualedictim
1021 3007 1095 3054 quam

135 3077 224 3126 poena
237 3077 335 3126 semper
349 3062 510 3127 sequebatur,
525 3077 541 3110 α
556 3063 613 3110 iure
629 3060 745 3111 Romano
760 3068 858 3110 tautum
871 3061 1008 3110 sanciendi
1021 3062 1094 3112 modo

140 3133 266 3189 distabut;
281 3148 361 3198 neque
374 3135 441 3182 euim
454 3135 525 3183 solus
538 3133 685 3198 lepislator,
699 3139 728 3180 ut
740 3147 809 3181 nuno
823 3133 976 3194 imperator,
991 3132 1037 3180 sed
1054 3132 1095 3184 di·

140 3206 201 3253 viua
214 3219 266 3254 vore
280 3205 454 3268 adstipulante
463 3206 557 3267 populi
569 3203 681 3252 humana
690 3217 750 3252 uoce
761 3202 870 3266 (verbius
879 3203 936 3264 fiat,
947 3201 1005 3267 fiat)
1016 3203 1095 3266 lepem

139 3274 279 3325 sanciebat.
332 3271 353 3340 8)
370 3275 407 3338 Cf.
423 3275 562 3324 Deuteron.
578 3285 612 3332 ei,
627 3284 736 3332 20-2e.,
751 3273 796 3322 ubi
809 3273 934 3337 quaedam
948 3280 1045 3321 tantum
1060 3289 1095 3322 eos

140 3345 181 3394 lu's
194 3344 416 3395 maledictionibus
430 3347 562 3410 lepuutur,
580 3345 616 3393 ud
634 3360 742 3408 quarum
760 3344 952 3394 similitudinem
968 3343 1095 3393 Collector

140 3417 242 3466 ratium
261 3416 348 3465 dubita
367 3416 450 3467 Leoit.
471 3428 502 3466 18.
522 3423 547 3464 et
565 3427 599 3466 2⁰.
618 3422 735 3464 coeteras
750 3417 842 3479 fiuxit,
863 3429 894 3463 ne
912 3416 936 3462 si
954 3415 1094 3464 interdicto

140 3493 236 3535 tuntum
250 3488 412 3536 matrimonia
427 3502 461 3536 ea:
474 3486 515 3535 leis
529 3487 593 3534 locis
607 3487 745 3546 retulisset,
759 3486 885 3550 impunito
899 3500 930 3534 eo
942 3485 1026 3548 fuisse
1040 3487 1095 3550 depe

140 3557 230 3606 diuina
244 3557 401 3608 uiderentur.
