2542 3909
467 230 502 264 nn
519 202 632 265 memus
650 230 729 265 orrens
741 230 783 265 111.
1065 222 1104 279 71·

137 358 190 415 loci
211 357 247 415 de
267 354 474 429 magistratibus
493 364 559 413 sunt
579 357 690 430 propria
712 354 857 428 quaedam,
883 371 899 411 a
918 354 1106 428 Theophrasto

76 478 80 482 .
138 444 267 516 primum,
283 439 383 496 deinde
398 443 413 495 'a
429 440 512 496 llione
527 438 620 495 Stoico
636 441 758 513 quaesita
773 439 911 500 subtilius.

201 541 245 601 Vl.
266 538 312 599 to
333 541 371 597 Α.
394 540 445 597 Ain
461 539 587 596 tandem?
602 541 683 595 etiam
699 557 714 595 a
728 538 827 595 Stoicis
836 538 887 595 ista
899 545 1014 595 tractata
1025 539 1107 594 sunti

204 642 245 698 M.
261 640 322 696 Non
337 657 402 696 sane
418 640 471 695 nisi
485 638 517 695 alr
533 656 577 710 eo,
593 656 674 713 quem
688 638 769 695 modo
791 640 942 711 nominaui,
963 646 991 695 et
1012 649 1108 715 postea

141 742 155 781 a
170 740 269 798 magno
285 724 395 779 homine
411 726 482 780 etin
497 725 591 798 primis
606 723 729 793 erudito,
749 722 885 778 Panaetio.
920 736 982 778 narn
999 730 1107 780 ueteres

140 807 226 865 uerbo
242 815 323 863 tenus
339 817 418 864 acute
431 807 471 864 illi
485 806 605 881 quidem,
627 806 675 863 sed
691 824 745 862 non
761 805 793 861 ad
809 806 881 862 hunc
896 823 975 861 usum
990 807 1106 881 popula·

141 909 198 948 rem
220 899 303 963 atque
324 891 443 962 ciuilem,
466 890 500 947 de
521 890 680 964 republica
702 890 880 946 disserebant.
910 888 943 945 ab
959 885 1107 947 academia²

140 976 225 1049 magis
247 976 298 1030 ista
318 984 470 1047 manarunt,
489 974 603 1030 Platone
623 976 760 1049 principe3
783 978 847 1047 post
861 974 1022 1029 Aristoteles
1037 974 1107 1031 iulu-

140 1060 239 1115 strauit
253 1075 362 1114 omnem
377 1059 450 1114 huno
460 1058 568 1114 ciuilem
576 1058 604 1113 in
616 1057 781 1131 disputando
794 1053 885 1111 locum
896 1054 1106 1130 Heraclidesque

139 1143 271 1199 Ponticus
286 1141 427 1215 proiectus
443 1141 476 1197 ab
492 1142 587 1197 eodem
602 1141 732 1208 Platone3
754 1140 958 1213 Theophrastus
975 1154 1052 1213 uero,
1068 1143 1107 1197 in·

140 1230 255 1283 stitutus
271 1224 304 1281 ab
319 1224 476 1300 Aristotele,
492 1225 634 1295 habitauit,
651 1232 681 1279 ut
694 1224 781 1295 scitis,
797 1223 824 1279 in
840 1239 872 1279 eo
889 1240 990 1297 genere
1005 1240 1108 1297 rerum,

140 1309 174 1366 al)
189 1308 341 1382 eodemque
353 1308 501 1365 Aristotele
515 1308 613 1368 doctus
629 1307 805 1364 Dicaearchus
819 1307 883 1363 huic
893 1307 993 1365 rationi
1002 1308 1107 1365 studio·

143 1410 199 1467 que
214 1408 270 1448 nou
284 1392 385 1462 deiuit3
405 1399 470 1467 post
490 1409 504 1447 a
519 1392 710 1466 Theophrasto
725 1390 870 1447 Phalereus
885 1390 932 1447 ille
946 1392 1106 1464 Demetrius,

142 1476 178 1533 de
194 1492 250 1549 quo
265 1474 316 1531 ieci
330 1494 412 1551 supra
427 1469 603 1548 mentionem,
618 1474 775 1532 mirabiliter
789 1476 939 1533 doctrinam
955 1493 988 1531 er
999 1477 1107 1532 umbra·

140 1560 211 1619 culis
227 1554 479 1637 eruditorum[que]
504 1562 616 1633 otioque
637 1576 692 1616 non
716 1559 796 1615 modo
819 1561 848 1616 in
871 1558 957 1615 solem
978 1569 1060 1633 atque
1080 1562 1108 1616 in

138 1644 296 1719 puluerem,
311 1644 359 1700 sed
374 1646 402 1700 in
418 1646 506 1718 ipsum
522 1644 666 1700 discrimen
681 1644 820 1716 aciemque
834 1642 980 1717 produxit:
1000 1660 1061 1701 nam
1081 1652 1108 1701 et

139 1728 316 1785 mediocriter
336 1728 434 1786 doctos
454 1745 569 1803 magnos
589 1730 618 1784 in
632 1725 784 1801 republica
799 1728 876 1783 uiros
891 1736 919 1783 et
935 1727 1108 1785 doctissimos

140 1814 265 1868 homines
280 1828 337 1867 non
351 1814 431 1868 nimis
445 1813 474 1867 in
488 1828 519 1867 re
529 1801 638 1885 publica¹
649 1819 773 1867 uersatos
784 1811 886 1867 multos
896 1820 1108 1869 commemorare

139 1911 304 1971 possumus;
321 1896 368 1969 qni
379 1912 447 1952 uero
464 1904 578 1969 utreque
593 1912 623 1951 re
638 1888 793 1967 excelleret,
808 1903 839 1951 ut
855 1902 883 1950 et
898 1894 1037 1953 doctrinae
1049 1906 1107 1953 stu-

142 1980 193 2035 diis
208 1989 235 2035 et
249 1978 370 2054 regenda
384 1980 496 2035 ciuitate
510 1980 637 2053 princeps
653 1988 735 2049 esset,
752 1979 813 2052 quis
829 1978 907 2034 iacile
916 1989 1025 2052 praeter
1036 1982 1109 2037 hunc

140 2064 257 2120 inueniri
270 2063 383 2137 potest?

204 2166 241 2221 A.
262 2164 334 2219 Puto
356 2179 441 2237 posse
462 2172 491 2220 et
513 2163 621 2238 quidem
643 2162 761 2239 aliquem
784 2166 812 2217 te
833 2162 921 2218 trihus
943 2163 1037 2219 nohis:
1060 2165 1108 2220 sed

141 2264 239 2322 perge,
255 2256 287 2303 ut
301 2264 442 2321 coeperas.

205 2348 259 2405 vlt.
284 2345 330 2406 15.
358 2348 400 2405 Μ.
429 2347 587 2416 Quaesitum
607 2349 693 2422 igitur
715 2346 746 2403 ab
768 2346 822 2402 illis
844 2354 902 2418 est,
930 2343 1108 2425 placeretlne)

141 2449 227 2495 unum
241 2434 270 2489 in
284 2433 396 2489 ciuitate
411 2448 471 2488 esse
485 2432 690 2507 magistratum,
705 2433 749 2488 cni
763 2429 863 2505 reliqui
876 2439 1017 2505 parerent,
1035 2433 1109 2504 quod

142 2518 243 2577 exactis
257 2516 368 2589 regibus
383 2516 515 2591 intellego
530 2516 666 2591 placuisse
680 2516 783 2571 nostris
798 2514 960 2585 maioribus3
977 2514 1026 2571 sed
1041 2533 1109 2591 quo·

142 2601 216 2654 niam
236 2599 328 2673 regale
350 2601 469 2655 ciuitatis
484 2616 584 2674 genus,
604 2599 750 2673 probatum
766 2598 913 2673 quondam,
935 2607 1031 2673 postea
1052 2618 1110 2659 non

141 2692 198 2740 tam
217 2685 295 2757 regni
317 2699 400 2757 quam
420 2686 495 2758 regis
517 2684 591 2740 uitiis
606 2684 778 2757 repudiatum
801 2691 858 2753 est,
880 2700 980 2740 nomen
1003 2691 1108 2741 tantum

140 2766 282 2824 uidebitur
295 2768 370 2840 regis
385 2768 567 2841 repudiatum,
582 2784 627 2823 res
642 2766 770 2841 manebit,
785 2768 809 2823 si
823 2783 894 2823 unus
906 2767 1031 2826 omnibus
1046 2769 1109 2825 reli·

140 2855 203 2926 quis
217 2850 423 2925 magistratibus
437 2851 589 2926 imperabit.
619 2848 665 2909 16.
684 2868 737 2925 qua
757 2868 787 2909 re
800 2867 853 2909 nec
866 2853 963 2925 ephori
977 2850 1109 2909 lacedae-

139 2951 223 2993 mone
243 2937 303 2991 sine
323 2951 403 2991 causa
418 2953 434 2991 a
448 2937 625 3010 Theopompo
641 2937 763 3010 oppositi
777 2934 889 3010 regibus
904 2952 955 2993 trec
970 2936 1042 3009 apud
1057 2954 1108 2995 nos

140 3018 302 3076 consulibus
318 3017 430 3076 tribuni.
460 3036 522 3075 nam
536 3019 604 3077 illud
620 3020 728 3095 quidem
743 3022 843 3095 ipsum,
860 3020 933 3095 quod
948 3021 976 3075 in
990 3021 1049 3077 iure
1059 3039 1109 3096 po-

138 3105 224 3159 situm
246 3109 300 3174 est,
321 3102 403 3159 habet
422 3103 530 3177 consul,
549 3113 581 3160 ut
596 3106 621 3161 ei
635 3106 734 3180 reliqui
751 3106 926 3178 magistratus
948 3120 1040 3171 omnes
1061 3123 1108 3179 pa·

138 3196 229 3259 reant,
251 3196 368 3261 excepto
390 3187 509 3253 tribuno,
532 3190 580 3264 qui
600 3198 666 3262 post
688 3190 786 3259 extitit,
809 3205 846 3245 ne
865 3188 904 3261 id,
928 3188 1001 3260 quod
1016 3188 1108 3261 fuerit,

138 3279 225 3328 esset.
260 3271 323 3327 hoc'
335 3272 408 3327 enlm
427 3274 543 3347 primum
563 3274 662 3330 minuit
676 3272 820 3330 consulare
833 3274 893 3344 ius,
917 3270 991 3343 quod
1006 3274 1110 3330 exstitit

138 3354 216 3427 lpse,
239 3355 286 3428 qui
301 3370 334 3411 eo
350 3371 407 3411 non
421 3362 573 3429 teneretur,
593 3356 692 3413 deinde
707 3357 780 3431 quod
796 3358 889 3413 attulit
904 3351 1033 3409 auxilium
1048 3356 1109 3413 reli·

215 3551 237 3619 ¹)
252 3554 282 3602 ah
297 3553 359 3602 itanc
371 3553 460 3603 lamilia
474 3554 529 3605 ΑΒ
541 3556 571 3605 ab
586 3555 630 3603 hac
645 3555 733 3604 lamilia
747 3552 805 3603 edd.
