2542 3909
182 176 246 241 840
297 196 356 232 vsu.
371 196 475 233 cvrvsn.
490 194 625 232 mucoso.
643 194 828 233 cousvnrarro.
843 178 864 231 1.
879 179 981 233 10-11.
997 185 1021 233 3.

224 323 326 381 carebit
340 324 447 381 ellectu.
477 324 528 380 PP.
538 324 603 384 Vlll.
617 324 657 383 id.
673 324 749 399 Sept.
761 323 924 381 Diocletiano
936 318 1004 383 ’lV.¹
1017 335 1046 383 et
1058 326 1147 383 llari·
1161 332 1220 380 [⁷2⁷]

225 410 313 463 miano
329 406 372 463 ill.
386 401 475 465 coss.²
1245 414 1246 435 ³

266 486 313 548 10.
335 490 401 547 ltem
417 491 467 547 alia
482 491 578 548 eodem
593 490 662 547 lilrro
677 500 705 547 et
720 507 851 564 corpore:

226 574 310 648 lmpp.
323 572 407 631 Carus
418 584 446 631 et
457 574 635 631 Numerianus
648 575 702 632 nl.
712 574 833 632 Aurelio.
856 575 921 633 Cum
933 575 1034 633 iraudis
1046 578 1144 635 studio

227 659 433 715 transactionem
444 660 632 732 interpositam
645 675 705 714 esse
719 659 881 733 dicos‚quod
892 662 1021 717 internos
1031 672 1143 733 gestum
1245 726 1246 733 ἵ

225 750 284 814 est,
305 739 422 798 infirmat
443 744 510 799 iuris
531 744 688 799 auctoritas.
719 751 751 799 et
772 743 919 815 reliqua.
956 743 1061 805 PP.Vl.
1078 745 1144 803 idus

226 824 363 883 liecembr.
379 825 445 883 Caro
461 835 488 883 et
503 824 598 881 Carino
610 818 698 882 coss.⁸

266 906 301 965 ll.
323 908 395 983 Ergo
419 912 441 966 si
463 910 539 983 leges
560 916 706 965 seruantur
733 917 760 965 et
775 909 966 967 custodiuntur
987 914 1143 985 principum

183 999 296 1063 statuta,
312 995 473 1065 pactionem,
488 993 522 1049 de
536 1010 588 1065 qua
603 992 688 1049 locuti
708 1008 810 1059 sumus,
833 993 1080 1051 manifestissimum
1095 1005 1142 1051 est

183 1075 270 1131 nullas
287 1077 359 1132 uires
374 1076 481 1132 habere.
509 1074 551 1135 12.
567 1068 689 1133 ’Etiami
702 1077 755 1133 hoc
776 1076 837 1133 loco
854 1078 1032 1134 'llreodosiani
1047 1079 1142 1152 legem

184 1159 217 1215 de
231 1161 317 1233 pactis
332 1176 382 1233 pro
397 1161 450 1215 hoc
465 1160 565 1215 credidi
581 1159 762 1231 inserendam,
779 1162 842 1233 quia
856 1161 961 1217 initium
976 1162 1060 1236 ipsius
1073 1177 1142 1218 oon·

183 1242 335 1299 stitutionis
350 1243 404 1299 tale
419 1251 472 1315 est,
488 1242 527 1298 'ut
542 1237 651 1299 dicas:⁵

225 1326 254 1383 Si
276 1326 418 1383 aduersum
440 1335 517 1401 pacta
540 1328 584 1383 uel
613 1329 818 1399 transactiones,
836 1345 903 1400 quas
926 1328 1011 1385 libero
1028 1328 1143 1385 arbitrio

225 1418 254 1466 et
265 1410 407 1467 uoluntate
422 1410 547 1480 coniecit,
571 1413 709 1483 putauerit
724 1427 784 1467 esse
800 1412 973 1481 ueniendum,
985 1422 1011 1469 et
1024 1428 1142 1486 poenam

224 1493 328 1564 reddat,
344 1503 373 1549 et
393 1494 574 1550 emolumenta
589 1494 693 1567 perdat,
710 1502 736 1551 et
750 1494 884 1551 infamiam
899 1497 1031 1565 incurrat3

183 1577 230 1632 sed
252 1577 309 1647 ille,
333 1577 379 1649 qui
399 1576 512 1631 liberum
534 1577 675 1632 arbitrium
697 1579 800 1649 inoluit,
815 1594 871 1634 non
892 1578 947 1651 itte,
969 1578 1015 1653 qui
1035 1581 1142 1636 inuitus

183 1659 247 1715 lecit
263 1667 291 1714 et
305 1658 418 1715 laciendi
434 1656 603 1716 uoluntatem
618 1678 673 1717 non
689 1662 793 1720 habuit.

266 1742 298 1799 ll.
313 1740 333 1799 L
349 1743 474 1800 Secundo
485 1744 547 1800 loco
558 1760 600 1800 me
612 1745 807 1802 consulendum
825 1746 875 1803 sub
886 1747 936 1803 hac
947 1764 1016 1804 uoce
1027 1747 1140 1819 duxisti,

183 1836 214 1883 ut
230 1827 344 1899 diceres,
360 1827 519 1883 diuisionem
535 1829 563 1884 in
576 1821 719 1886 'castelloi
736 1831 775 1885 sic
790 1830 886 1887 iactam
901 1847 916 1885 a
931 1833 1027 1887 marito
1043 1831 1140 1887 mulie·

181 1914 219 1966 ris
234 1912 331 1984 ipsius,
344 1912 431 1967 utilia
444 1913 581 1968 nesciente
593 1913 690 1969 domus
710 1929 770 1970 cum
783 1914 908 1970 membris
921 1917 977 1970 suis
989 1914 1033 1971 uel
1044 1916 1139 1988 hospi·

183 1995 227 2049 tiis
249 1996 427 2051 circumiectis
449 1995 536 2050 diuisa
557 1989 618 2055 sit.⁷
655 1994 684 2053 2.
701 1994 779 2052 'Sine
801 2000 965 2055 conscientia
989 1992 1097 2054 uxoris⁸
1112 2002 1139 2054 si
1244 1982 1246 2007 ⁴

181 2094 214 2134 ea
228 2077 382 2151 praedictus
398 2080 508 2134 maritus
531 2078 626 2135 iecerit
647 2079 720 2136 nulla
742 2080 901 2152 aequalitate
923 2090 1040 2153 seruata,
1062 2081 1138 2138 nulla

166 2164 402 2235 compensatione
418 2164 445 2217 in
468 2162 594 2218 omuibus
609 2163 756 2236 custodita,
773 2164 805 2219 ad
820 2164 885 2221 haec
899 2164 982 2221 uerba
998 2181 1029 2221 ex
1044 2166 1138 2237 legum

181 2246 377 2302 constitutione
392 2238 554 2319 'respoudi‚⁹
575 2248 699 2303 maritum
714 2249 741 2303 in
757 2249 875 2320 negotiis
887 2250 978 2304 uxoris
990 2250 1048 2304 sinu
1063 2265 1138 2303 man·

182 2328 245 2385 dato
268 2345 323 2385 non
344 2338 419 2387 recte
441 2329 541 2402 aliquid
557 2328 683 2386 definire:
707 2347 757 2387 nec
776 2347 857 2405 posse
872 2330 972 2405 aliquid
987 2332 1091 2388 firmum
1107 2344 1138 2390 et

180 2411 279 2469 stabile
301 2430 375 2483 esse,
399 2413 472 2487 quod
494 2414 552 2469 sine
575 2416 739 2471 conscientia
762 2416 854 2470 uxoris
875 2415 908 2471 de
930 2414 1011 2471 rebus
1033 2417 1138 2473 uxoriis

182 2498 258 2553 uisus
279 2496 361 2553 luerit
376 2498 556 2570 transegisse3
572 2499 730 2571 praesertim
746 2499 769 2553 si
785 2496 913 2554 doceatur
927 2500 1029 2554 inutilis
1039 2492 1064 2533 ¹⁰
1075 2514 1137 2557 esse

181 2588 210 2635 et
230 2581 289 2634 siue
304 2580 464 2653 aequalitate
485 2582 530 2636 uel
550 2584 770 2655 compensatione
784 2583 841 2654 ipsa
857 2582 963 2641 diuisio.
991 2578 1020 2639 3.
1037 2582 1138 2639 Notum

255 2744 275 2812 ¹)
289 2747 315 2795 V.
332 2747 395 2795 Per.
411 2759 458 2808 eoa
473 2754 576 2797 ceterae
589 2763 653 2803 om.‚·
667 2763 736 2798 corr.
753 2748 835 2814 Pupp.
893 2746 915 2815 ⁹)
928 2766 953 2799 o.
967 2762 1014 2803 290.
1073 2749 1094 2817 Β)
1110 2770 1137 2805 o.

180 2832 227 2872 288·
279 2815 301 2884 ⁴)
315 2832 369 2867 nam
383 2818 441 2866 edd.
493 2815 514 2883 ⁶)
528 2816 559 2866 Si
576 2818 747 2867 aduersarios
764 2834 819 2868 eam
838 2821 930 2885 ullepet
947 2836 983 2871 ac.
998 2821 1031 2870 L.
1046 2834 1066 2874 a.
1089 2822 1136 2873 Tu.

182 2891 207 2941 0.
227 2890 259 2939 de
273 2896 344 2952 pact.
364 2886 399 2953 (2,
420 2887 451 2954 e).
474 2888 521 2936 aed
534 2888 657 2951 ponendo
675 2896 735 2937 aunt
753 2889 817 2939 ltoee
836 2906 859 2940 u.
877 2898 937 2940 ante
956 2892 998 2940 sed
1013 2893 1053 2941 ille
1072 2892 1137 2943 dicat

181 2962 243 3010 Por.
259 2972 293 3011 tte.
308 2968 333 3008 et
346 2962 380 3008 el.
453 2955 507 3023 ⁶)i.
521 2974 543 3007 e.
558 2961 621 3009 oilla
640 2962 679 3008 oel
698 2961 786 3017 curia,
805 2967 833 3009 ot
847 2967 909 3023 poet
925 2962 1058 3013 dixerant.
1095 2963 1135 3027 Cf.

180 3032 278 3081 Morio.
295 3045 359 3093 pap.
378 3030 442 3092 dipl.
461 3028 630 3079 LXXXIX.
653 3031 717 3079 anni
735 3040 783 3081 58⁷.
809 3027 959 3093 ‘fundorum
982 3032 1135 3094 Laueriuni,

178 3100 301 3164 Speioni‚
316 3099 462 3154 Anoeosoni
482 3116 538 3150 eunt
551 3102 658 3150 castello
671 3097 729 3149 euo’
746 3107 793 3151 etc.
808 3100 871 3149 Item
891 3101 975 3151 CVII.
996 3131 1029 3139 —
1048 3104 1080 3152 L.
1099 3116 1133 3156 34.

179 3174 202 3233 §-
219 3173 264 3220 olt.
279 3170 311 3218 D.
326 3170 358 3219 de
372 3172 420 3235 lep.
430 3183 451 3221 s.
477 3171 592 3220 Ceterum
605 3172 638 3220 de
652 3172 739 3220 eadem
753 3172 838 3233 specie
852 3174 1059 3237 opiterioml.1.
1070 3189 1135 3237 pro·

175 3242 272 3304 posita.
325 3236 345 3302 ⁷)
363 3240 618 3305 OurnBorpandione
632 3241 739 3303 hospite,
754 3248 864 3303 utputo,
879 3244 925 3305 qui
933 3246 1004 3308 repis
1014 3244 1135 3306 beneficio

178 3311 226 3359 luoc
240 3324 268 3358 ae
281 3308 376 3358 habere
387 3310 501 3371 sortasse
518 3312 618 3359 iniuria
631 3311 746 3361 dixerat.
777 3310 815 3373 Cf.
833 3312 947 3362 Barlow
966 3315 1002 3362 od
1015 3314 1046 3363 L.
1063 3313 1134 3365 Rom.

178 3378 260 3444 Burp.
272 3392 301 3441 p.
316 3388 350 3429 58.
377 3377 492 3444 Sooipnp
508 3380 598 3430 Geselt.
613 3382 639 3429 d.
656 3379 686 3428 lt.
703 3378 733 3428 R.
748 3378 785 3429 II.
801 3396 829 3442 p.
844 3394 878 3433 85.
952 3380 974 3447 8)
988 3383 1055 3432 Edd.
1071 3384 1136 3433 lteec

179 3450 258 3498 uerba
277 3449 439 3498 antecedenti
452 3452 564 3513 periodo
585 3449 737 3500 attribuunt.
809 3448 830 3513 ⁰)
846 3452 936 3501 Malim
953 3454 1072 3517 responde
1090 3460 1136 3503 out

179 3518 322 3580 respondeo.
375 3515 408 3583 10)
423 3521 440 3568 i.
456 3535 477 3569 e.
492 3524 563 3570 nulla
578 3536 634 3571 eom
649 3521 759 3569 utilitate
775 3524 867 3571 uxoris
878 3520 960 3585 secto.
