2542 3909
159 224 223 287 220
453 240 634 276 es111usr1r.
653 220 674 275 Ι.
694 225 836 276 197-198.

160 391 269 438 rantur:
291 384 430 453 puberem
451 389 546 439 autern
567 382 692 437 Sabinus
713 381 831 455 quidem,
858 380 965 437 Cassius
988 384 1126 456 ceterique

162 468 248 521 nostri
271 474 463 539 praeceptores
485 483 547 522 enm
570 481 629 521 esse
652 460 790 538 'putant,¹
820 468 865 540 qui
889 466 981 522 babitu
1004 470 1126 540 corporis

162 550 335 623 pubertatem
351 553 481 622 ostendit,
496 550 525 606 id
540 559 583 606 est
598 567 670 622 eum,
694 552 740 624 qui
756 567 888 624 generare
904 560 1012 625 potest;
1035 552 1083 606 sed
1099 553 1127 607 in

162 636 212 705 his,
237 636 283 707 qui
303 635 454 707 pubescere
470 652 526 691 non
546 643 673 709 possunt,
696 634 790 707 quales
813 643 878 690 sunt
899 636 1045 708 spadones,
1069 652 1127 691 eam

162 728 278 775 aetatem
294 734 354 775 esse
369 719 553 794 spectandam,
569 721 646 775 cuins
662 720 756 775 aetatis
778 719 894 792 puberes
912 718 994 789 fiunt3
1018 720 1065 775 sed
1089 720 1128 775 di·

163 820 257 860 nersae
270 804 380 861 scholae
393 811 519 860 auctores
536 805 613 860 annis
631 812 728 876 putant
742 803 912 876 pubertatem
927 805 1128 875 aestimandam,

105 872 188 975 ,53sid
203 897 256 960 est,
278 904 340 944 enm
357 888 487 962 puberem
504 905 564 944 esse
580 889 743 959 existimant,
767 892 818 961 qui
839 881 843 965 Ι
867 896 942 938 utrm
963 905 1056 945 annos
1078 904 1129 945 ese·

116 964 313 1045 ‘'plenit.²=r
326 1003 704 1013 ———————
722 1004 1128 1011 ——-—--——-

105 1042 203 1146 ἕξιν.
220 1050 335 1114 2-24.
758 1052 822 1114 let.
847 1050 882 1111 ³.
902 1100 908 1114 .
927 1099 960 1115 ..
985 1050 989 1136 i
1015 1068 1129 1114 aetatem
1264 1110 1265 1133 ,

148 1135 333 1215 peruenerit,
355 1146 384 1200 in
406 1160 459 1217 qua
481 1159 524 1197 res
547 1158 611 1197 suas
634 1142 705 1196 tueri
727 1142 831 1213 possit,
854 1143 933 1199 sicuti
956 1145 1030 1216 apud
1053 1150 1195 1216 pere-[¹4⁷]
1264 1140 1265 1173 4

162 1228 254 1301 grinas
275 1236 372 1300 gentes
393 1227 539 1296 custodiri,
562 1227 689 1300 superius
709 1226 895 1289 iudicauimus,
939 1223 1005 1284 les.
1029 1228 1064 1283 Ex
1086 1230 1130 1283 iis·
1264 1216 1265 1227 ¹

162 1312 224 1366 dem
239 1314 328 1366 causis
344 1320 371 1367 et
387 1314 413 1366 iu
429 1313 578 1385 prouinciis
594 1328 607 1365 a
624 1310 794 1383 praesidibus
810 1328 902 1367 earum
919 1320 1058 1367 curatores
1074 1311 1130 1368 dari

163 1389 295 1451 'uoirrit.⁴

238 1535 259 1604 ¹)
274 1537 416 1588 Librarius
434 1541 544 1588 alterurn
561 1537 689 1602 syllabam
703 1552 795 1588 errore
814 1538 854 1587 bis
867 1539 1005 1601 scripsisse
1020 1539 1131 1587 videtur.

165 1605 186 1673 ²)
200 1609 233 1658 In
243 1626 272 1673 p.
287 1621 321 1662 53.
352 1608 434 1658 Gaius
444 1611 557 1672 primurn
571 1610 603 1658 de
613 1608 751 1672 pubertate
763 1608 868 1659 Neratii
881 1609 971 1659 Prisci
980 1612 1132 1661 sententiam

164 1678 235 1745 (Uip.
250 1692 285 1737 11.
298 1678 336 1745 28)
351 1680 493 1740 addidisse,
507 1680 602 1729 deinde
616 1680 653 1729 ad
666 1694 711 1729 eas
721 1695 858 1743 personas,
873 1695 939 1745 quae
954 1682 1131 1731 incuratione

163 1757 224 1800 sunt
233 1750 279 1815 (cf.
290 1763 311 1812 1,
326 1762 373 1801 142.
384 1749 443 1816 les),
457 1753 595 1800 transiisse
610 1751 721 1809 uidetur,
736 1752 768 1800 de
783 1750 875 1815 quibus
891 1750 955 1801 baec
970 1750 1046 1801 babet
1059 1751 1130 1815 Epit.

165 1835 185 1883 1,
195 1833 231 1872 s:
246 1818 380 1871 ‘Peractis
389 1821 568 1885 pupillaribus
582 1824 667 1881 annis,
682 1820 776 1885 quibus
791 1830 890 1873 tutores
904 1821 1081 1883 absoluantur,
1096 1823 1133 1871 ad

165 1900 302 1943 curatores
320 1894 390 1942 ratio
408 1894 535 1943 minarum
557 1894 653 1956 incipit
671 1895 814 1955 pertinere.
859 1891 913 1942 Sub
932 1900 1054 1943 curatore
1072 1900 1133 1941 sant

164 1966 277 2014 minores
291 1971 383 2022 aetate,
398 1966 510 2015 maiores
523 1979 667 2023 euersores,
682 1966 779 2013 insani.
813 1964 860 2022 Hi,
879 1966 924 2029 qui
938 1966 1050 2015 minores
1063 1971 1132 2023 sunt,

165 2036 295 2099 usquead
307 2037 403 2100 uipinti
416 2042 441 2085 et
455 2037 566 2099 quinque
580 2050 663 2087 annas
672 2036 789 2097 impletos
799 2034 847 2085 sub
856 2042 979 2086 curatore
988 2043 1055 2085 sunl.
1083 2034 1133 2095 Qui

165 2122 228 2157 uero
243 2121 379 2156 euersores
391 2113 438 2155 aut
451 2107 540 2155 insani
553 2114 621 2164 sant,
635 2107 705 2156 omni
718 2112 831 2170 tempore
840 2107 910 2155 uitae
924 2121 987 2156 suae
996 2106 1044 2156 sub
1053 2122 1132 2157 cura·

165 2185 221 2228 tore
235 2193 290 2228 esse
304 2176 433 2235 iubentur,
448 2179 494 2241 qui
506 2176 676 2227 substantiam
690 2192 764 2226 suam
778 2176 971 2227 rationabiliter
983 2177 1133 2243 pubernare

165 2265 216 2299 non
226 2245 356 2312 possunt!
415 2245 436 2314 ³)
453 2248 535 2298 Gaius
544 2250 659 2311 primum
674 2255 702 2297 ut
715 2247 896 2311 Ulp.12,1—4.
911 2248 943 2297 de
957 2248 1132 2307 curatoribus,

165 2322 210 2385 qui
228 2336 262 2369 cn
281 2322 337 2384 ispe
353 2322 403 2364 XI!
419 2319 471 2369 tab.
485 2321 525 2368 uel
543 2319 575 2368 ab
594 2321 651 2382 ipso
667 2326 792 2383 praetore
810 2322 850 2368 uel
868 2334 903 2369 ecc
922 2321 977 2385 ispe
997 2320 1133 2371 Plaetoria

164 2393 271 2449 dantur,
285 2390 432 2453 disputasse
451 2397 476 2439 et
493 2390 587 2439 deinde
600 2404 648 2439 suo
662 2405 733 2439 more
751 2390 886 2439 addidisse
899 2390 1011 2449 uidetur,
1028 2392 1092 2455 quid
1105 2392 1133 2439 in

165 2462 213 2512 bac
234 2464 292 2510 iure
315 2462 434 2510 naturali
454 2462 558 2511 ratione
580 2463 746 2510 constitutum
768 2462 848 2524 (uelut
867 2461 986 2525 furiosos
1010 2469 1133 2511 curatore

165 2529 243 2597 repi),
263 2531 327 2595 quid
340 2532 409 2580 iuris
423 2532 560 2580 civilissit.
586 2531 684 2580 Cinium
696 2531 767 2582 Rom.
778 2534 918 2595 proprium
928 2546 991 2590 esse,
1006 2534 1076 2597 quod
1089 2536 1134 2582 lea

167 2603 304 2652 Plaetoria
317 2609 455 2652 curatores
468 2618 503 2651 ecc
521 2602 597 2651 iustis
611 2605 699 2652 causis
711 2602 855 2653 minoribus
869 2606 915 2649 ΧΧ
918 2607 937 2647 V
948 2620 1009 2653 ann.
1025 2619 1041 2653 a
1052 2619 1133 2668 prae·

166 2681 222 2723 lore
237 2672 337 2722 urbano
351 2673 414 2722 dari
428 2674 512 2732 iussit,
530 2689 588 2723 curn
606 2675 723 2737 alioquin
742 2675 861 2723 naturali
874 2676 974 2724 rationi
988 2676 1132 2733 conueniat,

167 2752 195 2793 ut
209 2746 232 2793 is
245 2750 344 2794 tantum
362 2745 474 2793 aliorum
492 2743 604 2793 arbitrio
622 2752 745 2810 reputar,
764 2747 809 2809 qui
825 2746 937 2795 nondum
951 2746 1052 2794 adeam
1066 2752 1133 2793 aeta·

166 2824 215 2864 tem
228 2811 379 2878 perueneril'
395 2822 443 2865 etc.
471 2815 511 2864 De
525 2815 692 2865 curatoribus
710 2816 808 2865 adultis
826 2822 975 2866 testamento
994 2816 1063 2864 datis
1077 2822 1102 2863 ct
1116 2831 1132 2864 a

162 2893 288 2950 praetore
303 2887 462 2949 confirmatis
478 2886 570 2936 Gaium
579 2889 671 2952 spisse,
686 2894 715 2936 ut
728 2888 782 2936 uult
794 2888 834 2937 sd.
844 2886 927 2945 Stud,
942 2884 1066 2936 credibile
1081 2901 1132 2936 non

166 2965 211 3007 est.
237 2957 275 3021 Cf.
286 2958 310 3019 5.
322 2969 368 3009 lss.
393 2956 428 3007 Et
441 2958 473 3007 de
483 2973 535 3008 non
545 2960 604 3007 iure
614 2958 684 3008 datis
692 2959 740 3008 sed
749 2960 908 3021 confirmatis
920 2956 1009 3015 Gaius,
1027 2958 1051 3006 si
1064 2960 1134 3007 uale-

166 3028 222 3089 bat,
237 3030 327 3094 potius
345 3030 373 3077 in
392 3028 521 3079 tutoribus
538 3044 617 3094 apere
636 3029 773 3080 debuisset.
838 3026 860 3095 ⁴)
880 3030 963 3079 noiant
985 3028 1013 3077 V
1013 3024 1046 3088 ¹²,
1065 3029 1135 3093 quod

167 3102 237 3150 nullo
260 3100 335 3150 modu
353 3100 456 3149 uidetur
471 3101 544 3163 ferri
562 3115 648 3164 posse.
686 3100 763 3149 solent
786 3100 894 3153 Lacbrn.
917 3102 964 3163 ci,
986 3107 1014 3150 ut
1031 3101 1134 3149 eaedem

166 3187 262 3221 causae
275 3178 393 3235 spectant
402 3171 439 3220 ad
447 3171 575 3235 furiosus,
585 3172 723 3237 prodipos,
738 3173 850 3221 minores
859 3174 1005 3230 Πίνακι,
1017 3172 1133 3235 fortasse

166 3250 244 3292 recte.
277 3242 308 3292 Ut
327 3257 374 3292 nos
392 3244 475 3291 locum
493 3244 676 3301 intelleximus,
695 3243 769 3291 voluit
778 3244 895 3307 pertinet
912 3243 949 3291 ad
962 3244 1042 3307 lepem
1057 3243 1132 3292 Plac-

166 3316 270 3371 loriam,
285 3328 360 3377 quam
369 3328 399 3362 eo
409 3320 521 3377 tempore
536 3315 614 3362 latam
623 3328 687 3371 esse,
702 3329 751 3377 quo
763 3315 813 3363 iam
819 3314 974 3377 prouinciae
989 3315 1016 3363 in
1031 3314 1134 3363 dicione

168 3383 284 3434 Romana
303 3389 391 3445 eram,
410 3384 487 3432 etiam
504 3385 573 3433 alias
592 3383 729 3448 probabile
752 3392 797 3434 est.
837 3384 891 3434 Nec
914 3385 1069 3450 resrapaiur
1091 3384 1134 3433 bic

167 3596 185 3643 d
203 3602 213 3643 t
236 3521 340 3659 <§.19)'l.
362 3524 401 3586 Cf.
416 3525 439 3584 ξ.
450 3536 497 3575 rsa.
552 3520 578 3592 ξ.
595 3527 654 3577 198.
672 3525 711 3589 Cf.
725 3524 756 3574 L.
767 3537 787 3577 a.
808 3527 830 3587 ς.
842 3536 863 3576 n.
883 3524 915 3573 D.
931 3524 963 3574 de
977 3532 1023 3574 tur.
1039 3533 1064 3575 et
1077 3540 1134 3576 cnr.

185 3611 219 3643 a.
247 3604 282 3656 26,
296 3604 308 3644 5
323 3631 329 3642 .
