2542 3909
169 221 211 279 84
571 229 596 264 1..
614 227 725 263 cruolvs.

168 365 313 429 ruptorum
334 352 481 410 luminibus
502 362 607 426 patent,
629 361 658 409 et
678 356 706 409 in
727 352 773 408 illa
793 352 846 409 coli
866 360 954 409 aetate
975 351 1132 423 uoluerunt,

170 456 238 513 quae
262 438 376 511 simplex
394 445 423 492 el
441 437 595 510 improuida
614 437 691 510 prius
714 435 814 492 irretiri
829 444 857 492 et
870 438 899 492 in
914 437 1025 510 laqueos
1039 444 1134 509 potest

171 523 278 595 cadere,
300 538 380 595 quam
402 536 508 577 oauue.
538 520 607 588 Quid
624 523 738 590 mirum,
757 522 780 577 si
796 520 828 576 ab
843 520 893 577 hac
907 528 990 594 gente
1005 522 1132 576 uniuersa

169 606 273 679 flagitia
287 614 447 677 manarunt,
468 605 538 678 apud
554 621 634 679 quam
649 607 707 679 ipse
722 606 786 659 uilia
801 604 930 678 religiosa
944 613 1025 675 sunl,
1048 620 1134 677 eaque

168 706 225 746 non
239 690 320 746 modo
335 706 392 747 non
407 691 544 760 nitantur,
566 706 661 745 uerum
676 691 757 745 eliam
771 689 917 745 coluntur?
946 688 979 744 El
992 688 1054 743 ideo
1070 688 1135 743 huic

168 774 320 830 sententiae
340 781 471 846 tanquam
486 773 601 829 Graecos
616 773 759 846 prudentis
774 775 911 845 uinceret,
932 773 1043 828 adiecit:
1065 769 1133 827 ‘nir-

167 865 243 913 tutes
260 860 331 914 enim
345 866 490 932 oportere,
511 873 567 913 non
582 858 647 913 uitia
662 856 837 913 consecrari'.
852 884 895 897 --
909 856 1030 913 lactant.
1046 856 1132 911 instit.

167 940 224 997 aru.
241 942 269 1013 1,
286 941 337 1014 so,
354 942 394 998 14
477 942 527 999 1o.

319 1076 360 1132 De
379 1068 458 1131 iure
478 1075 584 1132 ciuili
604 1076 636 1131 in
654 1083 760 1131 artem
776 1074 979 1149 redigendo.

232 1174 256 1233 1.
278 1177 346 1232 ‘Nec
360 1192 427 1232 uero
443 1177 556 1231 scientia
571 1177 638 1231 iuris
651 1174 796 1231 maioribus
807 1177 864 1233 suis
877 1175 907 1242 Q.
919 1175 1012 1231 Aelius
1024 1173 1148 1231 'luhero'

167 1260 273 1329 deluit3
289 1260 411 1315 doctrina
425 1262 506 1315 eiiam
523 1259 680 1332 superfuit?
696 1289 739 1299 -
753 1258 822 1315 Gell.
839 1260 868 1331 1,
885 1258 935 1315 22.
950 1260 978 1331 S.
996 1259 1013 1314 7
1018 1300 1024 1314 .

232 1340 258 1402 2
281 1341 392 1416 ‘Aliquo
414 1343 563 1399 excellente
583 1360 614 1399 ac
628 1343 720 1400 nobile
735 1344 817 1402 uiro?
835 1373 874 1383 —
891 1343 994 1399 Charis
1009 1344 1073 1401 inst.
1089 1360 1134 1417 gr.

174 1429 193 1484 l.
208 1445 235 1501 p.
251 1428 323 1484 111.
339 1427 382 1483 ed.
398 1426 511 1483 Porsen.
527 1446 555 1500 p.
572 1426 642 1484 138.
658 1427 700 1483 ed.
714 1427 780 1483 lleil.

523 1554 579 1621 *L
602 1554 777 1621 CINOIVS
1139 1568 1182 1617 uu

473 1660 608 1726 (Ciceronis
626 1663 677 1710 lere
696 1658 836 1728 aequalis).¹

563 1760 606 1816 lle
627 1761 741 1817 fastis.

232 1868 258 1927 1.
275 1870 382 1926 Cincius
397 1870 426 1925 in
440 1885 474 1925 eo
490 1869 570 1942 libro,
587 1886 667 1943 quem
678 1871 712 1926 de
722 1870 799 1927 lastis
810 1870 933 1944 reliquit,
948 1871 995 1940 ait,
1009 1872 1136 1943 imperite
1174 1846 1183 1863 ⁹

170 1956 302 2029 quosdam
318 1955 440 2027 opinari,
464 1954 580 2027 Aprilem
599 1970 719 2011 mensem
735 1957 862 2027 antiquos
877 1972 892 2009 a
908 1954 1010 2009 Venere
1025 1954 1135 2024 dixisse,

169 2056 230 2095 cum
252 2039 343 2094 nullus
365 2038 421 2094 dies
443 2037 531 2093 festus
551 2038 711 2111 nullumque
730 2037 889 2095 sacrificium
910 2040 1017 2111 insigne
1038 2037 1136 2093 Veneri

169 2140 219 2197 per
234 2124 307 2179 hune
326 2139 447 2178 mensem
462 2136 477 2178 a
492 2122 639 2178 maioribus
653 2124 794 2179 institutus
809 2124 862 2192 sit,
884 2122 931 2178 sed
945 2138 982 2178 ne
996 2123 1024 2177 in
1039 2124 1135 2177 carmi-

169 2207 248 2264 nibus
270 2207 378 2280 quidem
400 2206 532 2262 Saliorum
548 2207 660 2263 Veneris
681 2206 736 2262 ulla
757 2215 787 2261 ut
807 2214 960 2262 ceterorum
977 2206 1137 2263 coelestium

168 2292 228 2348 laus
243 2291 405 2348 celebretur.
421 2321 464 2332 -
478 2290 593 2349 llaorob.
608 2291 665 2347 Sat.
684 2291 711 2360 1,
730 2290 777 2346 12.
795 2291 823 2362 S.
842 2290 891 2349 12.
955 2314 956 2317 ¹

232 2388 261 2450 2.
278 2388 401 2467 Κίγκιος
412 2384 446 2447 δὲ
458 2383 474 2445 ὁ
486 2388 627 2460 Ῥωμαῖος
680 2390 795 2448 Cincius
814 2399 909 2448 aulem
927 2392 1057 2463 sophista
1077 2391 1136 2447 Ro·
1153 2422 1158 2431 ·

170 2471 314 2548 σοφιστής
335 2486 409 2547 φησι
416 2516 425 2549 ,
447 2468 503 2547 τὴν
519 2467 625 2548 Ἀφρο-
678 2492 780 2531 manus
810 2476 949 2532 Venerem
972 2491 1011 2532 ea:
1033 2490 1136 2545 spuma

169 2555 256 2631 δίνην
290 2552 320 2626 ἐξ
352 2550 454 2632 ἀφροῦ
482 2558 627 2631 τεχθῆναι
679 2560 881 2630 autemdicit,
905 2562 982 2615 velut
1004 2574 1044 2615 ece
1066 2563 1137 2615 aere

169 2636 259 2714 οἱονεί
281 2634 314 2696 ἐκ
333 2646 385 2697 τοῦ
400 2632 562 2714 χιονώδους
576 2634 627 2697 ἆέ-
678 2646 776 2699 nivoso
787 2643 933 2717 etfriyida
948 2646 1074 2700 essentia
1086 2659 1138 2701 ver

170 2745 221 2801 ρος
243 2720 294 2782 καὶ
314 2730 369 2799 τῆς
385 2729 508 2798 ψυχροῖς
524 2717 628 2793 οὐσίας
677 2734 874 2799 procreatum.

170 2805 203 2866 τὸ
224 2804 275 2883 ἔαρ
295 2801 511 2882 ἆποτεχθῆναι.
532 2840 574 2851 -
589 2810 625 2867 lo.

170 2895 250 2950 laur.
267 2893 334 2967 Lyd.
351 2893 484 2949 demens.
501 2894 532 2967 4,
547 2893 598 2952 44.

234 2991 262 3051 3.
293 2993 399 3050 Cincius
420 2993 530 3063 (linium
549 2994 598 3069 sc.)
620 3012 738 3051 mensem
753 2998 919 3053 nominatum
934 3003 1014 3070 putat
1028 3012 1043 3051 a
1058 2996 1136 3069 Maia,

171 3087 251 3152 quam
262 3077 372 3133 Vulcani
391 3078 456 3135 dicit
472 3095 591 3151 uxorem,
611 3088 827 3153 argumentoque
839 3082 935 3153 ulitur,
953 3079 1026 3153 quod
1038 3079 1137 3135 llamen

171 3162 321 3220 vulcanalis
336 3161 463 3219 Kalendis
479 3163 552 3219 llaiis
573 3164 636 3221 huic
652 3166 717 3221 deae
733 3181 789 3221 rein
805 3164 921 3221 diuinam
938 3165 1009 3220 lacit.
1028 3193 1065 3203 —
1082 3163 1136 3219 lla-

173 3247 248 3304 croh.
266 3247 320 3302 Sal.
339 3246 478 3321 1‚12.§.
496 3248 547 3308 18.

123 3402 126 3407 ’
223 3407 244 3475 1)
255 3408 340 3460 Probe
347 3412 545 3479 distinguendus
555 3429 572 3462 a
582 3414 613 3461 L.
623 3414 712 3463 Cincio
718 3413 846 3464 Alimenta
856 3414 989 3462 annalium
998 3414 1139 3475 scriptore,

171 3483 216 3544 qui
231 3488 342 3544 praetor
358 3484 412 3545 suit
431 3500 456 3535 α.
472 3502 496 3534 a.
512 3495 559 3537 544.
578 3484 616 3548 Os.
632 3484 712 3534 Mart.
728 3484 817 3533 Hertz.
832 3485 864 3533 de
878 3484 911 3533 J..
928 3483 1034 3555 Circeiis.
1049 3482 1138 3533 Berol.

172 3562 232 3601 1842.
248 3567 319 3615 quem
330 3555 388 3616 fere
401 3570 503 3621 sequor.
