2542 3909
435 873 688 926 (remunerarem
697 873 869 925 Merme.)
1140 883 1202 933 [148]

123 1007 166 1057 55.
239 1005 262 1066 l.
291 1005 449 1079 Superiore
471 1009 675 1064 commentario
697 1007 732 1064 de
750 1008 815 1064 iure
831 1021 1027 1077 personarum
1049 1024 1131 1083 expo·

124 1085 166 1126 Μ·
177 1093 294 1154 suimus;
318 1091 399 1148 modo
416 1090 551 1148 uideamus
575 1089 717 1146 derebus:
740 1106 813 1163 quoe
828 1089 873 1145 uei
888 1090 915 1145 in
928 1098 1031 1159 nostrox
1047 1095 1131 1166 patri-

177 1178 268 1232 monio
284 1183 359 1245 sunt,
375 1174 418 1230 uel
434 1183 509 1230 extra
524 1182 648 1230 rrostrum
663 1174 853 1246 patrimonium
868 1173 1010 1231 habentur.

242 1257 272 1316 2.
296 1259 403 1316 Summa
425 1260 516 1331 itaque
531 1273 622 1314 rerum
644 1256 741 1313 diuisio
763 1259 791 1312 in
813 1256 882 1314 duos
904 1259 1033 1316 articulos
1054 1260 1131 1318 didu-

176 1343 262 1400 citur:
286 1357 347 1400 nam
370 1342 438 1398 aliae
459 1348 523 1398 sunt
545 1341 629 1397 diuini
650 1342 729 1410 iuris,
750 1340 817 1397 aliae
836 1341 955 1400 humani.
991 1339 1022 1400 8.
1044 1343 1131 1401 Diuini

177 1428 243 1482 iuris
266 1434 331 1481 sunt
353 1425 439 1482 ueluti
461 1441 505 1481 res
527 1441 618 1482 sacrae
640 1432 669 1480 et
690 1425 846 1499 religiosae.
881 1423 920 1482 4:
934 1425 1036 1484 Sacrae
1056 1441 1131 1497 sunt,

178 1526 251 1584 quoe
281 1511 333 1565 Diis
362 1511 469 1582 superis
500 1514 671 1565 consecratae
700 1518 779 1575 sunt;
802 1510 959 1584 religiosae,
982 1528 1050 1585 quae
1077 1513 1131 1568 uiis

176 1593 298 1650 Manibus
319 1593 428 1650 relictae
449 1600 523 1649 sunt.
571 1588 600 1649 6.
628 1591 681 1648 Sed
703 1609 808 1649 sacrum
831 1594 939 1667 quidem
968 1595 1020 1652 hoe
1041 1596 1129 1652 solum

176 1679 357 1746 existimatur,
380 1676 453 1750 quoti
475 1692 515 1734 ex
529 1677 689 1734 auctoritate
703 1678 797 1751 popuii
814 1678 926 1734 Romani
941 1689 1130 1737 consecratum

175 1770 228 1832 est,
241 1760 325 1818 ueluti
337 1761 398 1834 lege
409 1760 442 1817 de
454 1777 484 1817 ca
495 1776 524 1816 re
536 1761 588 1816 iata
601 1770 648 1817 aut
657 1769 767 1818 senatus
779 1762 905 1819 consulto
917 1763 996 1822 iacto.
1028 1758 1058 1820 6.
1079 1763 1130 1821 lle·

174 1845 303 1920 ligiosum
318 1859 385 1901 uero
400 1853 494 1901 nostra
509 1844 650 1902 uoluntate
665 1845 777 1903 iacimus
792 1855 928 1902 mortuum
941 1845 1087 1904 inferentes
1102 1850 1130 1903 in

175 1928 265 1986 locum
281 1936 422 2002 nostrum,
439 1931 462 1985 si
483 1929 563 1986 modo
584 1931 642 1985 eius
658 1932 758 1986 mortui
774 1930 854 1986 funus
870 1932 906 1987 ad
918 1947 968 1986 nos
989 1934 1131 2005 pertineat.

174 2008 201 2070 7.
225 2013 272 2069 Set
288 2015 315 2068 in
330 2012 488 2087 prouinciali
509 2012 570 2070 solo
591 2013 679 2088 piacet
700 2013 838 2088 plerisque
863 2015 951 2071 solum
972 2015 1130 2090 religiosum

174 2114 230 2154 non
245 2095 312 2162 fieri,
335 2099 397 2171 quia
418 2099 445 2154 iu
461 2114 494 2153 eo
509 2097 578 2154 ‘solo
601 2098 749 2154 dominium
771 2097 866 2171 pupuli
888 2098 1000 2154 Romani
1022 2106 1064 2156 est
1086 2100 1129 2155 uei

174 2180 312 2251 Caesaris,
332 2198 383 2238 nos
404 2192 492 2239 autern
513 2183 716 2255 possessiouem
738 2190 842 2238 tautum
864 2182 907 2237 uel
932 2184 1129 2240 usumfructum

175 2266 273 2323 habere
289 2265 426 2339 uidemur3
444 2267 537 2339 utique
553 2275 653 2336 tamen,
669 2267 773 2322 etiamsi
788 2281 843 2321 nou
858 2267 894 2321 sit
908 2266 1063 2341 religiosus,
1079 2284 1128 2341 pro

174 2351 304 2424 reiipioso
319 2351 447 2407 habetur:
467 2352 534 2412 item
555 2351 629 2422 quod
645 2351 672 2405 in
687 2351 837 2422 prouinciis
852 2366 905 2405 uon
921 2366 954 2406 cx
968 2355 1129 2408 auctoritate

173 2434 267 2508 populi
282 2434 394 2490 Romani
409 2441 597 2489 consecratum
618 2440 674 2502 est,
695 2435 804 2507 proprie
819 2450 924 2490 sacrum
938 2451 994 2491 non
1010 2436 1076 2505 ’est,
1099 2445 1129 2492 ot
1140 2443 1198 2491 [149]

173 2511 281 2574 tameu¹
307 2534 357 2592 pro
383 2533 460 2574 sacro
487 2516 608 2575 habetur.
651 2516 680 2576 8.
704 2517 817 2573 Sanctae
842 2534 951 2591 quoque
970 2535 1029 2592 res,
1053 2519 1129 2576 uelut

246 2683 266 2752 1)
281 2693 351 2734 esttrn
365 2683 465 2735 Btorm.
491 2684 576 2735 Malui
589 2701 658 2735 nuno
672 2693 794 2744 statuere,
809 2687 836 2735 in
850 2686 1017 2744 iis‘titteram
1031 2703 1042 2736 s
1052 2702 1127 2750 proa

172 2760 296 2820 scriptam
309 2759 349 2806 vel
363 2758 453 2805 lectam
467 2771 530 2805 esse.
561 2756 676 2806 Ceterum
691 2758 714 2805 in
729 2758 860 2820 prouinciis
875 2760 930 2808 noli
943 2774 999 2808 oum
1014 2757 1127 2806 Momms.

171 2837 197 2877 et
217 2828 257 2877 ed.
275 2825 348 2875 Stud.
364 2841 417 2889 pro
434 2828 586 2892 glossemate
605 2827 700 2877 habere
719 2843 858 2891 moveorque
876 2829 919 2878 tie
937 2831 960 2890 ἓ.
976 2831 1009 2878 τ’.
1020 2842 1127 2890 ponere.

173 2898 211 2961 Cf.
226 2899 249 2959 ξ.
264 2908 284 2949 6.
300 2896 322 2946 Ι.
337 2898 369 2946 dc
383 2912 436 2947 rer.
452 2898 503 2947 dio.
519 2897 551 2963 (2,
566 2896 589 2963 1)
604 2897 689 2962 ibique
703 2898 844 2949 Schrader.

241 3052 267 3126 ξ.
284 3056 496 3120 1.-·pr.I.de
510 3072 563 3106 rer.
579 3054 739 3122 dioir.(2,1).
791 3053 816 3125 §
832 3060 857 3108 2.
873 3056 992 3108 3.=L.
1004 3070 1023 3108 ι.
1034 3073 1079 3122 pr.
1095 3056 1127 3107 D.

170 3128 202 3178 de
216 3144 269 3178 rer.
284 3130 359 3177 diois.
375 3126 406 3193 (1,
418 3126 449 3192 8).
500 3123 525 3196 ᾗ
541 3132 565 3178 4.
587 3128 625 3190 Cf.
641 3129 663 3189 ξ.
680 3127 784 3178 7.de
798 3143 851 3178 rer.
866 3128 917 3178 dio.
932 3127 965 3194 (2,
979 3127 1010 3193 1).
1061 3123 1127 3196 §ab

172 3199 210 3262 Os.
225 3201 247 3260 ξ.
263 3211 283 3250 8.
303 3198 373 3248 Lib.
394 3198 453 3250 Lu
463 3214 507 3262 pr.
526 3201 565 3261 ξς.
581 3212 600 3249 1.
615 3210 636 3248 a.
655 3198 688 3246 D.
702 3198 758 3247 eod.
778 3196 861 3263 (1‚8).
885 3198 917 3249 L.
937 3202 981 3248 ott.
1001 3200 1034 3248 D.
1055 3207 1083 3248 ut
1101 3201 1128 3248 in

166 3284 237 3332 poss.
252 3271 300 3334 lep.
316 3268 360 3334 (eo,
375 3268 407 3334 4).
429 3269 480 3319 Cic.
496 3268 527 3318 de
541 3271 647 3332 iarurp.
662 3283 730 3331 resp.
747 3281 767 3319 6.
782 3270 819 3318 od
832 3269 912 3319 Arrio.
926 3281 948 3329 4,
958 3281 979 3320 u.
990 3272 1013 3332 ξ.
1023 3281 1044 3321 6.
1061 3270 1127 3320 Fece.

169 3356 191 3389 v.
214 3339 341 3390 Socratae
363 3342 438 3406 tepeo.
458 3338 541 3390 Socer
559 3355 630 3390 mona
647 3355 675 3402 p.
694 3350 742 3390 616.
815 3335 841 3406 §-
863 3342 887 3390 6.
916 3339 953 3404 Cf.
976 3343 999 3402 ὅ.
1015 3353 1035 3392 9.
1055 3340 1077 3390 J.
1097 3342 1128 3390 de

169 3425 222 3460 rer.
238 3411 289 3460 dio.
305 3408 377 3475 (6.1),
432 3406 458 3479 ξ
475 3413 498 3460 i.
520 3411 557 3474 Cf.
569 3425 589 3470 1,
600 3423 620 3461 6.
636 3422 656 3468 2,
667 3420 700 3459 21.
710 3420 746 3460 46.
767 3408 884 3459 Frontio.
899 3409 931 3459 de
945 3419 1059 3461 controv.
1070 3427 1127 3477 apr.

165 3497 193 3544 p.
210 3493 243 3532 uo.
260 3492 293 3532 oo.
308 3480 414 3530 Lacum.
440 3483 508 3530 Ptin.
524 3497 562 3544 ep.
578 3492 617 3535 ro.
637 3491 663 3531 or
684 3477 739 3543 (oo).
763 3478 893 3542 iieoptz‘t.
909 3492 930 3541 r,
946 3495 965 3532 1.
985 3484 1008 3544 ξ.
1022 3494 1057 3533 co.

170 3546 195 3619 ξ.
211 3554 235 3602 8.
252 3550 331 3599 =L.
348 3564 413 3616 lpr.
430 3551 462 3601 Ι).
477 3553 508 3600 de
523 3567 575 3602 rer.
591 3551 642 3599 dio.
658 3548 689 3614 (1,
704 3547 735 3614 6).
751 3550 774 3610 5.
790 3548 932 3600 10.I.eod.
948 3549 979 3616 (e,
995 3551 1025 3620 1).
