2542 3909
432 237 492 274 sen
510 237 607 278 rrsrrr.
625 219 660 273 ΙΙ.
678 224 832 277 2694707
1055 222 1118 287 281

148 380 356 454 relinquuntur,
378 378 410 434 eb
425 380 478 452 his,
501 395 575 453 quac
590 379 694 436 directo
709 381 769 436 iure
790 380 927 454 legentur.
964 377 1035 441 269.
1051 382 1118 438 Nam

148 481 211 522 ecce
228 481 277 538 per
292 463 529 520 fideicommissum
545 461 640 521 'etiam
655 467 729 532 snite
748 465 856 521 heredis
878 460 1119 540 (institutionem)¹

147 549 266 624 relinqui
285 556 392 622 potest:
415 565 474 605 cunr
498 549 617 622 alioquin
640 549 761 624 legatum
775 549 950 607 ’testamenti
967 553 1056 618 iniitio
1073 555 1118 609 da·

148 627 221 692 tum²
250 633 346 690 inutile
377 633 423 689 sit.
444 630 503 704 ††
518 626 562 703 †³
602 630 672 692 270.
695 633 763 690 ltem
795 635 942 692 intestatus
969 638 1118 694 moriturus

79 727 132 781 [sos]
148 726 242 794 potest
258 718 290 774 ab
306 734 352 789 eo,
378 718 410 773 ed
432 735 514 791 quem
536 718 606 776 bons
628 720 688 774 eius
703 721 858 793 pertinent,
877 718 1119 778 fideicommissum

149 803 229 860 elicui
243 803 413 877 relinquere3
430 818 491 859 cum
507 802 627 877 alioquin
643 802 675 858 eh
687 820 721 859 eo
737 804 822 878 legari
838 821 893 859 non
909 807 1008 878 possit.
1033 801 1117 863 270⁸.

148 889 222 946 Item
240 891 367 962 iepatum
386 889 527 944 codicillis
541 887 666 944 relictum
688 904 742 944 non
764 887 843 944 aliter
865 888 946 953 ualet,
970 893 1087 962 quamsi
1103 908 1117 946 a

149 982 283 1030 testatore
299 969 450 1029 confirmati
471 972 583 1046 luerint,
606 972 701 1043 idest,
722 973 774 1028 nisi
789 974 816 1028 in
832 980 994 1029 testamento
1011 979 1118 1031 cruerit

149 1064 217 1115 ante
233 1064 285 1115 aut
294 1050 384 1131 posi⁴
399 1064 525 1130 testator,
544 1064 575 1112 ut
590 1056 720 1130 quidquid
736 1057 764 1111 in
779 1056 909 1113 codicillis
925 1059 1075 1134 scripserit,
1091 1059 1118 1114 id

148 1151 236 1198 ratum
258 1144 308 1211 sit;
329 1140 566 1198 fideicommissum
588 1158 656 1198 uero
678 1142 757 1197 etism
779 1157 835 1197 non
857 1140 1022 1198 confirmetis
1044 1142 1117 1199 codi-

224 1309 243 1376 1)
258 1311 360 1377 Scripsi
363 1330 374 1369 ,·
387 1313 455 1362 banc
469 1314 537 1362 enim
551 1311 727 1376 differentiam
741 1328 757 1361 a
770 1311 837 1362 Gaio
851 1314 934 1362 omitti
942 1327 993 1363 mon
1000 1315 1117 1377 potuisse

148 1399 254 1449 eamque
264 1386 376 1447 primam
387 1385 484 1448 faisse,
500 1399 575 1448 paam
589 1384 711 1448 referret,
726 1399 761 1433 eac
770 1385 794 1445 ξ.
804 1395 851 1434 sss.
866 1385 996 1448 officiium
1011 1384 1046 1447 cs.
1060 1385 1116 1450 Uip.

148 1465 184 1517 25,
198 1467 218 1507 8.
241 1451 447 1506 ‘institutionem'
464 1471 525 1506 vero
540 1454 570 1505 ob
584 1455 723 1520 archetypi
731 1457 823 1520 siplom
833 1470 889 1518 1119,
904 1464 1019 1520 quaeest
1033 1452 1117 1507 ‘bere-

149 1527 192 1576 dis
205 1524 342 1577 institutio’
359 1525 476 1593 (Paiscb.
495 1526 605 1576 Gramm.
621 1533 668 1576 net.
679 1541 707 1590 p.
722 1525 797 1591 1674),
811 1534 912 1578 tantam
923 1542 974 1592 pro
989 1523 1116 1578 ‘heredis’

148 1604 280 1661 acceptam
299 1599 430 1648 excidisse
445 1605 518 1662 pato.
557 1600 632 1647 etiam
652 1605 711 1646 nutu
733 1596 880 1664 beredi(ta)s
899 1599 938 1648 ed.
958 1598 1006 1664 Bp.
1024 1607 1117 1650 contra

148 1670 218 1734 qaod
231 1670 282 1720 niel.
299 1665 405 1718 ‘Gaias'
418 1685 445 1733 p.
462 1681 496 1722 51.
513 1671 586 1720 etism
601 1685 653 1720 non
668 1670 784 1718 instituto
800 1669 891 1718 herede
905 1670 945 1719 ed.
960 1669 1007 1736 Bp.
1023 1681 1044 1722 5.

150 1737 218 1804 ⁷)In
232 1741 274 1790 bis
290 1739 454 1789 Biabmianis
473 1733 570 1808 t'iniltio
586 1741 679 1802 datum,
698 1741 824 1803 senipetam
839 1741 924 1804 fuisse
938 1742 1039 1805 patavi.
1068 1739 1116 1807 Bp.

148 1812 187 1861 ed.
205 1810 291 1877 (eiiam
305 1809 342 1875 o):
356 1812 403 1860 nisi
420 1807 423 1879 Ι
441 1817 583 1860 testamento
598 1813 669 1860 lecto.
709 1811 763 1861 Nec
781 1813 832 1871 ait,
851 1827 901 1876 pao
920 1812 989 1864 bane
1003 1814 1117 1876 primam

148 1883 323 1948 differentiam
341 1889 460 1946 spectare
479 1885 540 1932 oelit
554 1881 639 1948 (infra
653 1883 720 1932 enim
739 1882 772 1932 ab
786 1897 816 1932 eo
835 1885 911 1932 citati
929 1884 981 1934 loci
998 1885 1035 1932 ad
1052 1892 1116 1933 nuta

148 1955 267 2004 relictam
282 1954 401 2017 fdossam
415 1953 574 2019 pertinent),
589 1961 688 2013 atram,
705 1961 867 2018 repnpnante
881 1953 1017 2004 verboram
1029 1970 1115 2012 sensa,

148 2025 184 2074 ad
194 2026 322 2088 fdcmissa
336 2032 395 2075 ante
409 2025 434 2074 b.
449 2027 635 2075 institutionem
650 2040 685 2074 an
701 2024 733 2073 ab
753 2027 874 2074 intestato
894 2025 956 2073 data
975 2023 1015 2090 (ut
1036 2025 1117 2075 Gaius

148 2096 215 2146 idem
228 2097 272 2146 bic
286 2103 311 2146 et
324 2097 348 2158 §-
364 2107 410 2148 770.
431 2095 532 2146 dixisse
552 2093 682 2162 sopater).
757 2091 778 2160 ³)
798 2095 853 2144 Aut
871 2095 999 2144 librarius
1013 2097 1116 2146 insolite

149 2165 253 2233 (qnippe
267 2169 353 2217 statim
367 2168 443 2217 initio
463 2182 543 2218 novae
558 2164 694 2232 materiae)
713 2167 840 2230 reliquam
854 2181 945 2215 versas
956 2173 1058 2228 partem
1072 2183 1116 2216 oa-

148 2253 223 2289 caam
241 2240 391 2303 relinquens
409 2240 464 2302 ipse
483 2241 603 2288 laeenam
621 2236 734 2297 codicis,
754 2237 821 2286 unde
842 2234 1017 2296 describebat,
1035 2239 1116 2303 779πί-

145 2310 235 2373 ficaoit
249 2315 296 2359 aat
307 2312 395 2359 statim
408 2310 445 2359 ad
462 2311 601 2360 secundam
620 2304 683 2358 Item
697 2310 782 2359 oculis
799 2308 922 2372 delapsas
933 2309 1046 2371 primam
1060 2325 1117 2359 cum

147 2380 190 2430 bis
204 2396 269 2445 qaae
283 2380 455 2446 sequebantur
474 2382 565 2431 omisit.
606 2381 680 2430 Certe
697 2379 741 2430 bic
755 2382 864 2429 alteram
880 2379 1056 2442 differentiam
1070 2396 1116 2429 erc-

149 2452 253 2511 cidisse,
264 2468 338 2516 qnam
349 2451 419 2516 Epit.
430 2465 451 2514 7,
462 2465 482 2505 7.
494 2453 517 2515 5.
528 2463 549 2503 8.
564 2453 612 2503 boc
624 2454 680 2516 ipso
690 2454 747 2502 ioco
757 2451 841 2515 refert
850 2451 892 2500 bis
901 2449 1001 2524 perbis:
1016 2447 1116 2500 ‘bidei-

148 2525 306 2574 commissum
316 2522 352 2572 ad
360 2539 425 2581 enm,
440 2526 484 2573 cai
493 2524 596 2588 aliquid
605 2524 737 2573 dimissam
747 2530 785 2572 est
794 2522 889 2572 berede
899 2529 1007 2581 mortuo,
1019 2524 1117 2586 poterit

144 2597 297 2658 pervenire,
320 2597 424 2644 sitatis
444 2595 529 2658 suerit
548 2596 669 2645 condicio
687 2595 845 2644 testamenti:
867 2609 927 2643 mam
949 2597 1060 2659 lepatam
1079 2596 1117 2644 ita

148 2667 263 2731 relinqui
281 2682 332 2717 non
343 2663 450 2730 potest’,
474 2672 583 2730 praeter
601 2666 670 2715 banc
685 2665 820 2730 Epitomae
835 2667 917 2715 locum
935 2666 1013 2715 etiam
1031 2677 1053 2722 7,
1067 2677 1115 2728 737,

148 2736 193 2786 abi
206 2736 270 2788 baec
285 2739 439 2801 proprietas
458 2740 599 2803 legatorum
614 2744 639 2786 et
658 2737 716 2799 ipsa
730 2738 848 2801 sequitur
862 2752 926 2795 eam,
943 2753 1019 2802 qaam
1035 2736 1117 2787 Gaius

147 2810 171 2873 ξ.
187 2820 235 2861 sos.
254 2823 349 2858 rarsns
367 2809 585 2867 commemoravit,
604 2815 629 2857 et
648 2807 722 2870 infra
740 2806 818 2856 verba
838 2809 860 2870 §-
880 2819 928 2860 777.
949 2807 1041 2872 etquis
1060 2815 1116 2871 post

147 2886 249 2928 mortem
264 2894 358 2944 quoque
372 2879 469 2929 heredis
484 2879 697 2928 fideicommissum
714 2879 766 2927 dari
780 2885 860 2942 potest
874 2880 1027 2936 ostendant;
1046 2895 1115 2929 more

147 2953 214 3000 enim
228 2965 275 3001 suo
292 2949 373 3001 Gaias
386 2951 454 3001 banc
469 2964 575 3001 causam
593 2951 692 3014 afferre
711 2965 762 3000 mon
777 2957 896 3012 poterat,
916 2951 969 2999 nisi
987 2952 1038 2999 iam
1062 2967 1116 3000 rem

146 3023 286 3071 retulisset.
351 3019 372 3088 ⁴)
390 3021 450 3072 Cam
464 3024 567 3072 litterae
582 3022 613 3070 rit
627 3035 678 3071 non
692 3021 827 3085 sufficiant
840 3022 877 3070 ad
889 3020 1045 3085 explendum
1058 3037 1115 3070 oer-

146 3108 210 3151 sum,
225 3093 269 3142 ubi
284 3089 389 3156 ‘septem
399 3095 439 3143 vel
448 3090 551 3157 plures’
569 3095 672 3142 litterae
687 3094 739 3157 lepi
748 3107 799 3141 non
805 3098 956 3156 potuerant,
970 3092 1117 3140 addendum

147 3172 206 3213 erat
224 3172 278 3213 ante
297 3163 360 3232 siut)
379 3163 455 3230 p(ost)
475 3165 509 3229 cs.
530 3165 554 3227 ἓ.
574 3165 634 3218 185⁸.
675 3161 774 3213 Omittit
792 3163 842 3213 Kr.
862 3163 902 3211 ed.
916 3174 942 3230 7,
962 3164 1014 3212 nisi
1031 3162 1117 3225 fuerit

144 3235 261 3298 sortasse
276 3235 312 3284 ibi
326 3235 442 3285 additum
457 3237 516 3300 ipse.

219 3391 246 3465 δ.
261 3397 322 3447 769.
343 3394 381 3459 Cf.
397 3407 418 3458 7,
433 3407 479 3447 ses.
504 3393 559 3457 Uip.
575 3406 609 3456 ss,
623 3407 644 3445 s.
718 3389 743 3463 ξ.
759 3395 819 3445 770.
841 3391 879 3453 Of.
897 3392 967 3458 Epic.
984 3395 1001 3443 t.
1016 3409 1038 3442 a.
1058 3393 1114 3457 Uip.

147 3477 186 3528 tto,
201 3478 222 3516 t.
241 3468 264 3530 ξ.
281 3479 315 3518 10.
335 3466 357 3515 I.
376 3467 408 3516 de
424 3467 508 3530 sdcss.
527 3465 615 3516 bened.
631 3464 668 3531 (2,
682 3465 727 3528 77).
782 3460 807 3533 5.
824 3464 898 3517 270⁸.
920 3464 958 3528 Cf.
973 3464 1044 3528 Epit.
1059 3467 1076 3517 l.
1091 3480 1114 3515 c.

151 3535 208 3601 Uip.
223 3547 258 3600 eo,
272 3549 293 3590 s.
313 3537 389 3588 Pani.
403 3549 426 3599 r,
442 3550 461 3588 1.
481 3539 503 3600 ξ.
519 3549 553 3589 ro.
569 3539 592 3600 5.
608 3549 628 3588 1.
649 3536 671 3585 I.
686 3537 717 3585 de
732 3537 815 3586 codic.
836 3535 867 3603 (s,
882 3534 927 3601 ss).
958 3535 983 3586 O.
998 3537 1031 3585 de
1040 3535 1115 3600 finib.

147 3621 173 3671 7,
193 3619 226 3659 tr.
