2542 3909
158 224 210 273 XII
534 218 739 269 PRAEFATIO.

158 394 244 438 nunc
272 372 431 455 plerisque
458 370 578 453 placet,
602 370 657 434 sed
680 369 922 452 accuratiorem,
954 391 1016 453 qua
1038 371 1113 435 olim

158 458 204 521 uti
233 456 427 537 solebamus,
455 475 492 518 ea
520 454 704 537 quoquein
732 474 766 517 re
787 454 927 517 tironum
950 454 1114 519 desideriis

159 544 191 605 et
213 540 387 605 commodis
408 538 593 603 inserviens.
636 536 744 601 Etiam
765 536 1026 621 orthographiam
1048 560 1113 603 non

159 645 244 705 eam,
282 645 362 707 quae
397 623 432 687 in
469 622 629 686 codicibus
661 621 887 704 manuscriptis
919 622 1114 687 diversorum

159 709 349 790 scriptorum
372 706 458 770 varie
481 706 677 787 observatur,
701 704 756 770 sed
770 706 837 769 fere
852 706 1016 789 aequalem
1032 726 1113 771 eam-

159 812 228 875 que,
251 812 314 875 qua
335 812 421 855 nunc
442 790 627 873 plerumque
649 790 778 871 utimur,
802 789 941 853 adhibui.

222 874 395 938 Adnotatio
428 874 546 957 partim
579 873 618 937 ad
649 874 869 957 integritatem
896 878 1112 939 monumento«

158 980 229 1022 rum
252 962 384 1041 spectat,
406 958 523 1042 partim
539 956 578 1021 ad
601 957 907 1040 interpretationem.
952 959 1005 1022 Ad
1027 958 1114 1023 illam

159 1043 243 1126 quod
266 1043 392 1125 attinet,
415 1042 597 1105 universum
613 1042 757 1106 criticum
773 1046 963 1189 apparatum
978 1044 1013 1106 in
1027 1043 1114 1107 notis

158 1126 329 1207 adstruere,
351 1147 370 1189 a
393 1125 525 1190 consilio
539 1125 640 1189 totius
654 1125 758 1208 operis
773 1148 792 1189 a
806 1126 912 1190 ienum
928 1131 1006 1191 erat.
1043 1125 1115 1191 Hoc

157 1214 284 1275 tantum
299 1208 468 1292 referebat,
483 1210 518 1273 in
532 1209 651 1273 tradito
666 1212 756 1273 textu
771 1212 798 1273 si
813 1211 889 1293 quid
904 1213 1113 1293 mutaveram,

158 1292 196 1357 de
229 1314 266 1358 eo
298 1294 449 1357 lectorem
481 1292 643 1357 admoneri
679 1294 929 1378 necessariisque
963 1293 1113 1359 subsidiis

157 1377 288 1459 instrui,
320 1380 356 1441 ut
387 1378 455 1459 ipse
490 1376 630 1441 iudicare
662 1381 779 1460 posset.
823 1377 937 1461 Itaque
970 1378 1113 1463 singulas

157 1465 265 1546 partes
287 1460 327 1525 ad
349 1461 501 1544 optimam
523 1460 574 1525 vel
601 1459 855 1545 vulgatissimam
878 1462 1028 1546 cuiusque
1051 1483 1113 1545 qua

97 1616 103 1625 ,
157 1567 244 1610 nunc
273 1546 407 1627 utimur,
442 1543 612 1609 editionem
644 1544 679 1608 in
709 1545 909 1629 praefatione
938 1547 1114 1611 indicatam

158 1627 404 1709 accommodavi,
421 1630 465 1693 ita
480 1632 516 1693 ut
530 1630 557 1691 si
573 1628 614 1691 ab
628 1628 690 1694 hac
705 1630 739 1693 in
753 1651 815 1713 quc
837 1632 948 1694 nostra
969 1631 1114 1695 recensio

157 1712 353 1795 deflecteret,
382 1713 590 1794 indicaretur,
620 1713 675 1777 ubi
703 1734 781 1796 opus
804 1714 985 1796 videbatur,
1014 1715 1112 1779 etiam

156 1797 280 1861 ratione
312 1797 445 1862 reddita.
478 1834 520 1845 -
552 1795 852 1880 interpretationem
885 1799 1115 1863 commentario

157 1879 305 1945 adiuvare
327 1885 417 1944 extra
431 1881 628 1965 propositum
644 1884 720 1945 erat.
753 1881 846 1947 Tales
862 1883 948 1947 enim
963 1882 1113 1947 exhibere

155 1963 304 2029 ICtorum
330 1963 428 2028 libros
456 1964 626 2046 voluimus,
660 1968 697 2029 ut
727 1966 781 2049 qui
810 1966 930 2031 modice
959 1967 1111 2049 iurispru·

157 2048 265 2112 dentia
294 2048 433 2112 imbutus
460 2052 559 2131 esset,
589 2069 646 2131 per
674 2052 773 2113 semet
799 2049 903 2133 ipsum
925 2050 1114 2135 intellegere

157 2152 209 2196 eos
231 2134 354 2214 posset:
376 2132 410 2195 in
433 2153 528 2215 quam
550 2154 617 2197 rem
632 2132 818 2217 plerumque
833 2134 1013 2199 sufficiebat
1026 2135 1113 2199 vitiis

156 2220 308 2300 purgatos
331 2219 363 2279 et
385 2219 539 2299 quatenus
553 2216 622 2280 fieri
637 2220 773 2299 poterat,
796 2217 940 2303 integros
956 2240 1008 2283 eos
1022 2240 1113 2301 prae·

156 2303 252 2364 stare.
287 2298 393 2363 Tanta
416 2301 501 2363 enim
524 2299 733 2365 estICtorum
756 2302 908 2385 loquendi
922 2304 1112 2384 proprietas,

106 2448 109 2455 ,
156 2386 192 2446 ut
219 2382 313 2447 modo
343 2384 485 2466 ipsorum
506 2383 666 2467 loquelam
688 2384 798 2448 audias
820 2405 880 2448 nec
902 2383 989 2447 rudis
1012 2384 1056 2446 sis
1077 2385 1112 2449 in

155 2487 190 2531 re
212 2488 291 2550 quae
312 2470 479 2551 tractatur,
500 2468 661 2533 intentum
682 2468 808 2551 quidem
831 2468 866 2531 in
888 2487 955 2531 rem
970 2466 1112 2533 animum

156 2552 188 2613 et
209 2550 449 2615 meditationem
470 2555 615 2635 poscant,
638 2552 813 2633 interprete
835 2571 910 2615 vero
925 2551 1112 2634 plerumque

155 2654 220 2698 non
244 2638 368 2719 egeant.
402 2635 514 2719 ltaque
536 2636 570 2700 in
593 2656 716 2699 summa
730 2633 969 2699 meditationem
984 2638 1112 2701 tantum

155 2718 303 2783 adiuvare
325 2719 454 2802 placuit,
477 2721 511 2783 in
533 2720 572 2783 iis
594 2718 780 2801 praesertim
802 2717 902 2802 libris,
926 2719 1011 2785 unde
1032 2720 1112 2783 iuris

156 2802 257 2866 civilis
286 2804 473 2888 antiquioris
502 2802 645 2887 cognitio
677 2802 814 2866 maxime
842 2803 1002 2887 hauritur,
1033 2804 1111 2868 loeis

154 2886 304 2951 indicatis
327 2888 463 2952 aliorum
485 2887 778 2967 monumentorum,
806 2885 977 2969 inquibus
1000 2887 1111 2952 eadem

154 2991 204 3035 res
226 2973 397 3036 tractatur:
430 2990 502 3034 raro
526 2969 622 3033 etiam
644 2968 772 3033 notulas
794 2969 981 3053 interspersi
1003 2970 1042 3033 ad
1064 2970 1111 3034 in·

153 3054 298 3119 tellectus
326 3055 467 3138 aliquam
496 3051 719 3116 difficultatem
741 3053 949 3135 pertinentes.
994 3051 1112 3118 Sedet

153 3138 188 3202 in
209 3139 288 3203 locis
309 3138 373 3202 illis
389 3135 546 3201 similibus
561 3135 743 3200 indicandis
758 3136 886 3202 modum
902 3136 1037 3216 servavi,
1052 3157 1112 3220 pro

153 3244 270 3307 genere
285 3220 412 3307 quidem
428 3219 579 3302 cuiusque
596 3220 781 3303 scriptionis
797 3221 964 3303 diversum,
981 3220 1112 3287 omnino

153 3327 226 3371 vero
255 3306 315 3370 hac
343 3323 456 3367 norma
483 3304 698 3386 aestimatum,
727 3309 763 3370 ut
785 3326 822 3370 ea
842 3309 969 3371 tantum
992 3305 1112 3391 allega·

151 3394 271 3471 rentur,
294 3407 375 3470 quae
390 3386 431 3451 ad
446 3407 522 3471 rem,
546 3388 584 3452 de
604 3410 667 3472 qua
681 3393 839 3473 ageretur,
862 3390 1113 3474 intellegendam

151 3473 305 3555 facerent,
325 3492 392 3536 non
415 3472 521 3556 etiam,
545 3493 627 3556 quae
649 3474 719 3557 ipsa
742 3495 780 3538 ex
803 3495 840 3539 eo
863 3475 944 3558 loco,
968 3475 1022 3558 qui
1039 3474 1110 3538 illu·
