2542 3909
172 227 235 291 694
374 243 435 278 uos.
454 241 487 278 nr
503 241 566 276 nors.
585 240 675 277 ausvis
692 240 801 276 contar.
819 222 878 276 XV.
897 228 922 275 3.

170 375 330 444 uideantur,
356 370 456 427 luliane
477 370 626 426 karissime.
671 368 700 427 2.
725 363 796 425 ¹Sed
817 369 854 426 dii
875 369 1040 426 immortales
1062 386 1130 442 pro·

171 457 289 515 uidentia
304 472 353 512 sua
369 454 494 510 ordinare
510 463 538 510 et
552 454 697 527 disponere
711 453 815 527 dignati
829 462 909 522 snut,
930 470 999 527 quae
1014 453 1084 509 bona
1099 462 1132 510 et

171 558 236 597 uera
250 547 323 610 sunt,
347 547 377 595 ut
399 537 547 594 multorum
567 546 595 593 et
616 537 751 594 bonorum
766 546 794 593 et
808 539 981 611 egregiorum
1005 539 1131 594 uirorum

172 617 279 697 ’(ονθ),2
301 630 330 678 et
351 623 610 696 sapientissimorum
631 621 745 677 consilio
761 629 790 677 et
808 630 924 678 tractatu
937 620 1047 677 inlibata
1063 637 1131 694 pro·

171 707 300 764 barentur
314 715 341 763 et
356 713 554 762 statuerentur:
571 705 669 778 quibus
684 720 734 761 nec
750 704 918 776 vialamire,
933 720 984 762 nec
997 706 1132 761 resistere

146 827 150 836 ·
172 791 210 847 las
226 799 277 860 est,
294 806 382 862 neque
398 787 559 862 reprehendi
574 805 589 842 a
604 804 675 844 noua
691 797 770 844 uetus
786 789 885 862 religio
901 787 992 845 debet.
1022 788 1131 845 Maximi

171 877 242 931 enim
257 875 375 930 criminis
390 881 443 942 est,
458 880 618 942 retractare,
640 888 709 945 quae
724 872 807 928 semel
826 871 868 927 ’ab
883 865 1058 946 antiquitate3
1072 882 1131 928 sta·

170 965 231 1014 tuta
245 966 274 1013 et
288 955 412 1027 delinita,
434 971 514 1011 suum
529 963 630 1011 statum
646 965 674 1011 et
688 972 797 1012 cursum
820 963 914 1012 tenent
928 973 959 1012 ao
973 955 1128 1030 possident.
1141 969 1209 1018 [sae]

170 1037 199 1098 8.
221 1039 297 1096 Unde
318 1040 491 1113 pertinaciam
506 1055 604 1112 prauae
620 1041 717 1096 mentis
738 1041 964 1112 nequissimorum
986 1040 1130 1096 hominum

170 1125 269 1199 punire
284 1125 380 1197 iugens
395 1122 474 1178 uobis
489 1122 609 1178 studium
624 1133 681 1178 est:
704 1124 731 1179 hi
746 1125 828 1189 enim,
845 1125 892 1196 qui
906 1123 1028 1179 nouellas
1042 1132 1072 1179 et
1086 1125 1129 1179 in·

171 1208 273 1264 auditas
296 1218 384 1263 sectas
400 1206 537 1263 ueteribus
552 1205 730 1280 religionibus
746 1214 901 1281 opponunt,
925 1201 989 1262 ἰή*
1009 1223 1060 1280 pro
1084 1223 1129 1263 ar·

169 1292 251 1349 bitrio
267 1307 317 1346 suo
329 1306 416 1364 prauo
428 1290 586 1360 excludunt,
602 1307 670 1362 quae
682 1290 811 1346 diuinitus
822 1307 951 1348 concessa
962 1299 1028 1346 sunt
1038 1308 1128 1364 quon·

80 1393 89 1410 ·
170 1376 230 1431 dam
244 1374 331 1430 nobis.
374 1371 405 1430 4.
428 1373 465 1429 lle
481 1374 579 1445 quihus
601 1374 724 1430 sollertia
738 1383 785 1430 tua
799 1375 938 1431 serenitati
957 1383 1068 1430 nostrae
1082 1391 1128 1430 re·

170 1459 248 1527 tulit,
274 1457 456 1527 Manichaeos,
479 1456 641 1513 ’audiuimus
663 1452 726 1513 eos⁶
746 1457 918 1531 nuperrime,
946 1457 1032 1513 ueluti
1054 1475 1128 1515 noua

169 1535 251 1614 ’(αο)6
272 1542 410 1613 inopInata
431 1540 556 1613 prodigia
576 1542 604 1596 in
619 1541 692 1597 launo
713 1541 842 1597 muudum
860 1541 895 1598 de
909 1541 1015 1597 Persica
1030 1541 1127 1598 aduer-

169 1626 238 1680 saria
253 1621 331 1679 nobis
347 1632 427 1694 gente
442 1640 588 1696 progressa
610 1624 655 1680 uel
673 1634 731 1680 orta
753 1641 828 1696 esse,
850 1634 878 1681 et
899 1625 983 1681 multa
1006 1625 1127 1681 facinora

169 1707 206 1763 ibi
227 1708 413 1774 committere;
440 1707 558 1781 populos
580 1724 695 1782 namque
718 1711 824 1781 quietos
847 1701 1046 1782 ’perturbare⁷
1075 1726 1127 1765 nec

169 1808 225 1847 non
240 1798 269 1846 et
282 1789 435 1847 ciuitatibus
451 1793 563 1847 maxima
579 1790 739 1847 detrimenta
759 1786 908 1848 ’interre:⁸
930 1801 958 1848 et
975 1790 1125 1848 uerendum

170 1883 228 1946 est,
250 1891 284 1931 ue
307 1874 388 1944 forte,
413 1881 442 1930 ut
465 1872 523 1930 fieri
546 1874 651 1931 adsolet
672 1875 809 1933 accedenti
832 1885 966 1948 tempore,
991 1885 1125 1933 conentur

170 1957 325 2015 'execranda
347 1958 541 2014 consuetudine
564 1966 592 2014 et
613 1975 708 2015 scaeua
728 1954 811 2032 lege⁹
833 1958 974 2015 Persarum
995 1961 1125 2016 innocen·

170 2043 247 2098 tioris
269 2051 379 2098 naturae
401 2041 539 2108 homines,
568 2041 711 2098 Romanam
734 2051 843 2116 gentem
871 2043 1020 2098 modestam
1042 2052 1126 2117 atque

112 2175 114 2180 .
169 2124 353 2200 tranquillam,
384 2135 412 2182 et
439 2127 595 2181 uniuersum
624 2125 717 2181 orbem
743 2133 869 2182 nostrum
896 2126 982 2182 ueluti
1011 2128 1123 2184 uenenis

169 2209 274 2283 ’anguis
287 2202 435 2264 maliuoli¹⁰
449 2207 569 2266 inlicere.
601 2206 629 2265 5.
646 2207 678 2266 Et
690 2213 752 2282 quia
764 2212 861 2279 omnia,
876 2227 945 2282 quae
955 2209 1048 2284 pandit
1059 2228 1125 2284 pru·

168 2293 258 2349 dentis
280 2300 325 2348 tua
339 2294 367 2347 iu
382 2292 512 2347 relatione
526 2292 667 2364 religionis
682 2291 800 2363 illorum,
821 2309 918 2364 genera
930 2292 1123 2350 maleficiorum

168 2371 331 2432 ’statuuut¹¹
356 2371 634 2446 euidentisslmorum‚
656 2370 832 2449 'exquisita¹²
856 2375 928 2432 'arte
950 2371 1125 2435 adiuuenta¹³

240 2583 261 2650 ¹)
277 2585 316 2646 Of.
327 2585 434 2649 Dionys.
445 2596 466 2643 a,
477 2598 510 2636 no.
525 2586 583 2635 Lio.
595 2599 615 2648 1,
630 2600 664 2639 ra.
679 2599 714 2646 aa,
724 2600 757 2639 1s
779 2588 869 2653 Polyb.
879 2601 900 2647 o,
910 2600 944 2640 sc.
965 2589 1040 2639 Paul.
1050 2589 1078 2639 S.
1090 2589 1122 2639 lt.

166 2667 187 2715 5,
202 2667 236 2705 21.
251 2656 306 2716 §.n
354 2651 513 2720 ²)Suppleui
526 2657 667 2706 adsumtum
676 2660 762 2708 vicino
777 2660 866 2708 uiroru.
890 2658 936 2709 Sic
945 2659 1015 2710 Suet.
1026 2659 1076 2710 lot.
1087 2671 1121 2712 88.

167 2726 345 2776 decernentium
359 2740 400 2773 ore
415 2734 476 2784 ete,
491 2727 582 2790 quibus
601 2729 622 2776 ii
635 2736 812 2791 opponuntur,
832 2744 939 2792 quorum
958 2733 1067 2781 consilio
1082 2733 1124 2780 usi

165 2804 232 2845 sunt.
299 2791 320 2861 8)
338 2794 383 2843 En
400 2794 552 2861 Bttderdyt.
573 2800 605 2860 ej.
621 2799 750 2861 antiquitus
764 2798 862 2848 Boron.
885 2801 914 2848 alt
933 2801 1037 2864 antiquis
1058 2801 1121 2851 ΟΜ.

166 2867 224 2916 edd.
276 2862 297 2930 ⁴)
312 2872 337 2914 ut
353 2866 414 2915 Cdd.
430 2867 488 2916 edd.
540 2865 562 2933 ὁ)
575 2867 606 2916 B.
622 2869 731 2917 audimus
745 2884 787 2917 eos
806 2870 851 2919 Vc.
872 2869 914 2923 Vi.
933 2885 975 2920 eos
989 2872 1066 2921 eiecit
1078 2870 1121 2921 Bl.

165 2937 275 2988 Haenel.
290 2937 397 3000 scripsit
411 2937 563 2987 liauiohaeis.
638 2935 660 3004 ⁶)
673 2937 805 3002 supplevi.
879 2937 900 3004 l)
914 2941 1009 2990 turbare
1024 2942 1063 2990 ed.
1078 2941 1120 2992 Bt.

165 3023 200 3057 eac
218 3023 323 3066 errore,
342 3008 386 3070 qui
405 3007 490 3057 Haeo.
507 3008 612 3071 fefellit.
701 3005 722 3072 ⁸)
738 3010 776 3059 De
792 3009 862 3059 Pitlr.
881 3012 914 3074 ej.
934 3012 1041 3060 inserere
1057 3011 1119 3061 odd.

165 3079 223 3127 edd.
239 3079 347 3139 ingerere
362 3077 460 3127 Sedult.
476 3081 509 3141 ej.
583 3075 605 3144 9)
619 3080 765 3128 execrandas
778 3082 965 3130 consuetudines
983 3079 1019 3146 (et
1031 3082 1121 3144 grande

165 3149 360 3197 consuetudinem
386 3147 439 3213 Vi.)
461 3156 484 3196 et
505 3149 594 3198 istebas
615 3147 696 3214 (senas
720 3150 762 3199 Vi.
784 3165 869 3199 soenes
893 3151 949 3217 Vc.)
970 3152 1035 3213 leges
1057 3151 1121 3201 odd.

166 3217 236 3267 Pitlt.
251 3225 348 3268 retento
363 3220 513 3268 accusativo
526 3220 655 3281 praefixit
673 3234 723 3282 per.
752 3220 795 3269 Ita
808 3221 848 3270 ed.
863 3220 904 3269 Bl.
980 3218 1011 3285 ¹⁰)
1026 3223 1056 3271 de
1070 3222 1121 3271 suis

165 3287 283 3336 maliuolis
300 3288 361 3337 odd.
381 3287 431 3336 suis
446 3287 563 3336 maliuolis
578 3289 635 3337 edd.
707 3287 740 3353 ¹¹)
754 3289 799 3338 Ee
813 3292 846 3352 ej,
860 3290 902 3340 Bl.
917 3293 957 3342 ed.
979 3293 1075 3340 statutis
1088 3291 1120 3340 B.

165 3365 279 3406 statutum
303 3357 343 3406 Vi.
368 3357 451 3404 statuti
474 3357 519 3405 Vc.
543 3359 628 3406 statuis
648 3361 680 3420 ej.
700 3359 805 3409 Lucium.
820 3360 943 3420 Haeret,
962 3363 1006 3411 illc
1025 3378 1121 3412 comma

165 3432 225 3475 autc
238 3426 359 3488 religionis
369 3427 435 3488 poni
449 3425 544 3476 iubens.
573 3434 686 3486 statuunt,
702 3431 729 3477 in
743 3444 793 3493 quo
807 3430 883 3480 verbo
898 3434 1068 3494 imperatores
1082 3434 1121 3480 lu·

166 3496 237 3554 dunt,
252 3503 303 3544 est:
321 3494 497 3545 indubitanter
510 3498 605 3545 sistunt
618 3513 651 3546 ao
661 3497 782 3561 probant.
849 3497 882 3566 ¹¹)
897 3499 989 3566 (atque)
1004 3503 1122 3564 exquisita

166 3563 205 3611 Bt.
220 3565 260 3612 ed.
275 3580 309 3613 ex
323 3568 356 3628 ej.
410 3561 442 3631 18)
458 3572 481 3613 et
495 3565 621 3618 adinueuta
635 3567 666 3616 B.
687 3568 732 3618 Ve.
747 3571 787 3618 ed.
801 3569 842 3619 Bt.
858 3578 882 3618 et
895 3571 991 3620 iuuenta
1010 3571 1052 3620 Vi.
