2542 3909
139 195 204 259 242
437 214 499 249 nnn
518 215 618 250 rusum.
636 196 673 254 II.
692 202 817 256 97—101.

140 356 310 428 mancipioue
326 366 406 426 sunt,
429 356 495 414 nihil
510 359 539 413 in
554 358 614 413 iure
630 358 689 415 cedi
704 373 802 433 posse;
828 374 888 414 oum
904 362 974 415 enim
996 346 1122 416 istarnm'

48 483 50 488 .
140 456 320 513 personarum
336 440 403 497 nihil
418 459 498 498 snum
514 458 575 498 esse
589 443 688 516 possit,
705 443 871 499 conueniens
887 451 930 499 est
945 444 1062 517 scilicet,
1078 453 1111 501 ut

140 524 208 580 nihil
223 540 303 583 suum
319 541 379 582 esse
394 520 505 601 'posse¹
520 528 548 581 in
563 528 625 583 inre
639 526 777 583 uindicare
791 522 925 600 possint.²

203 604 252 666 97.
276 612 431 667 Hactenus
451 612 584 685 tantisper
604 610 777 668 admonuisse
797 609 913 685 sufficit,
937 613 1110 687 quemadmo-

140 692 204 748 dum
220 695 345 769 singulae
360 710 403 751 res
418 694 497 751 uobis
513 696 705 769 adquirentur:
730 710 790 751 narn
812 695 965 770 legatorum
980 698 1033 770 ins,
1054 715 1110 773 qno

140 779 243 853 etipsa
259 780 382 854 singulas
397 796 441 836 res
456 780 634 855 adquirimus,
655 780 838 855 opportunius
858 781 910 839 alio
932 782 994 839 ioco
1010 782 1110 839 rescre-

140 879 211 919 mns.
247 864 390 921 uideamus
404 866 497 939 itaque
509 882 592 939 nnuc,
616 865 715 939 quibus
737 864 823 921 modis
840 882 891 939 per
905 868 1111 924 uniuersitatem

140 964 185 1003 res
200 947 279 1005 nobis
295 949 481 1023 adquirentur.
518 945 577 1008 98.Ι
591 950 620 1006 Si
643 952 685 1008 cni
708 948 822 1005 heredes
845 950 1027 1024 indusimus,
1051 952 1110 1007 sine

140 1034 216 1089 onius
231 1032 367 1089 bonorum
382 1035 586 1108 possessiouem
599 1036 771 1109 petierimus,
786 1036 844 1092 sine
861 1036 937 1091 cuins
953 1034 1023 1092 bono
1039 1052 1110 1091 enre-

139 1118 234 1189 rimus,
256 1119 315 1174 sine
338 1136 417 1191 quem
437 1114 685 1193 adoptanorimns,·⁰’
707 1120 766 1175 sine
787 1113 897 1194 'quam4
911 1120 939 1177 in
954 1136 1063 1175 monum
1079 1130 1110 1175 nt

139 1218 253 1259 uxorem
276 1205 475 1276 receperimus,
503 1206 561 1261 eins
583 1222 628 1261 res
651 1203 684 1260 ud
711 1222 763 1260 nos
792 1213 944 1262 transeunt.
996 1199 1047 1261 99.
1071 1206 1110 1259 Ao

138 1279 272 1361 primum⁵
286 1286 319 1341 de
332 1285 527 1342 hereditatibus
542 1288 726 1360 dispiciamus,
742 1305 854 1361 quarum
870 1290 969 1364 duplex
985 1288 1108 1346 condicio

139 1380 195 1427 est:
210 1386 271 1426 uam
288 1370 332 1425 nei
347 1385 381 1424 er
396 1378 570 1441 testamento,
591 1370 636 1424 nel
651 1370 683 1424 at
699 1372 829 1429 intestato
845 1374 877 1429 ad
893 1391 943 1431 nos
959 1376 1109 1449 pertinent,

139 1449 210 1515 loo.
227 1454 259 1509 dt
273 1455 356 1527 prins*
367 1462 420 1525 est,
436 1461 468 1509 ut
484 1452 518 1509 de
534 1454 575 1507 his
588 1452 773 1525 dispiciamus,
797 1472 866 1527 qnae
883 1458 962 1515 nobis
978 1476 1011 1515 ex
1027 1468 1110 1515 testa-

140 1548 234 1595 mento
250 1537 410 1597 obueninnt.

202 1619 265 1680 101.
276 1623 512 1678 'testamentorum
523 1630 613 1677 autern
625 1637 726 1696 genera
736 1622 815 1679 initio
833 1622 887 1679 dno
904 1624 1031 1680 inerunt:
1048 1642 1107 1681 nom

139 1706 292 1763 antonianis
308 1707 426 1765 remittis
441 1699 662 1763 ’testamentnm⁶
684 1705 827 1780 iaciebant,
849 1722 918 1782 quae
936 1710 1045 1765 comitia
1066 1708 1108 1765 bis

138 1794 167 1847 iu
182 1808 253 1848 anno
270 1793 440 1849 testamentis
456 1791 586 1849 iaciendis
601 1792 735 1849 destinata
746 1802 834 1866 orant,
851 1800 897 1849 aut
907 1794 935 1849 in
951 1795 1106 1867 procinctu,
1121 1800 1175 1854 [1671

139 1875 166 1931 id
182 1882 242 1947 est,
262 1893 323 1933 enm
338 1874 403 1932 beili
418 1892 500 1932 causa
515 1891 587 1931 arma
602 1869 784 1946 'sumebant⁷;
805 1879 962 1952 procinetus
978 1887 1020 1935 est
1036 1881 1109 1937 enim

138 1962 281 2034 expeditus
292 1969 320 2017 et
330 1969 449 2017 armatus
460 1961 605 2019 exercitus.
626 1961 742 2018 aiterum
753 1964 845 2037 itaque
855 1964 882 2019 in
894 1979 960 2038 pace
972 1972 999 2020 et
1011 1965 1038 2020 in
1051 1966 1108 2021 otio

213 2099 234 2169 1)
248 2104 301 2167 p'se
317 2102 343 2153 0.
354 2124 388 2145 =
398 2117 471 2166 posse
485 2112 564 2154 antea
577 2120 595 2154 a
608 2120 646 2154 me
661 2113 783 2156 motatum
798 2108 825 2156 in
839 2122 883 2170 per
898 2122 933 2167 so,
947 2124 964 2157 a
973 2110 1109 2173 plerisque

140 2174 168 2242 (a
178 2174 334 2225 Momnneno
344 2190 402 2224 cam
411 2175 623 2225 antecedentibus
630 2176 717 2226 verbis
726 2192 795 2227 sunm
806 2176 871 2243 esse)
886 2186 914 2228 nt
925 2182 1053 2245 glossema
1062 2195 1108 2229 ea·

134 2248 240 2310 paeane
253 2247 314 2305 iam,
329 2247 391 2296 licet
405 2247 493 2296 deesse
502 2249 595 2310 possit,
610 2253 694 2297 tamen
705 2263 761 2297 cant
770 2252 896 2313 scriptam
905 2252 940 2299 sit
949 2266 997 2301 nec
1004 2254 1109 2317 plastae

139 2329 220 2367 caasa
234 2324 371 2381 appareat,
385 2316 416 2367 ab
425 2317 505 2367 uerba
519 2318 543 2367 in
557 2319 617 2382 iure,
632 2319 725 2369 addita
735 2326 864 2370 attentare
873 2336 924 2371 non
934 2323 1026 2373 audeo.
1051 2320 1108 2372 Sci·

139 2390 201 2439 lieet
213 2390 241 2437 in
256 2390 314 2438 inre
328 2389 473 2438 vindicatio
487 2391 505 2438 i.
516 2404 538 2437 e.
548 2404 614 2453 qaae
625 2390 665 2453 fit,
680 2406 737 2439 cant
750 2391 820 2455 qnod
833 2399 948 2442 nostram
962 2408 1013 2443 non
1028 2400 1067 2443 eat
1080 2394 1108 2442 in

138 2461 197 2509 iare
207 2459 281 2510 nabis
291 2460 350 2509 cedi
359 2461 483 2518 volamus,
497 2476 514 2509 a
524 2462 638 2525 vulpari,
651 2476 701 2525 qna
712 2463 781 2525 qnod
794 2470 909 2513 nostram
923 2471 962 2514 est
971 2466 1108 2529 persequi-

138 2546 204 2589 mur,
218 2547 250 2580 ea
263 2546 294 2580 re
307 2531 407 2594 differt,
422 2531 491 2595 qnod
504 2533 551 2579 illa
565 2538 708 2581 eodantam
723 2534 825 2591 nititur,
844 2536 915 2599 qaod
928 2536 957 2584 t'd
970 2536 1040 2600 qaod
1052 2537 1107 2585 uin·

138 2603 255 2651 dicamne
268 2610 385 2652 nostram
398 2608 482 2651 tamen
496 2616 551 2652 esse
565 2609 591 2652 et
604 2605 707 2653 censeri
716 2606 810 2667 possit,
824 2606 849 2654 si
862 2607 890 2654 in
905 2608 963 2656 iare
977 2608 1061 2657 cessio
1075 2606 1107 2656 ad

138 2676 223 2722 attera
233 2680 312 2736 parte
326 2680 465 2738 aequatam
480 2674 507 2722 in
517 2688 659 2737 personam
668 2676 750 2723 alieni
760 2677 828 2724 iaris
837 2690 898 2727 vero
908 2691 956 2726 nea
969 2677 1019 2727 noe
1028 2692 1108 2741 posse

138 2745 239 2809 quidem
252 2759 326 2794 snam
340 2759 395 2794 esse
410 2746 490 2795 cadit.
514 2752 540 2794 et
551 2744 600 2796 itae
613 2745 695 2796 Gaiae
709 2745 812 2795 uidetur
825 2748 977 2813 significare
986 2749 1104 2797 uoluisse.

139 2814 193 2865 Noe
207 2814 256 2865 itae
269 2816 414 2866 diceremus
429 2812 489 2865 ‘das
498 2818 643 2881 potentiale
656 2825 772 2867 nostram
786 2832 841 2866 esse
855 2818 904 2866 der
914 2818 941 2866 in
951 2819 1009 2867 iare
1024 2818 1106 2879 cessio

137 2883 322 2939 vindicieren’.
364 2883 783 2953 ¹)Seqaitarin0.lineaaacaa.
827 2883 848 2953 ⁸)
862 2887 907 2938 Sic
923 2884 974 2940 W.
994 2889 1030 2952 cf.
1040 2901 1061 2951 3,
1071 2900 1105 2940 33.

138 2973 185 3008 nee
196 2972 262 3021 opas
271 2965 310 3008 ert
317 2958 503 3019 emundatione,
514 2976 571 3009 enm
580 2967 705 3023 sequatur
715 2961 766 3008 eins
774 2956 822 3008 res.
861 2955 883 3024 ⁴)
894 2974 965 3023 quem
975 2959 1000 3010 0.
1010 2961 1049 3010 ed.
1057 2959 1105 3025 Ba.

139 3025 160 3095 ὅ)
170 3029 261 3093 primus
271 3031 348 3079 etiam
362 3025 415 3081 W.
430 3030 566 3093 priusedd.
609 3028 632 3097 ⁶)
646 3032 876 3095 tcaperacriptam
891 3027 943 3081 W.
984 3027 1005 3099 ²)
1016 3032 1107 3082 Malim

137 3107 282 3150 sumserunt.

208 3221 253 3293 §5-
268 3227 400 3277 tta—100.
415 3246 450 3267 ιε
464 3226 488 3287 5.
503 3237 524 3277 r.
544 3225 566 3274 Ι.
582 3229 620 3275 tit.
636 3228 680 3275 en.
779 3223 804 3295 ξ.
820 3229 969 3279 101-103.
992 3228 1030 3292 af.
1046 3229 1069 3290 a.
1085 3240 1104 3277 1.

136 3295 207 3345 Lde
226 3303 322 3345 testam.
343 3296 400 3346 ard.
421 3294 457 3361 (a,
477 3296 514 3361 ro)
533 3313 590 3347 cam
611 3296 722 3361 Tacape.
773 3314 802 3361 p.
822 3310 861 3362 to,
876 3309 897 3349 3.
928 3297 992 3349 Geli.
1012 3310 1051 3363 ro,
1070 3310 1104 3349 aa.

137 3367 275 3416 Plutarch.
289 3367 384 3417 Oariol.
396 3378 419 3417 o.
434 3367 466 3416 de
475 3382 536 3417 sera
546 3384 613 3418 nan.
625 3370 696 3418 vind.
703 3384 731 3432 p.
740 3380 788 3421 ooo.
806 3368 900 3435 (VIII.
907 3386 936 3433 p.
946 3382 993 3421 tta.
1006 3368 1105 3435 Reialr.)

138 3437 190 3487 θέο.
206 3438 238 3487 de
252 3444 319 3487 arat.
335 3450 356 3499 1,
369 3448 405 3488 oe.
420 3438 444 3499 ἕ.
459 3448 506 3488 tta.
521 3440 553 3488 de
568 3446 621 3489 nat.
636 3440 708 3490 deor.
724 3452 745 3502 a,
759 3451 780 3491 3.
804 3440 896 3490 Vellei.
908 3440 968 3491 Pat.
983 3454 1004 3503 a,
1014 3454 1035 3493 o.
1049 3442 1073 3503 ἓ.
1083 3452 1104 3491 3.

138 3507 206 3573 Fest.
225 3524 248 3557 v.
269 3507 412 3558 Procincta
427 3524 455 3571 p.
470 3519 518 3560 335.
533 3521 580 3561 eto.
613 3509 691 3559 Endo
705 3512 847 3573 procincta
862 3527 891 3576 p.
910 3523 944 3563 at.
977 3511 1051 3562 Sera.
1070 3512 1105 3561 ad

135 3576 203 3626 Aen.
218 3589 243 3637 t,
258 3590 305 3628 ota.
325 3580 382 3627 item
398 3578 441 3628 lid.
456 3595 536 3629 meam
550 3576 616 3629 ‘dae
630 3579 702 3631 Rdm.
716 3577 798 3630 tatr‘
812 3596 841 3645 p.
855 3593 903 3633 tte.
