2542 3909
164 198 226 256 104
399 208 426 243 n.
446 206 577 242 varamus
595 204 729 239 uastum
746 204 881 241 convmro.

226 330 256 389 2.
279 330 352 386 ldem
367 330 489 385 Messalla
508 330 537 383 in
558 328 653 385 eodem
674 328 744 384 libro
767 328 800 384 de
821 328 969 385 minoribus
985 333 1127 405 magistra-

162 416 232 473 tibus
254 417 291 469 ita
307 415 433 487 scripsit:
464 410 578 467 ‘Consul
593 412 625 469 alr
642 412 766 468 omnibus
782 412 985 486 magistratibus
1000 422 1028 470 et
1044 418 1126 471 eomi-

161 502 255 555 tiatum
277 504 305 553 et
327 498 481 553 contionem
504 512 618 552 auocare
640 504 743 571 potest.
775 495 887 553 Praetor
909 506 937 553 et
959 500 1126 555 comitiatum

161 591 189 639 et
203 582 358 637 contionem
374 596 572 654 usquequaque
586 596 700 636 auocare
715 588 818 654 potest,
834 582 885 636 nisi
901 598 915 636 a
930 581 1061 637 consule.¹
1080 582 1127 638 Mi-

160 681 242 722 nores
267 666 443 738 magistratus
471 680 603 737 nusquam
631 680 682 719 nee
704 666 871 720 comitiatum
895 681 945 721 neo
972 667 1127 722 contionem

160 765 275 805 auocare
295 756 420 821 possunt.
451 746 487 803 Ea
508 765 538 803 re
562 750 608 821 qui
627 764 722 803 eorum
745 750 848 821 primus
864 758 944 804 uocat
959 749 990 804 ad
1007 751 1129 806 comitia·

162 843 229 904 tum,
249 834 273 888 is
294 840 368 888 reete
389 834 456 905 agit,
479 832 541 904 quia
562 831 683 887 bifariam
700 848 760 887 oum
775 832 878 905 populo
893 834 936 905 agi
953 849 1007 888 non
1023 842 1127 906 potest.

160 918 214 973 Neo
235 933 348 972 auocare
365 916 435 971 'aliis
451 915 496 971 alii
510 923 638 990 possunt,
654 916 678 971 si
695 910 755 990 (sic)
773 909 947 971 contionem¹
963 916 1062 973 habere
1078 934 1128 974 uo-

160 1001 230 1072 lunt,
245 1002 284 1057 uti
299 1016 333 1056 ue
344 1016 405 1057 oum
416 1000 518 1073 populo
531 1008 622 1073 agant,
635 1001 757 1073 quamuis
769 1000 848 1055 multi
859 1002 1128 1074 magistratussimul

160 1087 316 1143 contionem
328 1083 426 1140 habere
442 1084 579 1156 possunt'.
596 1114 638 1123 -
653 1082 719 1139 Gell.
738 1083 789 1155 13,
807 1084 845 1141 16
863 1081 895 1156 (o.
914 1083 951 1141 15
968 1080 1060 1160 extu).

224 1166 253 1226 3.
276 1168 362 1223 Huius
384 1169 422 1222 rei
445 1164 493 1243 (sc.
508 1168 635 1223 Auentini
657 1168 757 1223 montis
772 1169 842 1223 intra
858 1167 953 1223 allatos
969 1168 1043 1224 urbis
1059 1166 1127 1225 fines

160 1269 216 1308 non
231 1251 340 1324 inclusi)
354 1250 476 1309 Messalla
490 1250 594 1323 aliquot
608 1267 703 1307 causas
719 1251 804 1307 uideri
816 1253 940 1326 scripsit3
955 1252 1004 1307 sed
1019 1261 1128 1325 praeter

162 1352 208 1392 eas
228 1338 315 1391 omnis
338 1338 396 1408 ipse
417 1350 499 1390 unam
518 1335 625 1407 probat,
648 1335 721 1407 quod
736 1337 763 1390 in
779 1352 812 1391 eo
828 1343 920 1391 monte
935 1334 1034 1391 Remus
1051 1336 1127 1392 urbis

162 1418 316 1475 condendae
331 1420 418 1493 gratia
433 1420 611 1490 auspioauerit
627 1434 746 1491 auosque
761 1419 857 1475 inritas
873 1418 998 1475 habuerit
1013 1435 1126 1492 supera·

162 1589 311 1660 pomerium
323 1586 506 1659 protulerunt,
519 1594 640 1641 montem
651 1587 732 1641 istum
746 1586 929 1658 excluserunt,
941 1589 1018 1660 quasi
1030 1587 1126 1644 auibus

162 1670 286 1727 obscenis
302 1672 474 1726 ominosum'.
491 1698 530 1709 -
547 1668 613 1725 Gell.
632 1669 682 1735 13,
701 1667 748 1725 14.
766 1666 794 1743 3.
812 1668 840 1730 5.
860 1671 887 1727 6.

224 1751 254 1810 4.
277 1753 358 1809 ‘Bene
373 1755 480 1827 sponsis
496 1753 618 1826 beneque
633 1753 767 1809 uolueris’
790 1755 817 1808 in
833 1756 988 1826 precatione
1004 1754 1128 1828 augurali

162 1838 285 1894 Messalla
306 1853 394 1911 augur
413 1838 450 1892 ait
471 1836 623 1910 significare
645 1838 834 1911 spoponderis,
850 1838 981 1895 uolueris.
997 1868 1038 1881 —
1053 1838 1128 1896 llest.

162 1940 188 1979 v.
204 1923 275 1978 Bene
291 1922 397 1994 sponsis
412 1938 440 1994 p.
457 1919 528 1979 351.

225 2004 253 2062 5.
277 2004 402 2078 ‘Serpula
417 2003 559 2078 serpserit’
577 2006 613 2061 ait
624 2005 696 2061 idem
703 2004 835 2077 Messalla,
848 2021 959 2079 serpens
971 2006 1128 2079 inrepserit.

163 2120 205 2129 -
219 2090 291 2160 lest.
307 2107 333 2145 r.
349 2089 463 2163 Serpula
478 2106 505 2163 p.
522 2088 594 2146 351.

226 2169 254 2231 6.
276 2172 396 2229 ‘Solito’
423 2173 494 2229 idem
522 2174 560 2230 ait
586 2189 646 2229 esse
675 2173 801 2229 consuto.
824 2202 865 2212 -
887 2173 960 2229 Fest.
983 2190 1008 2229 v.
1033 2172 1129 2230 Solino

162 2275 180 2332 p
225 2338 252 2399 ’1.
275 2341 358 2397 ‘Suad
375 2338 433 2397 ted'
453 2342 490 2396 ait
505 2356 565 2396 esse
580 2342 620 2395 sio
634 2347 672 2395 te.
689 2370 729 2379 -
744 2339 816 2396 Mest.
832 2358 857 2395 v.
874 2338 955 2397 Suad.
972 2357 997 2413 p.
1013 2339 1084 2397 351.

227 2424 256 2483 8.
279 2425 420 2480 Vernisera
434 2424 557 2479 Messalla
573 2416 711 2495 auguria²
728 2454 764 2465 -
781 2423 855 2480 Paul.
872 2442 915 2498 ep.
933 2423 1005 2480 llest.
1023 2442 1046 2486 v,
1064 2425 1130 2481 Ver·

164 2513 253 2565 nisera
269 2525 296 2580 p.
311 2507 382 2563 379.
675 2552 678 2557 .

227 2590 258 2649 9.
280 2590 426 2663 Marspedis
454 2592 513 2646 siue
540 2591 599 2646 sine
619 2608 635 2645 r
656 2590 746 2647 littera
768 2593 900 2665 maspedis
921 2594 950 2647 in
972 2592 1130 2664 precatione

163 2675 355 2733 solitaurilium
378 2674 442 2747 quid
458 2672 604 2747 significet,
627 2691 661 2731 ue
676 2675 798 2731 Messalla
814 2677 921 2750 quidem
938 2692 1026 2750 augur
1040 2678 1069 2731 in
1084 2692 1130 2732 ex·

164 2762 318 2835 planatione
340 2759 516 2831 auguriorum
538 2760 659 2831 reperire
680 2776 710 2816 se
732 2762 855 2832 potuisse
877 2762 923 2817 ait.
945 2790 986 2801 -
1009 2759 1083 2816 Most.
1104 2777 1128 2815 v.

165 2843 311 2916 Marspedis
327 2859 354 2915 p.
373 2842 444 2899 161.

218 2922 266 2983 10.
290 2924 368 2993 Quod
383 2926 468 2982 lulius
487 2926 624 2982 Modestus
641 2926 767 2997 affirmat,
790 2926 911 2983 Messalla
934 2944 1037 3002 augure
1061 2946 1129 2985 con-

166 3010 274 3067 sulente
301 3008 460 3084 pontifices,
482 3026 516 3066 an
537 3012 716 3068 nundinarum
740 3010 918 3068 Romanarum
940 3028 1130 3086 nonarumque

167 3096 224 3152 dles
239 3095 314 3151 feriis
329 3102 497 3166 tenerentur,
512 3096 687 3169 respondisse
702 3111 760 3167 eos,
776 3095 908 3151 nundinas
920 3096 972 3151 sibi
983 3096 1063 3152 lorias
1075 3112 1131 3152 non

166 3172 285 3235 uideri³
300 3208 341 3219 -
356 3178 472 3235 Maerolr.
489 3178 546 3237 Sat.
565 3181 592 3251 1,
610 3180 659 3239 16.
678 3176 707 3253 3.
724 3179 773 3238 28.

231 3392 259 3460 ·¹)
269 3393 373 3458 Scripsi
376 3412 387 3453 ,·
400 3395 460 3444 alius
475 3396 516 3445 alii
529 3402 619 3459 posset,
630 3395 651 3443 sl
661 3396 797 3443 contionem
811 3395 868 3445 edd.
895 3391 918 3462 ²)
930 3394 1039 3444 Fuerint
1048 3410 1131 3460 auqu-

165 3467 217 3522 ria,
228 3480 294 3530 quoe
304 3482 382 3517 verno
393 3477 504 3530 tempore
514 3473 629 3516 extremo
645 3464 821 3529 capiebantur.
854 3463 876 3529 ³)
887 3465 1013 3515 Messalla
1026 3466 1075 3515 ltoo
1090 3481 1131 3515 re-

167 3551 285 3585 Μιοηειιηι
299 3537 375 3587 libris
387 3539 443 3586 sois
456 3538 597 3585 inseruisse
610 3536 721 3585 videtur.
