2542 3909
184 115 250 178 320
465 137 526 170 cur
544 139 641 173 susara.
659 121 708 175 ΠΙ,
730 127 870 174 135-140.

185 288 219 328 eo
234 273 342 328 nomine
356 271 498 343 stipulatio
520 290 575 330 non
598 273 658 358 ¹³³²}
682 273 755 346 quod
778 288 863 345 genus
888 270 1060 344 obligationis
1082 285 1148 344 pro·

184 356 273 428 prium
287 355 496 427 peregrinorum
513 367 565 414 est.

247 431 308 495 13⁶.
331 437 472 494 Consensu
494 437 565 496 finnt
586 440 765 510 obligationes
787 439 815 494 in
838 439 1020 512 emptionibus
1039 447 1067 496 et
1083 456 1148 498 uen-

183 521 344 592 ditionibus,
357 522 539 580 locationibus
553 523 791 590 conductionibus,
807 524 994 595 societatibus,
1010 523 1149 583 mandatis.

183 600 247 662 136.
270 605 333 663 ideo
356 614 445 663 autem
473 610 533 664 istis
556 607 642 664 modis
666 622 805 664 consensu
827 609 938 664 dicimus
966 608 1148 683 obligationes
1166 619 1226 673 [aar]

117 697 172 747 164.
183 691 318 763 contrahi,
341 695 407 766 qnia
430 709 519 766 neque
540 691 686 750 uerborum
712 685 716 770 Ι
740 709 828 766 neque
843 694 994 767 scripturae
1010 693 1064 749 ulla
1086 711 1151 766 pro·

183 777 285 848 prietes
308 777 491 847 desideratur,
514 776 562 832 sed
583 775 701 848 sulficlt,
725 793 788 849 eos,
811 781 859 851 qni
880 779 1021 852 negotium
1037 787 1151 852 gerunt,

184 864 369 920 consensisse:
392 861 463 917 unde
477 863 550 916 inter
566 859 693 919 absentes
710 879 820 935 quoque
840 862 899 918 talia
915 864 1027 936 negotia
1042 871 1151 920 contra·

184 946 297 1020 buntur,
320 947 406 1004 ueluti
427 962 477 1019 per
491 945 634 1018 epistulam
651 955 697 1002 ant
712 963 761 1022 per
775 948 984 1018 internuntium,
1005 963 1066 1004 cum
1083 946 1150 1003 alio·

184 1035 251 1106 quin
279 1033 424 1088 uerborum
451 1028 583 1104 obligatio
615 1033 687 1089 inter
715 1031 840 1089 absentes
875 1029 932 1088 fieri
961 1049 1016 1088 non
1049 1032 1149 1106 possit.

186 1111 284 1191 [138]
311 1110 385 1190 ¹(sed
402 1113 505 1169 absenti
522 1130 671 1188 expensum
692 1117 758 1174 ferri
773 1123 882 1189 potest,
905 1117 957 1172 etsi
973 1115 1064 1173 uerbis
1080 1115 1149 1173 obli·

184 1203 258 1273 gatio
280 1216 341 1254 cum
364 1197 474 1253 absente
497 1200 621 1256 contrahi
644 1218 699 1258 non
722 1193 833 1279 possit).
875 1196 939 1258 18⁷.
962 1200 1030 1258 Item
1050 1203 1078 1256 in
1105 1201 1148 1256 his

183 1283 367 1339 contractibus
389 1282 457 1339 alter
477 1283 556 1342 alteri
570 1283 708 1360 obligatur
728 1286 763 1341 de
779 1302 826 1357 eo,
849 1285 922 1358 quod
938 1285 1053 1343 alterum
1069 1285 1148 1342 alteri

183 1384 215 1423 en
229 1366 302 1423 bono
318 1376 346 1423 et
360 1383 447 1441 aequo
463 1377 740 1445 praestarooponet,
756 1387 818 1427 cum
829 1370 949 1445 alioquin
961 1371 988 1426 in
1000 1369 1147 1426 uerborum

183 1451 394 1524 obligationibus
409 1451 477 1509 alius
492 1454 648 1527 stipuletur,
665 1455 733 1510 alius
750 1457 899 1530 promittat,
915 1464 942 1511 et
953 1456 980 1511 in
991 1454 1145 1512 nominibus

183 1537 251 1592 alins
265 1551 414 1609 expensum
430 1537 542 1594 lerendo
559 1537 678 1612 obliget,
693 1539 761 1595 alins
777 1539 924 1614 obligetur.

471 1651 504 1699 lie
519 1654 646 1715 emptione
661 1660 686 1702 et
699 1653 855 1702 venditione.

245 1753 310 1816 139.
323 1760 436 1833 Emptio
449 1767 477 1816 et
488 1762 613 1817 uenditio
627 1753 836 1832 contrabitnr‚²
847 1778 908 1818 cum
921 1755 968 1817 de3
979 1762 1068 1834 pretio
1082 1777 1145 1816 con-

181 1844 300 1913 nenerit,
316 1845 440 1917 quamuis
455 1845 576 1900 nondum
591 1847 709 1918 pretium
728 1854 898 1903 numeratum
914 1846 959 1918 sit,
980 1861 1010 1901 ac
1031 1861 1065 1902 ne
1086 1861 1145 1901 arra

182 1926 290 2001 quidem
306 1928 369 1984 date
385 1928 482 1985 luerit:
505 1946 566 1987 nam
582 1928 657 2002 quod
673 1946 753 1986 arrae
775 1931 883 1986 nomine
898 1929 985 2002 datur,
1003 1945 1145 2004 argumen-

181 2020 237 2066 tum
259 2021 301 2069 est
322 2013 468 2086 emptionis
489 2021 516 2070 et
537 2013 701 2071 uenditionis
723 2023 886 2072 contractae.
935 2009 1004 2072 140.
1025 2015 1145 2070 Pretium

180 2103 270 2152 autem
295 2107 401 2154 certum
428 2115 488 2155 esse
515 2097 610 2154 debet:
638 2115 698 2155 nam
725 2099 845 2172 alioquin
866 2099 889 2155 si
909 2100 947 2155 ita
971 2101 1044 2155 inter
1064 2091 1146 2155 ’nos4

179 2183 351 2252 conuenerit,
368 2191 398 2237 ut
414 2184 508 2256 quanti
523 2182 611 2239 Titius
623 2200 680 2239 rem
693 2184 890 2256 aestimarerit,
907 2185 975 2239 tanti
991 2185 1026 2238 sit
1042 2191 1144 2256 empta,

179 2263 268 2320 Labeo
284 2268 403 2339 negauit,
421 2267 502 2323 ullam
519 2269 573 2322 uim
588 2267 642 2323 boc
656 2268 797 2342 negotium
814 2266 929 2335 habere3
945 2268 1022 2323 euius
1039 2266 1144 2339 opinio·

254 2412 274 2480 1)
293 2414 380 2466 Verba
398 2417 476 2466 tutus
489 2419 517 2476 §i
530 2432 595 2479 qnae
610 2420 637 2465 in
654 2417 679 2466 0.
693 2424 754 2479 post
768 2418 791 2478 ξ.
806 2429 852 2469 1117.
869 2419 1003 2481 leguntur,
1023 2433 1074 2468 nan
1089 2433 1145 2467 cnm

181 2487 264 2552 Kriig.
285 2489 312 2535 in
331 2488 370 2536 ed.
385 2486 459 2536 Stati.
479 2494 507 2536 nt
522 2489 650 2551 glossema
664 2488 833 2551 expellenda,
851 2488 899 2537 sed
913 2488 1029 2552 fugitiva
1043 2495 1103 2538 sunt
1120 2495 1144 2536 et

179 2559 204 2606 b.
220 2560 236 2606 i.
248 2559 371 2622 ponenda
385 2565 445 2608 ante
460 2559 482 2620 ὅ.
498 2569 545 2609 117.
561 2555 654 2623 (simite
669 2558 706 2608 ibi
720 2559 921 2608 additamentum
935 2566 963 2608 nt
979 2560 1001 2620 5.
1018 2557 1076 2624 119).
1101 2557 1145 2606 nbi

180 2644 236 2678 enm
250 2629 411 2680 caecidissent
424 2636 450 2678 et
463 2630 499 2678 ad
512 2630 653 2695 marginem
667 2631 786 2693 suppleta
799 2637 898 2690 essent,
918 2629 1045 2679 librariae
1059 2645 1090 2678 en
1105 2631 1144 2678 in·

180 2707 268 2750 certus
282 2715 332 2764 qno
341 2702 514 2764 pertinerent,
528 2702 557 2751 in
563 2703 616 2764 fine
622 2716 675 2765 pro
685 2715 755 2750 more
769 2701 831 2764 (oid.
841 2715 890 2749 aar
901 2699 1143 2750 Pandeietenleritile.

179 2782 241 2823 1875.
260 2787 289 2836 p.
308 2782 342 2822 17.
361 2770 407 2836 95).
431 2774 449 2822 i.
464 2787 501 2821 e..·
519 2780 580 2836 post
594 2775 618 2835 ἕ.
634 2785 681 2825 itt.
701 2787 732 2821 ea
751 2772 783 2821 de
803 2787 883 2822 cansa
898 2774 1018 2834 posuisse
1032 2771 1144 2829 uidetur,

179 2843 249 2906 guod
260 2845 373 2907 spatium
386 2843 424 2892 ibi
437 2860 545 2894 vacnum
555 2846 583 2894 in
594 2843 665 2907 Ood,
680 2844 748 2893 unde
757 2842 928 2902 describebat,
943 2844 1049 2892 incenit.
1080 2840 1144 2890 Nam

179 2920 205 2963 et
224 2916 279 2977 ipse
298 2914 336 2964 ibi
348 2931 371 2964 e.
386 2927 420 2966 to.
436 2916 496 2978 sere
510 2917 628 2966 trientem
642 2931 750 2965 nocuum
764 2915 872 2978 reliquit
885 2921 910 2963 et
924 2931 945 2963 n.
956 2925 990 2966 11,
1005 2913 1144 2964 secundom

184 2981 229 3032 Vsa
249 2985 374 3036 rubricae
392 2987 539 3036 destinavit.
610 2983 632 3051 ²)
652 2985 697 3034 En
721 2982 773 3035 Vll.
838 2981 859 3050 ⁸)
880 2984 945 3036 Nam
964 2991 1063 3034 uetusto
1082 2985 1144 3034 nitio

179 3058 299 3106 omissam
312 3072 338 3105 re
354 3059 394 3106 et?
457 3054 481 3122 ⁴)
495 3057 541 3106 En
558 3073 613 3107 mea
632 3059 665 3119 ej.
678 3059 799 3119 firmante
818 3052 871 3104 Vn,
895 3071 937 3104 eos
954 3055 979 3104 0.
995 3055 1053 3106 edd.
1068 3057 1144 3104 etiam

178 3142 234 3177 mea
244 3140 264 3179 1.
281 3128 504 3192 Iustinianaspro
512 3143 583 3179 more
591 3143 639 3178 suo
650 3128 845 3190 imperatoriam
854 3129 1011 3176 maiestatem
1020 3127 1144 3190 exemplis

178 3214 308 3262 nunqnam
322 3200 503 3249 immiscendae
517 3202 544 3248 in
559 3199 645 3249 Instit.
658 3199 735 3248 etiam
749 3198 773 3247 it.
789 3200 806 3246 i.
817 3213 869 3261 pro
884 3213 928 3248 nos
939 3199 1029 3262 posuit
1043 3198 1143 3261 aliquos.

250 3337 276 3409 ξ.
298 3343 446 3392 teo-137.
466 3363 500 3382 ==
519 3340 551 3390 L.
566 3353 587 3391 a.
606 3341 639 3389 D.
655 3342 686 3390 de
706 3340 754 3390 obi.
774 3347 799 3389 et
817 3347 868 3391 aet.
883 3338 934 3406 (ta,
949 3339 980 3406 7).
1011 3338 1144 3388 italae

178 3427 249 3462 coris.
264 3411 313 3461 obt.
329 3412 361 3478 (e,
375 3411 421 3478 11).
493 3414 517 3473 §-
534 3414 593 3478 139.
609 3435 642 3454 =
653 3427 698 3477 pr.
714 3410 735 3461 I.
751 3412 870 3476 deempt.
892 3410 928 3476 (u,
943 3411 988 3476 aa).
1019 3410 1058 3473 Cf.
1073 3409 1143 3474 Epic.

178 3484 326 3543 a,e.§.14.
399 3479 425 3551 ξ.
443 3484 500 3532 140.
523 3482 561 3546 Cf.
576 3484 599 3545 §-
616 3496 635 3535 1.
655 3482 726 3533 Lib.
