2542 3909
192 478 378 543 VLPIANI
401 479 599 556 RELIQVA
623 480 900 548 FRAGMENTA
924 484 1108 551 MINORA.

94 636 158 687 [528]
234 627 260 688 1.
286 623 432 703 ¹Ulpianus
453 628 521 686 libro
544 629 576 684 ad
596 628 714 685 edictum
736 639 813 685 sento
836 629 886 685 sub
909 629 990 686 titulo
1006 628 1055 697 Qui
1077 648 1127 705 pro

170 714 231 771 allis
245 729 279 770 ne
294 713 437 787 postulent
452 714 490 769 sic
505 712 603 771 refert:
625 712 793 769 ‘lnuenimus
808 713 880 787 apud
896 721 1013 783 ueteres,
1034 715 1128 771 mulie·

109 851 113 858 .
169 802 207 855 ris
223 798 404 871 appellatione
420 798 497 853 etlam
513 799 648 871 uirginem
663 796 819 853 contineri?

232 877 260 938 2.
286 876 428 955 ²Ulpianus
451 883 478 937 in
501 880 569 937 libro
586 880 672 936 rtvt.
696 880 737 935 ad*
752 879 935 936 edictumt‘Si
956 883 1017 953 quis
1037 884 1128 955 prori-

170 967 241 1023 mior
255 973 387 1039 cognatus
403 966 476 1021 nasci
492 971 639 1038 speretur!

234 1046 262 1110 8.
279 1042 422 1122 ³Ulpianus
439 1057 526 1105 tamen
542 1048 574 1104 ad
586 1046 713 1104 Sabinum
729 1047 851 1103 lotorum
867 1045 1035 1103 ‘fruiturum'
1053 1047 1128 1104 dixit.

243 1198 327 1249 ‘Liber
341 1200 370 1249 de
389 1200 467 1249 officio
487 1196 660 1263 proconsulis',
679 1200 720 1263 qui
738 1200 762 1248 in
780 1198 901 1247 veteribus
919 1198 1055 1261 glossariis,
1074 1206 1129 1261 post

170 1273 231 1322 alios
245 1286 258 1320 a
274 1271 298 1319 C.
314 1270 424 1319 Labbaeo
444 1271 488 1319 sub
507 1270 575 1319 titulo
592 1267 696 1334 ‘Cyrilli,
716 1269 837 1318 Philoxeni
852 1269 1003 1333 Aliornmque
1018 1270 1129 1318 Veterum

171 1343 294 1391 Glossaria
312 1340 501 1390 Latino-Graeca
521 1348 544 1389 et
563 1337 762 1389 Graeco-Latina’
784 1340 924 1403 compositis
943 1346 967 1387 et
982 1340 1057 1389 Paris.
1076 1352 1129 1391 tote

171 1412 242 1461 editis
262 1411 341 1460 statim
360 1412 389 1460 ah
410 1413 476 1461 initio
495 1412 594 1459 vocibus
608 1411 699 1461 Latinis
719 1411 921 1475 sequentibusque
937 1410 1035 1459 Graecis
1054 1411 1128 1459 inter-

170 1482 344 1547 pretationihus
364 1482 489 1545 aliquoties
508 1483 646 1531 interiectus
661 1482 759 1544 legitur,
779 1482 887 1530 estsine
906 1482 977 1530 dubio
993 1481 1087 1544 Ulpiani
1101 1496 1129 1529 ex

171 1552 274 1615 Digestis
295 1558 318 1601 et
336 1552 429 1601 aliunde
448 1553 587 1602 notissimus
606 1554 674 1602 liber.
712 1552 761 1601 Nec
781 1559 858 1601 tamen
879 1559 945 1601 certo
965 1560 1079 1616 apparet,
1098 1552 1128 1600 ad

170 1638 229 1688 quas
244 1638 324 1681 voces,
344 1622 512 1672 antecedentes
531 1638 561 1672 an
580 1630 707 1687 sequentes
727 1630 749 1671 et
768 1629 825 1687 quot
843 1638 872 1672 er
890 1624 921 1672 iis
939 1622 1002 1672 liber
1020 1623 1059 1671 ille
1074 1637 1130 1685 pera

171 1697 254 1752 tineat,
273 1701 299 1743 ut
313 1694 368 1743 inde
386 1695 474 1757 petitae
490 1693 537 1742 dici
552 1695 652 1756 possint.
682 1694 732 1751 Ono
747 1709 801 1743 oum
816 1694 922 1752 accedat,
936 1701 962 1743 ut
977 1695 1043 1757 ipsae
1057 1708 1129 1742 voces

171 1766 427 1828 interpretationesque
442 1778 523 1813 earum
538 1764 666 1827 pleraeque
680 1779 763 1827 parum
783 1766 891 1813 utilitatis
910 1772 1044 1828 praestent,
1059 1765 1129 1813 omit·

170 1836 255 1884 tendas
271 1849 310 1883 eas
325 1835 388 1882 duxi.
417 1834 450 1882 lie
465 1834 524 1897 ipsis
543 1833 590 1881 illis
605 1835 728 1896 glossariis
743 1850 819 1898 nuper
833 1836 903 1884 docte
918 1835 1047 1899 disputarit
1060 1835 1087 1882 A.
1103 1835 1128 1883 F.

171 1906 305 1955 lludorlius.
325 1904 477 1955 Berol.1ooo.
496 1915 517 1954 4.

245 2060 265 2129 ¹)
280 2063 365 2124 Haec,
381 2077 445 2126 quoe
459 2069 613 2125 sequuntur,
628 2069 731 2119 extant,
746 2068 872 2125 corrupta
890 2069 986 2119 tumen,
1007 2062 1034 2110 in
1053 2060 1128 2120 libro,

171 2137 216 2185 cui
230 2136 382 2197 inscriptum
396 2140 433 2182 est
453 2130 633 2197 ‘spicilegium
647 2131 804 2182 Solesmeuae
819 2168 825 2180 .
841 2168 847 2179 .
864 2169 869 2180 .
885 2168 891 2179 .
907 2138 1016 2181 curante
1029 2131 1129 2182 Domno

171 2206 194 2254 I.
208 2204 240 2255 B.
256 2204 341 2254 Pura.
365 2203 391 2252 Τ.
407 2203 429 2251 I.
446 2203 533 2253 Paris.
549 2200 621 2253 lata?
638 2219 665 2265 p.
681 2213 742 2260 888,
761 2202 846 2265 ibique
864 2201 1014 2251 tribuuntur
1034 2202 1130 2251 Pacati

171 2275 271 2325 librol.
287 2276 411 2324 adversus
421 2274 604 2338 Porphyrium.
631 2273 760 2331 Correxit,
773 2273 951 2337 diversumque
964 2273 1033 2322 laune
1047 2274 1129 2323 loeum

172 2363 189 2395 a
204 2348 340 2404 consimili,
355 2347 400 2409 qui
414 2360 448 2395 eu
462 2344 505 2394 til.
526 2344 587 2393 VII.
602 2344 639 2393 ad
651 2344 760 2393 edictum
775 2344 891 2406 refertur
905 2345 933 2392 in
947 2343 980 2392 L.
996 2355 1021 2394 ra
1031 2358 1075 2407 pr.
1094 2343 1128 2391 Ι).

171 2418 203 2467 de
222 2416 290 2465 verb.
310 2418 377 2480 sign.
398 2414 447 2481 (oo,
468 2413 517 2480 16),
538 2416 573 2463 od
591 2430 635 2476 ea,
655 2430 720 2478 quoe
743 2413 867 2478 Ulpianus
885 2413 918 2463 L.
932 2429 952 2465 1.
971 2415 994 2476 §-
1010 2424 1029 2465 o.
1050 2413 1082 2462 D.
1097 2414 1129 2463 de

167 2490 263 2551 postul.
280 2486 311 2553 (8,
326 2486 348 2550 1)
363 2493 468 2544 tractat,
479 2487 613 2549 pertinere
628 2486 716 2535 docuit
730 2486 765 2543 is,
780 2487 825 2548 qui
834 2486 937 2548 primus
952 2501 1007 2535 eum
1022 2487 1048 2534 iu
1066 2483 1128 2534 Ger·

171 2560 258 2608 mania
273 2557 376 2620 publici
389 2558 456 2605 iuria
472 2557 550 2619 feeit,
565 2555 706 2621 Boeclaing.
721 2556 761 2605 ed.
780 2554 835 2619 Ulp.
848 2556 945 2622 fragm.
961 2567 1020 2609 8888.
1036 2572 1065 2621 p.
1081 2568 1127 2607 tit.

173 2625 194 2694 ¹)
210 2628 293 2678 Eatot
307 2627 378 2691 apud
393 2628 523 2677 Priscian.
538 2639 559 2685 a,
574 2638 608 2677 88.
618 2643 647 2691 p.
663 2638 702 2677 oot
717 2626 822 2676 Pulselt.
833 2642 862 2690 p.
876 2639 911 2679 et.
926 2628 966 2677 ed.
980 2627 1070 2677 Hertz.
1085 2628 1130 2677 ubi

171 2706 210 2749 est
223 2706 370 2749 nasceretur.
401 2698 513 2749 Correaei
526 2714 560 2748 ex
575 2698 605 2747 L.
622 2711 642 2748 1.
661 2700 684 2760 ὅ.
699 2710 720 2749 8.
743 2697 776 2746 D.
792 2698 859 2747 uude
873 2713 946 2764 cogn.
966 2698 1015 2763 (88,
1029 2697 1065 2764 8),
1084 2698 1130 2747 ubi

172 2771 272 2835 integer
291 2772 364 2820 loeus
383 2771 486 2834 legitur.
556 2766 577 2834 8)
596 2768 680 2819 Batai
697 2768 768 2833 apud
786 2769 918 2819 hiarium.
939 2781 977 2828 10,
997 2782 1030 2821 ra.
1046 2786 1074 2834 p.
1088 2780 1128 2821 888

173 2840 278 2893 Putsclt.
291 2856 317 2903 p.
328 2851 375 2891 506.
390 2840 430 2891 ed.
440 2839 530 2890 Hertz.
559 2839 587 2888 V
584 2856 660 2890 ereor
669 2847 760 2900 tumen,
775 2855 806 2888 ue
820 2841 844 2889 is
857 2840 925 2890 iane
935 2856 1034 2904 quoque
1043 2841 1128 2890 vocem

172 2918 269 2960 tautum
288 2926 322 2959 eae
340 2910 456 2975 Digestis
474 2908 516 2976 (L.
532 2922 564 2961 aa.
588 2910 620 2959 I).
642 2912 725 2973 usufr.
745 2911 883 2974 quemadm.
903 2926 958 2960 cuo.
973 2923 998 2969 t,
1013 2923 1033 2961 o.
1056 2908 1126 2973 ‘Uip

172 2980 215 3030 lib.
233 2981 341 3031 XVIII.
362 2982 398 3031 ad
414 2978 562 3045 Sabinum')
580 2984 712 3038 sumserit,
729 2980 842 3043 perinde
859 2996 892 3029 ae
910 2980 1002 3044 Lgdua
1021 2981 1126 3039 similia,

172 3066 237 3116 quae
252 3067 286 3101 eu
300 3053 415 3116 antiquis
428 3053 611 3102 iureconsultis
624 3054 728 3116 aliegat.

542 3281 752 3289 -——-

228 3617 329 3647 anam
344 3616 424 3647 ΛΜΗ.
439 3616 491 3647 nst..
511 3617 548 3649 BD.
573 3618 595 3648 Vr
