2542 3909
440 226 500 263 oter
518 226 616 263 ananan.
636 207 685 264 lv.
703 213 814 267 62-64.
1049 210 1114 277 369

147 372 219 427 boreo
235 368 418 440 aestimandi,
440 375 578 441 quantum
594 372 690 425 actori
709 372 824 427 restitui
837 377 986 443 oporteat,
1006 371 1062 427 ioue
1082 374 1113 427 ia

147 460 287 528 potestate
293 456 354 510 eius
364 446 374 487 ¹
384 444 389 524 Ι
398 454 563 526 continetur,
571 461 601 509 ut
613 452 704 511 habita
715 456 820 512 ratione
828 456 898 526 eius,
911 455 984 530 qnod
996 456 1112 512 inuicem
1124 452 1184 505 ²12-

148 548 266 595 actorem
281 554 314 593 ex
329 536 423 594 eadem
435 554 515 594 causa
532 546 669 613 praestare
679 537 842 614 'oporteret,
853 541 880 595 in
892 540 1027 615 reliquum
1039 556 1112 613 eum,
1125 520 1144 559 ²·
1157 529 1178 559 ¹·

147 640 207 680 cum
224 638 279 696 quo
298 630 387 678 actutu
405 629 458 693 est,
475 622 655 680 condemnare
670 616 829 703 (αἰεὶκαὶ).2
867 618 917 681 02.
937 624 1006 680 Sunt
1024 631 1115 681 autem

148 707 234 763 bonae
254 704 318 762 fidei
338 706 435 763 indicia
451 701 569 781 (edati)
583 707 663 764 haec:
685 726 717 766 ex
737 716 846 783 empto,
867 708 991 779 uendite,
1013 707 1113 780 iocata,

148 792 300 862 conducto,
322 792 498 865 negotiorum
514 800 671 866 gestorum,
693 793 827 863 mandati,
842 792 975 865 depositi,
991 790 1114 866 fiduciae,

148 893 197 950 pro
218 877 309 947 socio,
330 875 446 941 tutelae,
469 880 513 933 rei
531 870 683 934 uxoriae.³
725 873 775 936 68.
796 876 920 932 Liberum
943 885 988 933 est
1003 885 1008 946 i
1025 885 1115 934 tamen

148 960 228 1017 iudici
249 960 350 1017 nuliam
373 960 482 1017 omnino
504 956 640 1017 inuicem⁴
659 962 888 1037 compensationis
911 962 1042 1017 rationem
1070 963 1114 1017 ha·

148 1038 247 1115 bere;⁴
273 1061 324 1101 nec
346 1046 417 1101 enim
444 1039 559 1120 sparte⁶
585 1045 718 1104 formuiae
741 1045 835 1103 uerbis
856 1046 1037 1119 praecipitum
1065 1045 1114 1101 sed

149 1130 211 1203 quia
233 1129 261 1185 id
281 1128 370 1187 bonae
391 1127 452 1187 fidei
477 1130 577 1187 iudicio
600 1134 766 1188 conueniens
789 1129 914 1201 uidetur,
937 1130 999 1187 ideo
1022 1128 1113 1186 oiiicio

148 1216 206 1270 eins
229 1214 364 1271 contineri
386 1214 515 1271 creditur.
560 1209 609 1273 64.
634 1215 692 1272 Alia
715 1224 856 1273 causaest
884 1214 958 1271 iiiius
987 1215 1112 1277 actionis,

149 1316 202 1373 qna
230 1298 402 1373 argentarius
433 1300 588 1373 experitura
622 1316 683 1356 nam
713 1301 736 1356 is
764 1301 874 1374 cogitur
904 1315 966 1357 enm
994 1315 1116 1374 conpen-

149 1384 254 1439 satione
274 1399 366 1457 agere,
387 1391 414 1440 et
435 1400 466 1440 ea
481 1386 660 1458 conpensatio
679 1383 771 1441 uerbis
792 1383 926 1441 termulae
944 1385 1114 1458 exprimitur,

150 1466 218 1524 adeo
233 1466 356 1541 quidem,
379 1477 409 1525 ut
424 1462 537 1526 statim⁶
552 1467 585 1525 ab
600 1470 679 1526 initio
695 1471 909 1543 conpensatione
929 1467 1000 1525 iacta
1025 1468 1118 1523 minus

148 1552 270 1609 intendat
289 1552 341 1608 sibi
361 1553 420 1611 dari
440 1564 585 1628 oportere:
607 1570 672 1611 eece
692 1556 763 1612 enim
785 1555 808 1609 si
829 1557 991 1610 sestertium
1006 1570 1028 1609 x
1042 1552 1116 1609 miiin

147 1636 244 1693 debeat
264 1638 346 1708 titio,
368 1646 450 1711 atque
472 1640 496 1694 ei
510 1656 553 1695 xx
567 1638 727 1709 debeantur,
749 1640 788 1696 sic
808 1638 939 1695 intendit:
963 1652 994 1695 sn
1012 1654 1118 1695 asnar

149 1738 261 1781 ainwa
276 1736 340 1779 snat
355 1740 376 1777 x
390 1738 482 1780 mma
496 1738 580 1779 nanu
597 1739 763 1781 ancarana
785 1738 920 1780 euentus
943 1737 1032 1787 avan
1045 1737 1116 1779 nasa

222 1843 242 1911 ¹)
253 1862 305 1911 pro
320 1859 337 1898 ›t‹
351 1859 368 1899 t
382 1859 431 1899 *t
448 1846 483 1906 0„
498 1853 526 1896 ut
540 1850 649 1910 opinor:
667 1855 756 1911 potest.
783 1846 837 1896 Sea
849 1859 965 1911 postes
985 1842 1031 1894 W
1048 1845 1119 1910 quod

148 1934 217 1967 auae
233 1916 286 1984 (ed.
305 1915 329 1983 a)
345 1925 410 1981 puto
427 1918 511 1981 fuisse
531 1920 632 1981 poieius.
703 1913 725 1984 ¹)
740 1918 779 1967 De
798 1917 954 1969 coarctatio
973 1917 1007 1980 ef.
1027 1927 1115 1981 t,1oo.

149 1989 219 2052 quod
237 1996 319 2038 tamen
335 1989 446 2039 librario
461 1995 559 2038 tantum
578 1988 621 2038 itia
636 1990 747 2038 maxime
766 1990 901 2038 temulento
921 1988 1050 2050 imputare
1064 2002 1115 2037 noa

149 2058 266 2109 dubitaui
279 2061 400 2111 addendo
415 2060 508 2109 debeat.
576 2056 597 2125 8)
608 2060 760 2123 Difficultas
769 2061 888 2109 iectionis
902 2061 1014 2107 uertitur
1024 2060 1052 2106 in
1064 2060 1117 2121 fiae

148 2146 188 2182 oo.
204 2140 225 2181 ὁ.
239 2139 264 2181 et
277 2144 312 2193 a,
331 2133 358 2181 in
377 2130 470 2195 quidus
484 2138 570 2181 uotum
584 2138 622 2179 est
639 2130 777 2180 librarium
790 2130 883 2179 seriem
901 2130 1033 2179 actionum
1048 2134 1118 2178 certe

149 2202 209 2251 inde
224 2217 240 2252 a
258 2199 261 2270 i
278 2202 382 2251 mandati
394 2201 451 2268 (aa
468 2200 471 2269 1
489 2201 547 2264 dati,
556 2209 694 2266 postquam
704 2202 733 2249 in
744 2202 797 2263 sine
806 2216 829 2249 v.
840 2211 861 2252 t.
871 2214 964 2249 errore
975 2212 1006 2259 m,
1020 2200 1073 2262 ipsi
1082 2220 1117 2241 ε-

149 2287 203 2321 man
221 2272 377 2339 scripserat)
397 2288 477 2338 usque
497 2273 534 2322 ad
550 2273 638 2321 tnteiae
654 2288 705 2336 per
721 2286 837 2322 errorem
853 2270 893 2320 dis
906 2270 1053 2333 scripsisse.
1071 2270 1120 2319 sed

149 2351 175 2392 et
188 2342 246 2410 r(ei)
261 2344 390 2410 n(nori)aa,
405 2351 466 2395 nota
481 2343 607 2403 adhibita,
623 2345 665 2407 (de
680 2359 731 2407 qua
745 2343 797 2395 vid.
812 2342 849 2392 ad
863 2352 948 2404 1,1te.
963 2339 1064 2404 notata)
1078 2356 1117 2390 se-

149 2422 235 2464 cutum
251 2415 336 2479 fuisse
354 2422 380 2465 et
395 2417 472 2478 finem
488 2415 584 2478 secisse
602 2415 696 2464 liuram
715 2416 846 2464 aedanum
864 2427 899 2462 ea
918 2414 951 2475 ej.
973 2426 1042 2470 mea,
1061 2427 1118 2462 eum

149 2486 243 2535 deiude
261 2493 386 2550 sequatur
400 2487 501 2537 linernm
520 2482 607 2553 eitra,
626 2488 750 2549 firmatur
767 2483 859 2548 Suppi.
873 2482 911 2535 St.
927 2498 956 2546 p.
977 2481 1118 2531 XXXIII,

154 2555 239 2616 Quare
248 2559 442 2621 nunaeapuiso,
453 2558 522 2622 quod
531 2558 624 2606 deinde
631 2558 773 2607 seeundum
785 2552 1000 2605 Viieonieeeram
1008 2554 1061 2603 alia.
1075 2556 1118 2606 63.

149 2627 334 2691 Verumtamen,
349 2636 427 2679 antea
436 2645 460 2679 o.
469 2640 482 2679 o
492 2636 554 2692 post
563 2628 652 2677 iudicia
666 2628 813 2678 addendum
823 2634 881 2676 erat
892 2622 1031 2692 ‘(oetua)'.
1053 2624 1118 2674 Nam

150 2714 208 2748 eum
222 2699 280 2748 edd.
295 2700 371 2748 etiam
386 2696 439 2749 Kr.
454 2710 475 2749 a.
490 2715 525 2749 ex
539 2700 562 2761 ξ.
578 2711 612 2750 28.
628 2698 651 2747 I.
666 2699 698 2749 de
712 2706 763 2749 aet.
779 2697 812 2763 (t,
826 2696 849 2763 a)
864 2703 942 2747 totum
959 2698 1031 2745 ilium
1046 2703 1119 2746 eata·

150 2770 236 2835 iopam
245 2769 268 2819 b.
276 2770 299 2832 s.
310 2772 441 2820 actionum
451 2772 547 2835 (multis
558 2777 641 2821 tumen
653 2769 690 2819 tii
699 2770 778 2820 dictis
788 2767 910 2833 amasis),
920 2783 996 2833 quam
1003 2767 1119 2824 aliunde,

151 2839 195 2889 ubi
208 2840 335 2906 apedatur
348 2841 381 2891 de
394 2842 482 2891 striati
501 2842 569 2891 iuris
588 2847 613 2889 et
631 2841 653 2890 d.
666 2842 689 2906 f.
704 2842 835 2891 actionum
852 2839 1018 2902 differentia,
1039 2837 1119 2887 Iusti·

150 2912 257 2961 niarium
270 2914 392 2962 sumsisse
406 2918 515 2971 coastat,
530 2919 555 2961 et
565 2927 617 2976 pro
630 2911 733 2961 Gaiano
742 2912 819 2961 etiarn
832 2917 927 2960 eoutm
939 2909 965 2959 0.
975 2910 1120 2967 uenditare,

150 2983 341 3048 relipioaifuit
355 2991 380 3034 et
394 2985 554 3034 nuncetiam
568 2985 651 3049 mapis
665 2990 711 3032 est,
776 2979 798 3047 ⁴)
813 2980 859 3029 Ea·
878 2976 923 3029 Im
936 2986 962 3029 et
974 2978 1065 3043 Suppi.
1080 2977 1118 3028 St.

146 3069 176 3118 p.
195 3053 337 3105 XXXIII.
362 3054 478 3105 Maxime
492 3069 554 3104 oero
568 3054 617 3104 itae
631 3056 700 3103 valet
710 3056 737 3102 in
748 3053 911 3110 aduersario,
926 3052 971 3115 qui
985 3050 1056 3114 quod
1068 3051 1121 3114 ipsi

150 3124 270 3184 debetur,
284 3140 333 3175 sua
350 3127 453 3176 actione
467 3127 593 3190 persequi
606 3131 707 3189 potest:
725 3139 776 3189 qua
795 3124 898 3172 ratione
915 3120 996 3170 Gaius
1012 3136 1047 3170 ee
1060 3120 1119 3183 ds.

151 3196 298 3246 aedacibus
319 3211 364 3246 eas
380 3197 549 3261 praeposuit,
572 3198 599 3245 in
619 3195 712 3261 quidus
727 3201 752 3244 et
771 3194 922 3245 contrariae
941 3194 982 3241 uei
999 3192 1065 3241 adeo
1079 3192 1121 3240 di·

150 3274 239 3317 reatae
253 3275 322 3326 sunt,
336 3274 362 3317 et
371 3270 398 3317 s'a
413 3270 454 3318 rei
464 3269 576 3318 uxoriae
590 3269 701 3325 actione,
716 3280 781 3331 quae
795 3280 827 3314 rte
841 3264 1004 3315 conueniant
1019 3263 1121 3327 quidem

152 3338 241 3398 dubet,
253 3341 330 3402 linem
341 3339 415 3403 feeit.
481 3336 503 3406 ⁶)
518 3337 582 3388 Item
595 3353 631 3388 eas
645 3336 736 3401 Suppl.
751 3335 787 3387 St.
802 3338 818 3385 i.
835 3352 856 3386 e.
922 3332 944 3401 ⁰)
961 3333 1004 3383 lae
1023 3330 1077 3396 V'i,
1092 3335 1121 3382 ia

150 3425 201 3474 quo
215 3417 299 3460 tamen
309 3425 362 3474 pro
378 3411 458 3460 statim
472 3417 511 3461 est
524 3411 605 3477 itaque
620 3411 667 3459 oia
681 3416 752 3458 reete
766 3410 866 3457 tectum.

224 3514 249 3586 fi.
266 3520 308 3569 62.
331 3519 370 3581 Os.
385 3519 409 3579 §-
425 3528 458 3568 ΞΒ.
478 3516 501 3565 1.
516 3516 548 3566 to.
566 3516 618 3567 Oia.
635 3518 650 3567 i.
666 3532 688 3566 e.
712 3514 911 3578 Top.1t.§.oa.
931 3514 963 3563 de
980 3520 1032 3563 nat.
1048 3512 1123 3561 deor.

150 3599 173 3651 a,
188 3600 223 3639 ao.
242 3590 266 3650 ξ.
281 3600 315 3641 aa.
336 3589 367 3638 L.
383 3599 409 3639 ss
419 3604 463 3651 pr.
483 3588 515 3637 D.
527 3603 579 3651 pra
594 3602 648 3637 soe.
664 3590 713 3651 (na,
728 3583 760 3650 s).

204 3690 302 3722 wem
316 3691 394 3722 asan.
408 3691 460 3722 m.
476 3690 513 3723 an.
528 3691 550 3723 v.
886 3672 919 3720 24
