2542 3909
431 278 499 315 mnu
516 278 612 314 aarum
630 277 700 314 esur.
720 260 752 312 V.
772 264 813 313 26.
1038 258 1101 322 555

147 417 194 463 tur
214 414 262 463 aut
282 409 309 462 in
331 407 446 463 insulam
465 407 613 480 relegatur.
649 402 697 465 10.
722 400 790 474 ¹0ut
812 406 884 462 lalsls
906 408 1104 477 instrumentis,

147 492 226 561 actis,
243 490 379 565 epistolis,
395 492 533 564 rescriptis
547 492 638 549 scieas
653 490 717 547 dolo
733 490 803 547 malo
820 507 885 547 usus
902 490 999 562 luerit,
1017 506 1104 564 poena

148 575 208 631 lalsi
230 583 388 649 coercetur3
410 574 526 649 ideoque
548 574 705 631 humiliores
728 576 756 630 io
778 574 915 631 metallum
932 574 1104 647 damnantur,

147 660 319 715 honestiores
348 660 376 715 in
397 659 512 715 insulam
534 657 724 733 deportantur.
772 655 812 718 11.
842 652 1105 726 ²uuisiorta1sun

147 759 247 799 nomen
262 744 439 816 imposuerit,
456 758 543 816 genus
564 752 727 817 parentesue
742 740 865 813 iunxerit,
889 758 944 815 quo
960 742 1025 814 quid
1041 743 1105 799 alie·

147 842 214 883 num
227 827 422 901 interciperet,
438 821 623 900 possideret‚³
638 843 725 901 poena
740 826 809 900 legis
824 825 964 882 Corneliae
980 825 1014 882 dc
1029 826 1104 882 lalsis

10 947 17 950 v
148 917 300 968 coercetur.
335 907 381 968 te.
403 905 469 977 *our
485 910 635 985 insignibus
652 910 755 967 altioris
772 910 873 967 ordinis
890 917 1019 984 utuntur,
1037 910 1104 965 mili·

11 1032 15 1034 Δ
70 1008 138 1057 [aso]
150 998 269 1067 tiamque
283 992 454 1067 contingunt,
469 1011 524 1068 quo
540 1011 619 1068 quem
635 1001 755 1052 terreant
771 994 814 1049 uel
830 994 1000 1064 concutiant,
1016 993 1104 1049 hunri-

93 1074 97 1081 ’
147 1079 229 1135 liores
252 1080 338 1153 capite
351 1080 516 1153 puniuntur,
538 1079 713 1134 honestiores
732 1079 760 1135 in
779 1077 892 1134 insulam
916 1076 1103 1150 deportantur.

146 1158 193 1221 18.
214 1158 263 1219 ⁶Si
287 1165 335 1236 qul
353 1162 387 1219 de
404 1162 502 1218 iudicis
520 1163 643 1218 amicitiis
668 1162 713 1218 uel
736 1161 917 1218 familiaritate
942 1162 1103 1217 mentientes

147 1254 264 1303 euentus
285 1248 481 1302 sententiarum
498 1248 556 1302 eius
578 1246 715 1315 nendum,
739 1245 839 1318 quidue
861 1244 975 1300 autentu
988 1246 1103 1301 nominis

147 1332 207 1387 elus
223 1337 316 1403 agunt,
332 1332 451 1388 conuicti
465 1345 516 1404 pro
531 1329 612 1385 modo
627 1330 717 1386 delicti
729 1337 775 1386 aut
791 1328 948 1403 relegantur
959 1336 1005 1385 aut
1017 1330 1103 1403 capite

147 1409 324 1488 pauimenti

145 1617 211 1661 TIT.
226 1618 309 1661 XXVI·
342 1619 385 1661 Ao
400 1618 508 1660 nudum
522 1616 634 1659 IVLIAM
647 1618 690 1658 Du
705 1618 738 1661 VI
753 1617 888 1661 eremos
901 1618 942 1660 lau
956 1614 1103 1661 PRIVATA.

212 1719 236 1780 1.
259 1714 350 1797 ⁷lege
369 1720 435 1784 tutia
457 1720 533 1777 deul
555 1720 660 1795 publica
682 1720 840 1796 damnatur,
862 1722 907 1795 qui
923 1720 1012 1797 aliqua
1026 1730 1103 1795 pote·

146 1814 218 1863 state
231 1806 371 1879 praeditus
391 1806 479 1862 ciuem
494 1805 642 1862 llomauum
665 1813 742 1861 autea
763 1805 795 1861 ad
816 1805 962 1878 populum,
984 1821 1057 1862 nunc
1072 1805 1104 1861 ad

147 1892 338 1963 imperatorem
358 1888 539 1963 appellantem
558 1890 662 1945 necarit
683 1890 808 1945 neceriue
830 1890 956 1958 iusserit,
982 1890 1104 1961 torserit,

148 1972 345 2043 nesteronem,
360 1972 600 2041 'condemnauerit
623 1966 705 2027 iuue8
721 1971 826 2045 publica
841 1970 950 2027 uincula
972 1970 1034 2027 duci
1048 1973 1103 2028 ius·

147 2059 223 2113 serit.
261 2056 343 2113 Culus
362 2058 402 2113 rei
425 2070 514 2129 poena
531 2058 560 2113 lu
585 2056 743 2113 humiliores
764 2048 856 2128 ’lasti⁹
876 2056 987 2127 capitis3
1010 2054 1102 2113 ’hone-

222 2276 242 2344 1)
258 2279 296 2342 Cf.
312 2277 344 2327 L.
358 2290 379 2329 s.
401 2276 427 2327 0.
442 2276 466 2329 a.
477 2284 494 2326 t.
506 2276 590 2342 (oms).
609 2276 641 2325 L.
657 2288 676 2329 a.
694 2276 719 2328 o.
735 2275 766 2325 de
779 2276 831 2337 fide
846 2278 920 2325 tastr.
936 2274 968 2341 (a,
978 2273 1023 2340 er).
1039 2274 1071 2325 L.
1081 2288 1102 2327 a.

108 2395 112 2402 .
148 2350 175 2401 0.
190 2352 325 2399 sireasu.
341 2363 428 2398 accus.
443 2346 474 2411 (e,
489 2346 521 2413 o).
541 2347 659 2397 Ambrae.
674 2347 789 2409 deasfic.
804 2358 825 2404 e,
840 2357 860 2396 e.
922 2342 997 2410 ¹)Cf.
1012 2346 1044 2394 L.
1060 2363 1102 2395 aa.

149 2421 176 2470 C.
191 2421 223 2469 de
236 2428 295 2469 mut.
310 2434 376 2470 nom.
391 2417 422 2483 (a,
437 2416 482 2483 25).
501 2418 534 2467 L.
549 2430 575 2469 te
585 2433 628 2481 pr.
648 2418 680 2467 D.
696 2418 720 2467 t.
737 2425 753 2467 t.
779 2416 867 2467 Valer.
883 2416 956 2467 Mau.
968 2428 989 2478 e,
1000 2426 1034 2468 15.
1048 2418 1071 2478 ξ.
1082 2428 1103 2466 u.

148 2488 171 2555 ⁸)
185 2492 348 2553 interceperit,
362 2489 498 2552 possederit
513 2488 575 2538 oda.
590 2487 648 2553 (sed
660 2487 802 2551 uariantes)
812 2488 869 2537 edd.
900 2524 904 2530 .
920 2484 942 2552 ⁴)
957 2486 988 2535 L.
999 2498 1033 2537 et.
1048 2488 1071 2548 §-
1083 2499 1102 2537 a.

148 2561 181 2609 D.
192 2561 216 2609 i.
227 2568 244 2609 t.
260 2561 292 2608 L.
301 2572 323 2611 e.
342 2559 374 2607 D.
385 2560 421 2607 ad
434 2562 482 2621 lep.
492 2558 543 2607 Iul.
557 2561 616 2606 mai.
627 2557 673 2621 (aa,
683 2558 713 2621 4).
735 2557 836 2621 Apulei.
850 2556 941 2607 Floril.
954 2569 974 2607 t.
997 2556 1102 2607 Tertuli.

146 2632 217 2691 apol.
231 2640 251 2679 o.
304 2626 325 2693 ⁶)
341 2628 379 2690 Of.
395 2627 426 2676 L.
442 2640 476 2677 ro.
497 2627 522 2676 0.
538 2627 570 2677 de
583 2642 670 2677 accus.
685 2625 717 2692 (9,
731 2626 762 2693 2).
782 2627 917 2690 Lanaprid.
934 2627 1057 2679 Commod.
1069 2640 1102 2679 14.

151 2698 269 2762 Gordosr.
284 2699 320 2748 ad
333 2698 427 2747 Libau.
441 2712 481 2747 or.
496 2698 555 2746 adv.
569 2698 650 2747 assid.
661 2712 688 2761 p,
704 2708 751 2749 112.
816 2695 837 2763 6)
853 2697 897 2747 Eae
911 2697 959 2747 itoc
973 2700 1011 2748 tit.
1026 2701 1103 2749 etiam

146 2769 241 2818 iarasta
259 2770 381 2818 uideatur
393 2768 426 2817 L.
442 2767 513 2818 Ram.
528 2766 610 2833 Burp.
625 2780 659 2819 se.
674 2768 782 2818 haecce:
802 2764 844 2819 ‘Sa'
861 2782 940 2819 nouos
959 2771 1103 2833 quicunque

146 2842 270 2890 terminos
284 2842 384 2889 occulte
393 2842 524 2902 posuerit,
539 2854 626 2902 poena
636 2840 748 2902 falsarii
761 2844 879 2888 teneatur
892 2840 1031 2889 seeundum
1045 2855 1103 2889 sen-

146 2912 254 2960 tentiam
268 2907 377 2959 Pacato?
1009 2920 1011 2925 ¹

222 2979 271 3029 iit.
289 2979 398 3029 XXVI.
441 2977 778 3046 ⁷)OflL.t.L.1o.§.t.
805 2978 837 3027 D.
853 2978 889 3028 ad
902 2981 950 3043 lep.
966 2978 1016 3028 Iul.
1031 2979 1063 3029 de
1077 2982 1103 3029 ui

142 3050 215 3115 pult.
230 3048 276 3115 (rs,
290 3049 321 3116 a).
340 3050 399 3101 Lia.
414 3062 449 3108 ro,
462 3062 483 3101 s.
501 3050 553 3099 Ota.
569 3049 645 3100 Verr.
660 3060 682 3108 5,
695 3060 729 3101 aa.
744 3060 778 3100 aa.
793 3058 827 3101 as.
842 3060 875 3100 os.
928 3046 949 3115 ⁰)
962 3048 1008 3099 Sic
1017 3052 1101 3112 pteri-

146 3137 194 3185 que
211 3121 273 3170 cad.
284 3122 342 3171 edd.
353 3136 405 3183 pro
419 3136 469 3185 quo
483 3123 511 3170 iu
524 3122 583 3170 edd.
595 3134 615 3172 1.
626 3132 647 3171 2.
662 3119 807 3170 rationibus
820 3119 932 3169 redditis
945 3122 1102 3183 scripseram

145 3190 255 3257 (cum)ue
270 3191 402 3257 (noudum)
416 3191 620 3253 condemnaucrit‚
640 3192 671 3241 in.
700 3188 752 3241 Sed
765 3205 795 3239 re
809 3191 901 3238 iterum
916 3204 1101 3253 perpensare·

146 3265 216 3313 tineo
231 3262 294 3311 Odd.
307 3264 466 3325 scripturam
471 3279 481 3318 ,·
495 3277 553 3311 uam
567 3269 591 3311 et
601 3268 693 3325 postea
707 3261 876 3323 excipiuntur
891 3260 988 3309 iudicati
1003 3268 1028 3310 et
1042 3276 1101 3311 con-

146 3333 334 3383 demnationem
347 3333 499 3396 simpliciter
513 3333 608 3381 dictam
622 3332 795 3382 animadverti
808 3331 844 3380 ad
857 3333 950 3380 multae
964 3332 1102 3381 dictionem

144 3411 273 3467 spectare,
287 3418 353 3468 puae
362 3403 440 3452 iuius
448 3405 500 3453 loci
512 3410 558 3452 est.
583 3402 714 3452 Caeterum
725 3402 776 3452 aid.
786 3403 862 3451 etiam
872 3401 968 3451 Isidor.
982 3400 1025 3451 Or.
1036 3412 1057 3459 5,
1068 3412 1101 3452 se.

146 3476 171 3536 (5.
186 3486 207 3525 e.
222 3474 255 3524 Ιι.
269 3486 290 3525 8.
305 3475 338 3523 1).
353 3474 378 3523 Ιι.
393 3481 410 3522 t.
425 3474 469 3537 (48,
479 3471 512 3537 e).
563 3470 585 3538 ⁹)
599 3471 721 3536 Suppleoi
735 3470 870 3537 (scriptura
880 3480 946 3535 puta
957 3473 1043 3535 fuisse
1057 3472 1102 3519 hu·

147 3546 234 3593 milior.
250 3544 305 3611 est).
334 3545 478 3593 llumiliores
493 3544 605 3608 intellipe
620 3545 797 3606 apparitores,
818 3558 882 3607 quos
897 3546 923 3593 in
937 3542 987 3593 dac
1002 3544 1101 3593 iniuria

146 3615 342 3680 mapistratibus
356 3616 456 3677 impune
470 3613 644 3677 obteatperare
659 3615 794 3679 lepislator
808 3615 896 3664 noluit.
