2542 3909
193 172 256 235 160
628 184 715 222 crrvs.

190 327 241 366 nec
260 310 373 362 omnino
391 305 590 371 dubitandum,
610 305 680 359 Gaio
697 306 824 373 inprimis
843 305 940 359 deberi
958 321 1022 360 eum
1038 307 1144 361 studio·

190 393 252 430 rum
265 374 400 438 ordinem,
413 388 498 441 quem
510 372 681 426 Iustinianus
696 374 786 426 tradit
795 373 957 442 primusque
970 390 1063 427 rursus
1080 389 1144 428 oum

190 439 1144 562 iliisiimistil§intirimtfflidboffaliiiiiiit‘fflriiliiii

189 573 309 636 libellus,
325 524 378 643 iiui
395 591 459 651 cum
475 524 625 643 pubeiiaie
645 575 704 628 eius
720 575 874 641 prodierat,
892 575 1012 628 exeunte
1030 574 1145 630 demum

189 642 290 722 libera·
295 657 356 718 rep.
377 640 468 719 edictp
485 643 623 719 praetoris
641 643 776 706 cesserat,
795 642 881 720 etiam
898 641 1035 720 10011000
1050 644 1145 720 aetate

190 707 1146 853 00001111110111011000010,00111

191 857 270 911 perro
284 842 431 896 Iustiniani
443 858 533 896 novae
552 845 749 910 compositioni
761 843 869 896 cedere.
898 841 944 908 At,
961 860 1062 911 mqurs,
1075 844 1146 898 haee

193 908 288 964 omnia
299 909 384 964 certis
396 910 563 963 testimoniis
574 925 631 963 non
643 910 779 962 nituntur.
809 909 914 972 Audi03
932 909 982 963 sed
994 911 1146 964 maximam

192 992 226 1031 ea
242 976 346 1031 habere
364 976 596 1046 probabilitatem
614 991 671 1030 uon
688 976 770 1030 facile
788 977 913 1045 negabit,
932 977 981 1044 qui
998 977 1073 1045 ipsas
1089 994 1144 1043 res,

192 1060 225 1098 ex
243 1045 346 1112 quibus
364 1045 532 1113 argumenta
549 1044 687 1110 duximus,
705 1045 782 1097 recto
799 1043 904 1097 iudicio
919 1045 1111 1122 perpenderit.

258 1112 317 1164 lam
330 1112 353 1164 si
370 1111 423 1164 hoo
436 1109 500 1164 Gaii
511 1111 665 1179 ingenium,
685 1111 707 1164 si
726 1110 783 1164 tale
801 1111 887 1164 totius
898 1113 974 1164 vitae
985 1111 1145 1165 institutum

192 1179 267 1244 erat,
285 1179 319 1230 ut
336 1179 422 1231 etiam
440 1177 605 1231 discriminis
624 1177 702 1246 origo
720 1193 829 1241 eorum,
849 1178 898 1245 qui
915 1178 958 1231 ius
974 1177 1086 1246 publice
1103 1194 1145 1231 re-

192 1243 765 1378 001111,1011010100
780 1244 1010 1366 iiiniid'r‘ii
1021 1245 1145 1377 ppusse

193 1379 228 1433 de
252 1394 343 1432 exous.
367 1384 414 1444 at,
439 1385 461 1435 1.
486 1378 516 1431 L.
535 1385 557 1434 1.
580 1383 604 1444 §-
623 1384 647 1433 5.
665 1353 700 1432 Di
723 1379 758 1432 de
782 1378 921 1432 0010οο01,
940 1395 1019 1447 cogn.
1037 1385 1083 1445 50,
1104 1382 1146 1445 13)

193 1446 228 1500 ab
247 1461 281 1501 eo
293 1445 469 1514 potissimum
481 1445 639 1512 repetenda
650 1445 787 1510 videatur,
805 1447 872 1512 qnid
884 1447 986 1500 mirum
999 1450 1051 1513 est,
1070 1447 1146 1514 quod

192 1529 284 1582 neque
306 1528 440 1580 responsa
466 1511 559 1565 dando
584 1512 651 1565 iuris
678 1513 775 1566 auctor
799 1512 914 1567 habitus
937 1516 981 1568 est
1002 1529 1092 1581 neque
1116 1514 1199 1573 1000]

213 1581 378 1634 osteriorum
396 1579 475 1633 libris
487 1578 635 1633 laudatus?
662 1579 743 1644 Quod
761 1580 784 1634 is
796 1580 920 1648 quidem,
939 1580 961 1633 ei
973 1580 1090 1634 mortuis
1100 1594 1146 1633 res

192 1599 329 1700 bumanas
352 1645 449 1700 datum
472 1647 545 1700 esset
567 1647 683 1711 sentire,
709 1662 799 1714 aequo
822 1648 914 1700 auimo
936 1648 1047 1715 poterat
1063 1646 1145 1700 ferre.

192 1714 266 1791 Nam
284 1714 462 1833 quotcuntpue
484 1713 553 1791 iuris
576 1716 704 1767 auctores
726 1715 827 1781 postea
848 1714 933 1768 etiam
951 1713 1147 1790 institutiones

193 1782 373 1850 sumpserunt,
384 1796 418 1834 ve
432 1783 464 1833 ut
476 1780 661 1847 Callistratus,
679 1779 843 1847 Martianus,
860 1779 1046 1845 Florentium,
1064 1780 1146 1833 Paul-

194 1848 247 1914 lus,
264 1847 411 1917 Ulpianus,
428 1863 512 1901 nemo
530 1864 626 1901 eorum
645 1847 681 1902 ad
694 1847 864 1902 Gaianarum
881 1848 993 1901 laudem
1011 1847 1148 1915 aspiravit

192 1915 305 1980 locove,
327 1931 411 1984 quem
428 1915 457 1968 in
475 1915 575 1969 scholis
592 1915 789 1982 obtinuerunt,
813 1915 962 1969 deturbare
985 1931 1032 1970 eae
1049 1915 1147 1969 valuit.

192 1986 232 2037 At
254 1983 340 2036 Gaius
361 1983 426 2058 poet
443 1982 552 2059 aliquot
569 1983 681 2036 saecula
698 1983 840 2038 assecutus
858 1983 914 2050 est,
937 1984 971 2037 ut
993 1982 1052 2037 eius
1073 1982 1148 2048 libri,

192 2051 316 2119 primum
327 2049 376 2110 illi,
396 2050 485 2116 quim
504 2049 605 2103 scholis
622 2049 824 2115 tractabantur,
841 2049 987 2104 liominum
1004 2049 1101 2104 favore
1120 2052 1149 2104 et

194 2117 409 2184 consuetudine,
428 2115 530 2170 deinde
549 2116 635 2170 etiam
654 2117 741 2171 ceteri
759 2133 855 2171 omnes
871 2117 934 2186 lege
951 2118 1012 2172 lata
1029 2116 1148 2171 eandem

192 2186 222 2240 in
238 2184 349 2239 iudiciis
367 2185 563 2238 auctoritatem
582 2184 750 2250 obtinerent,
768 2201 840 2252 quae
857 2183 1022 2254 Papiniano,
1039 2185 1149 2254 Paullo,

193 2253 314 2322 Ulpiano
337 2253 394 2304 iarn
417 2252 501 2305 antea
518 2251 711 2320 competierat.
746 2251 821 2306 Nam
844 2250 1059 2306 Valentinianus
1075 2252 1106 2305 L.
1124 2259 1148 2308 3.

193 2318 244 2377 Th.
264 2319 293 2376 U.
311 2318 346 2372 de
364 2334 436 2387 resp.
455 2318 535 2387 prud.
554 2322 590 2385 (1,
607 2320 636 2384 4)
657 2335 719 2372 cum
738 2320 791 2384 ait,
815 2335 845 2373 00
863 2318 1025 2388 Papiniani,
1047 2318 1147 2386 Paulli,

193 2385 266 2450 Gaii,
284 2385 397 2454 Ulpiani
415 2386 498 2504 01Ἓο
516 2384 669 2439 Modestini
686 2385 791 2454 scripta
807 2385 939 2440 universa
956 2386 1077 2448 firmare,
1097 2386 1149 2439 ‘ita

192 2456 226 2507 ut
244 2452 352 2518 Gaium,
370 2468 442 2520 quae
483 2453 590 2507 aullum
608 2454 638 2507 et
654 2452 804 2530 Ulpianum
823 2454 853 2506 01
869 2455 984 2507 cunctos
1001 2454 1150 2508 comitetur

194 2519 344 2574 auctoritas
361 2518 552 2588 lectionesque
571 2537 606 2575 cx
624 2535 700 2573 omni
722 2521 782 2573 eius
800 2535 816 2573 o
838 2536 885 2574 ere
903 2522 1076 2586 recitentur’,
1093 2536 1150 2574 uon
1210 2574 1214 2582 ,

194 2587 311 2641 obscure
330 2585 478 2654 signifieat,
500 2588 640 2656 quaedam
659 2586 723 2641 Gaii
745 2587 818 2656 scrip
873 2589 930 2642 iam
952 2590 1019 2642 tunc
1041 2601 1149 2641 summo

194 2652 286 2708 studio
309 2654 339 2706 et
355 2653 515 2708 indubitata
533 2655 699 2709 auctoritate
721 2655 836 2708 recitari
858 2656 942 2710 solita
964 2671 1036 2720 esse,
1060 2669 1149 2720 eaque

193 2719 1040 2844 110111111111111θέ111111111101111111101
1056 2720 1151 2840 trit

194 2828 382 2910 scholasticat'
400 2856 477 2924 quod
499 2857 583 2910 ctiam
601 2855 720 2910 00110110
738 2856 891 2921 confirmat,
905 2829 1005 2931 paullo
1022 2856 1097 2917 ante,
1116 2855 1151 2908 ut

194 2922 317 2989 videtur,
346 2922 513 2992 composita,
540 2923 619 2976 00100
646 2925 744 2978 auctor
772 2924 848 2976 inter
873 2936 997 2989 quinque
1027 2920 1150 2975 illustres

193 2987 395 3067 iureconsultos
413 2992 500 3046 etiam
518 2989 582 3044 Gaii
599 2991 725 3060 scriptis,
748 2989 798 3044 sed
820 2990 916 3042 tamen
937 2989 1050 3042 tantum
1067 2989 1149 3043 Insti-

147 3076 150 3081 ·
193 3057 348 3111 tutrouibus
366 3057 426 3112 eius
442 3074 508 3111 usus
527 3066 577 3111 est.

261 3123 318 3178 Sed
335 3123 365 3180 iu
385 3123 428 3178 his
445 3125 521 3193 ipsis,
539 3140 609 3193 quas
627 3124 748 3188 edimus,
766 3124 889 3176 010000
906 3121 1003 3192 paullo
1020 3123 1151 3178 immore-

195 3319 208 3353 a
226 3319 284 3353 voce
303 3303 415 3364 magistra
435 3302 535 3352 studiosi
553 3301 702 3364 accipiebant
716 3297 801 3365 (ceteri
815 3299 879 3350 enim
897 3300 1000 3365 quinque
1014 3300 1070 3351 libri
1084 3308 1153 3352 eraut

194 3375 279 3438 prims,
294 3372 407 3435 secunda,
422 3373 491 3422 tertia
505 3387 561 3436 pars
572 3372 652 3433 edicti,
667 3370 1048 3438 0000000010010100101100111).
1076 3373 1152 3422 11001-

195 3446 256 3494 10010
272 3458 352 3494 errore
367 3459 428 3493 nuuc
442 3443 549 3508 plerique
564 3457 605 3492 ser
619 3443 694 3492 libros
704 3442 758 3492 illos
768 3443 902 3506 intelligunt
911 3444 971 3493 duos
981 3442 1021 3510 (ex
1031 3441 1152 3509 quattuor)

196 3515 249 3565 Gaii
263 3514 438 3564 Institutionum
453 3519 600 3577 etquattuor
614 3513 688 3563 libros
703 3513 843 3575 singulares.
