2542 3909
163 175 229 241 590
313 190 422 229 nomm
438 190 547 227 aarum
564 189 661 227 mou.
684 172 756 227 XVI.
772 170 959 227 a.-xvl1.n.

226 318 255 381 3.
276 321 328 390 Qui
342 322 411 377 iutra
426 321 623 394 sexagesimum
639 320 683 376 uei
699 336 766 393 quae
781 322 850 375 intra
866 320 1121 393 quinquagesimum
1135 332 1197 381 [ras]

163 423 263 463 anuum
288 406 377 460 neutri
402 403 461 479 legi
483 406 616 477 paruerit,
644 404 708 461 licet
733 405 800 477 ipsis
829 402 936 477 legibus
963 412 1027 476 post
1052 403 1122 459 hanc

62 496 278 564 liuidaetatem
305 487 435 545 liberatus
457 496 544 557 essm,
571 490 712 561 perpetuis
735 496 824 543 tamen
850 489 946 560 poeuis
967 478 1120 565 ἰοιιεΙιιιιι

164 588 197 629 ex
212 580 323 628 senatus
337 572 464 628 consulto
484 564 677 628 'Persiciano.²
712 569 742 630 4.
767 564 832 627 ³Sed
848 570 993 627 Claudiano
1010 579 1122 627 senatus

164 656 290 713 consulto
315 656 400 712 maior
419 656 595 729 sexagenario
616 656 640 711 si
663 657 793 711 minorem
822 655 1049 728 quinquagenaria
1071 654 1121 710 du·

164 741 250 811 serit,
272 739 384 813 perinde
403 738 509 796 'haberi
527 735 667 811 iubetur‚⁴
688 755 720 795 ac
734 740 758 795 si
772 740 861 795 minor
881 740 1021 811 sexaginta
1037 753 1121 794 anne

164 840 225 880 rum
239 823 363 879 duxisset
383 838 504 880 uxorem.
539 822 652 894 quodsi
667 824 753 878 maior
772 824 999 897 quinquagenaria
1020 823 1121 877 minori

164 908 338 981 sexagenario
358 908 496 979 nupserit,
511 900 590 980 ’(id)⁵
611 908 689 979 inpar
709 908 908 963 matrimonium
929 904 1081 980 appellatur
1095 912 1122 961 et

165 999 275 1047 senatus
294 989 419 1047 consulto
433 982 599 1046 Caiuidano⁶
618 989 727 1045 iubetur
747 1006 801 1047 nou
816 988 949 1066 proficere
964 989 998 1045 ad
1012 991 1122 1064 capien-

164 1074 213 1130 das
227 1074 390 1130 hereditates
410 1081 438 1129 et
456 1074 544 1146 tegata
563 1067 654 1150 ’(uut)
670 1067 785 1131 dotem.⁷
821 1076 912 1148 itaque
932 1081 1040 1130 mortua
1062 1087 1122 1130 mu·

164 1159 230 1215 liere
244 1157 297 1215 dos
310 1158 410 1215 caduca
424 1153 502 1214 erit.⁸
515 1174 534 1214 s
546 1173 596 1214 *a

450 1328 514 1369 '1¹1'1'·
530 1328 607 1371 xvn.
631 1329 674 1370 Da
690 1328 832 1371 GADVGIS.

226 1431 251 1494 1.
274 1428 370 1500 tonsu
386 1432 446 1505 quis
461 1430 512 1485 sibi
531 1437 693 1488 testamento
713 1430 852 1502 relictum,
871 1432 909 1489 ita
924 1438 955 1487 ut
968 1432 1028 1489 iure
1047 1432 1121 1490 ciuili

164 1533 260 1592 capere
275 1517 379 1589 possit,
399 1514 487 1586 aliqua
503 1529 534 1569 ex
550 1531 629 1570 causa
650 1532 705 1571 non
720 1517 838 1589 ceperit,
858 1515 987 1572 caducum
1003 1516 1122 1590 appella·

166 1609 226 1670 tur,
254 1591 388 1654 'ueluti¹⁰
415 1596 545 1654 ceciderit
572 1596 604 1653 ab
626 1614 674 1655 eo:
697 1599 773 1655 uerbi
796 1601 880 1671 gratia
902 1600 925 1655 si
947 1600 1046 1656 caelibi
1074 1600 1122 1655 uei

164 1682 258 1739 Latino
273 1682 383 1737 tuniano
398 1680 517 1753 legatum
533 1680 626 1753 suerit,
646 1698 697 1739 uec
712 1685 782 1739 intra
798 1682 856 1739 dies
871 1691 979 1739 centum
994 1682 1039 1739 uel
1055 1700 1123 1740 oae-

164 1766 222 1825 lebs
237 1767 292 1841 legi
314 1766 453 1838 paruerit,
474 1764 519 1820 uel
532 1764 643 1821 Latinus
664 1768 706 1821 ius
722 1764 864 1832 Quiritium
885 1774 1048 1823 consecutus
1068 1767 1122 1837 sit;

165 1860 211 1908 aut
222 1852 245 1907 si
260 1868 292 1907 sn
307 1856 383 1923 parte
403 1849 482 1904 heres
500 1850 617 1922 scriptus
638 1849 683 1905 uel
703 1849 849 1923 legatarius
870 1858 931 1905 ante
951 1858 1060 1924 apertas
1080 1859 1121 1906 ta-

164 1934 240 1991 buius
256 1934 403 1991 decesserit
419 1931 462 1988 uel
476 1925 673 2006 ’freregrinus¹¹
689 1933 777 1989 iactus
794 1934 838 1991 sit.
850 1949 868 1991 e
878 1949 896 1991 u
906 1926 952 1991 *¹²
987 1933 1018 1992 2.
1035 1932 1124 1991 Hodie

164 2059 376 2069 -.----

164 2123 285 2172 haeserat
298 2122 356 2169 roei
369 2118 470 2183 famosa)
489 2120 547 2169 Vat.
562 2120 620 2169 edd.
648 2117 702 2169 Sed
714 2120 765 2171 aid.
781 2121 818 2168 tit.
834 2130 868 2169 tt.
882 2126 908 2169 et
922 2118 977 2168 FlI.
987 2135 1016 2182 p.
1031 2130 1079 2171 875.

168 2190 188 2257 ¹)
202 2192 322 2241 tenebitur
340 2190 398 2238 Vnt.
410 2190 468 2239 edd,
515 2187 536 2255 ἵ)
550 2189 705 2239 Emendaoit
715 2189 878 2249 Perizonius,
893 2191 998 2239 uisite
1011 2189 1124 2241 Persico

165 2278 216 2313 cos.
232 2278 256 2311 a.
271 2273 305 2312 st.
324 2260 462 2323 perniciano
487 2260 545 2309 Vat.
565 2261 622 2309 edd.
653 2260 768 2309 Ceterum
786 2260 820 2322 cf.
840 2258 871 2307 L.
891 2270 925 2309 et.
951 2259 977 2308 0.
996 2260 1029 2308 de
1046 2269 1121 2324 nupt.

165 2331 237 2398 (mi).
285 2327 307 2395 ⁰)
325 2330 409 2379 Norae
423 2332 451 2391 §i
463 2332 572 2394 sianum,
587 2330 657 2394 quod
665 2330 778 2379 editores
787 2336 934 2393 posuerunt
943 2336 1004 2392 post
1013 2328 1124 2380 duxisset

166 2415 274 2458 uxorem,
288 2416 340 2450 non
353 2400 584 2449 animadvertentes
597 2402 710 2458 scilieet,
732 2406 791 2449 ante
805 2401 891 2448 omnia
904 2406 975 2449 uetus
990 2407 1015 2449 et
1028 2415 1123 2451 nouum

165 2474 207 2521 ius
220 2470 253 2519 ab
266 2470 376 2532 Ulpiano
390 2471 514 2527 discerni,
528 2471 578 2520 iae
592 2471 722 2520 transtuli.
742 2470 781 2518 De
790 2484 820 2519 re
830 2470 864 2532 cf.
872 2467 976 2519 Sueten.
987 2470 1076 2520 Ciaud.
1085 2482 1121 2522 as.

166 2538 188 2606 ⁴)
202 2540 328 2589 habebitur
347 2539 404 2587 Vnt.
419 2539 477 2588 edd.
542 2537 737 2605 ³)Geminando
751 2541 861 2589 restitui.
889 2540 928 2589 De
942 2555 973 2589 re
987 2541 1022 2603 cf.
1038 2540 1069 2589 L.
1085 2552 1120 2592 18.

167 2611 193 2661 O.
208 2612 240 2660 de
254 2610 324 2674 teuit.
339 2609 393 2658 iter.
409 2608 494 2674 (moe).
547 2606 568 2675 ⁶)
585 2610 836 2660 CorrexitPerizon.
852 2611 978 2659 caluitiano
993 2610 1074 2673 (atro,
1085 2624 1120 2663 rt.

164 2678 300 2746 pseuduno)
320 2678 378 2728 Vat.
393 2680 451 2728 edd.
517 2676 537 2744 7)
553 2680 620 2729 dotes
640 2681 699 2730 Vnt.
715 2679 759 2746 (et)
774 2680 842 2729 dotes
857 2682 896 2729 ed.
911 2680 959 2745 139.
986 2681 1045 2730 Vnt.
1062 2681 1120 2731 etl.

161 2768 189 2815 p.
200 2761 247 2803 tto.
300 2746 320 2812 ⁸)
339 2748 418 2809 Quam
432 2751 530 2813 alioqui
543 2752 634 2801 mortis
647 2766 727 2801 causa
738 2759 816 2814 pater
831 2753 870 2800 uel
884 2752 925 2800 uir
935 2750 1068 2814 capiebatr
1084 2752 1120 2815 cf.

164 2837 246 2886 cupra
260 2832 281 2883 o,
296 2833 316 2872 4.
342 2821 434 2884 Itaque
447 2836 516 2870 nunc
529 2836 564 2870 ea·
578 2828 725 2871 testamento
740 2823 776 2870 ad
784 2828 885 2883 patres,
900 2829 1011 2871 ceteram
1025 2822 1061 2871 ad
1070 2836 1121 2885 po-

161 2896 252 2957 putum
261 2890 417 2955 pertinebat.
477 2888 498 2954 ⁹)
514 2892 552 2954 Of.
567 2893 641 2955 infra
655 2902 689 2952 es,
704 2904 723 2943 n.
740 2903 773 2950 m,
788 2904 821 2942 rr.
836 2902 870 2950 ee,
885 2902 905 2941 e.
920 2903 940 2943 o.
963 2890 1020 2942 dai.
1035 2905 1057 2951 s,
1071 2904 1119 2944 111.

165 2975 213 3015 144.
227 2974 273 3015 ret.
296 2962 339 3011 Fr.
354 2962 386 3012 de
396 2963 413 3011 i.
425 2964 485 3025 fisci
498 2974 519 3013 s.
534 2962 566 3011 L.
578 2979 619 3011 nn.
635 2964 658 3024 9.
670 2973 690 3013 o.
707 2962 733 3011 0.
748 2962 779 3011 de
794 2962 885 3011 saduc.
896 2961 927 3027 (o,
937 2958 982 3026 51).
1033 2959 1066 3029 ¹⁰)
1077 2962 1120 3013 An

164 3034 230 3084 ueiut
244 3049 267 3097 q.
282 3033 384 3097 (quodii
450 3029 483 3098 ¹¹)
497 3047 598 3095 pereger
611 3032 723 3098 (facturn
733 3038 800 3095 putu
813 3048 848 3081 es
861 3040 922 3083 nota
936 3031 1040 3098 paragr.)
1061 3032 1119 3082 Vat.

165 3105 204 3154 ed.
215 3104 263 3169 By.
315 3100 348 3167 ¹²)
364 3103 422 3153 Non
433 3110 518 3165 potest
531 3103 656 3166 Ulpianus
670 3118 720 3153 non
735 3104 843 3165 dimisse,
858 3102 921 3167 quid
934 3106 977 3152 tes
988 3103 1073 3166 Papia
1088 3104 1122 3153 de

166 3175 273 3225 caducis
291 3175 399 3224 canerit.
433 3173 468 3222 Et
486 3174 529 3223 iric
547 3180 645 3223 tantam
666 3173 796 3224 excidisse
817 3165 1029 3241 ὃμοιοτέλευτον
1045 3181 1120 3237 puto,

166 3246 233 3294 uelut
246 3244 339 3293 hoece:
354 3240 472 3293 ‘Caduca
486 3246 544 3293 iure
558 3246 665 3308 antiquo
680 3245 780 3308 quidem
794 3246 830 3293 ad
842 3245 981 3295 coheredes
994 3246 1033 3293 uel
1043 3246 1121 3294 cotte-

163 3315 284 3378 natarios
300 3313 465 3376 pertinebant
483 3315 541 3362 iure
559 3316 739 3372 acmeseendi,
762 3317 910 3380 anticanis
930 3317 958 3363 in
977 3314 1123 3364 hereditate

166 3382 338 3433 remanebant.
374 3382 419 3432 Ea·
439 3385 494 3446 lene
515 3384 600 3445 Papia
620 3392 705 3433 autem
727 3386 856 3434 translata
876 3392 936 3433 sunt
956 3384 992 3433 ad
1012 3384 1123 3433 heredes

163 3459 255 3515 patres
268 3454 308 3501 aet
322 3454 463 3517 teyatarios
477 3459 569 3515 patres
587 3461 658 3502 certo
677 3453 769 3503 ordine
787 3456 814 3502 in
833 3455 941 3504 caducis
955 3454 1123 3503 vindicandis

167 3522 317 3579 constituto,
332 3529 361 3570 ut
372 3524 397 3570 si
409 3522 484 3570 heres
498 3524 537 3570 uel
551 3524 695 3586 legatarius
708 3530 787 3586 pater
802 3538 853 3575 non
867 3530 932 3573 esset
945 3526 984 3572 vel
998 3538 1048 3573 non
1064 3524 1122 3573 uin·
