2542 3909
560 190 647 227 euve
1022 173 1086 237 159

127 315 201 367 haec
218 312 381 367 rudimenta
397 328 431 366 eo
450 312 566 365 consilio
583 312 746 379 scripsisse‚¹
764 313 797 367 01
814 312 1087 369 ε10010110011100100

149 378 245 435 ublice
268 379 440 434 docentium’
464 377 547 445 (Geli,
571 385 615 443 13,
641 383 683 443 13)
707 380 742 433 ab
765 379 799 433 iis
859 379 926 445 tius,
949 397 1034 450 quam
1056 384 1088 435 01

183 450 268 501 10000
287 447 462 511 factitatum,
489 447 524 499 ab
548 445 632 500 edicti
659 446 751 514 prima
771 395 857 515 paris?
874 447 942 501 iuris
964 448 1088 503 studium

130 515 335 592 auspicaretur,
352 514 428 581 quod
445 513 552 583 pariter
570 513 597 567 ei
607 513 736 591 ineptum
749 514 839 569 videri
851 515 1087 593 tenebaturque

129 580 391 645 subsequeretur,
415 580 524 647 siquis
547 578 582 635 ab
605 580 704 635 ordine
727 581 850 649 quodem
872 582 1017 637 iudiciarro
1042 598 1087 639 ex·

151 647 263 703 licando
281 650 348 701 ante
365 646 559 703 Institutiones
580 646 630 711 vel
644 646 800 703 Pandectas
822 664 888 703 acce
909 651 954 703 tas
974 648 1087 705 initium

129 666 224 770 facere
237 714 333 769 vellet.
364 714 454 780 Atqui
470 712 645 791 iamdudum
658 730 692 768 ex
705 731 813 792 rerum,¹
824 716 853 769 ni
865 666 956 783 failor,
974 719 1039 771 actu
1052 718 1087 771 ab

129 784 259 853 Augusto
277 782 307 836 in
319 797 428 837 menses
439 783 561 836 aestivos
573 784 603 835 01
613 781 746 838 hibernos
758 782 847 835 diviso
860 782 947 848 (Suet.
960 784 1032 853 Aug.
1046 790 1087 838 ³2.

131 849 229 905 Claud.
251 852 317 916 11),
341 850 390 917 qui
417 849 504 903 etiam
529 848 648 903 consilia
668 849 870 917 imperatorum
892 850 992 914 (Dione
1015 852 1087 905 iuste

130 922 172 981 53,
191 923 232 972 21.
251 921 293 981 16,
310 920 352 969 ts.
370 922 412 981 60,
430 917 458 982 4)
476 916 506 969 01
522 915 694 970 rescribendi
712 932 782 985 opus
798 917 944 971 semestris
960 917 1041 983 fecit,
1060 919 1090 973 01

131 1000 167 1037 ex
182 982 322 1039 Labeonis
338 984 405 1037 0010
429 982 558 1059 exemplo
579 982 620 1047 (L.
640 989 664 1041 2.
682 990 705 1047 §.
724 988 765 1041 41.
784 982 816 1037 1).
836 984 871 1037 de
889 998 928 1037 or.
946 984 999 1039 inr.
1019 990 1042 1050 1,
1061 987 1088 1051 2)

129 1051 160 1103 in
177 1068 259 1105 usum
276 1054 403 1113 venerat,
421 1053 454 1103 ut
471 1050 540 1103 inus
570 1066 664 1126 noque
676 1050 800 1103 studium
811 1064 863 1118 per
875 1066 982 1104 annuos
995 1067 1089 1104 cursus

129 1117 204 1173 binis
222 1133 336 1195 quoqne
353 1133 434 1194 anno·
445 1116 540 1196 pensis
551 1067 704 1171 ί1101100100
715 1116 922 1195 absolveretur..
945 1117 985 1171 Ut
1001 1118 1089 1239 iqitnr

130 1201 150 1238 a
164 1185 280 1239 traditis
296 1200 381 1253 quam
398 1200 513 1239 minime
531 1183 705 1248 deflecteret,
724 1200 787 1237 eum
800 1184 1010 1239 Institutionum

130 1253 244 1321 integro
261 1267 334 1308 anno
351 1267 408 1305 non
426 1252 601 1317 sufficerent,
645 1250 841 1305 rudentissime
859 1250 945 1307 Gaius
966 1252 1090 1307 institnit

79 1329 120 1378 [⁹³³
131 1319 392 1441 “tuirstatt
398 1317 592 1439 11011111
614 1318 672 1438 tit
692 1319 1089 1441 ttttttltttffiituutl:

130 1404 272 1517 ficeretur,
291 1452 372 1520 isque
388 1454 493 1520 partim
505 1402 732 1529 Instititionipua
749 1453 853 1520 partim
865 1404 997 1521 quaituor
1008 1403 1089 1530 fibris

130 1519 323 1590 singularibus
340 1523 532 1589 occuparetur.
567 1518 623 1573 Sed
642 1522 694 1573 eber
711 1520 831 1588 placeat,
849 1520 923 1587 quod
940 1520 1036 1573 multis
1054 1536 1089 1574 ex

130 1588 221 1642 causis
239 1587 389 1641 verisimile
407 1588 462 1652 eet,
486 1586 543 1640 iam
565 1588 633 1640 tnnc
656 1587 722 1641 ante
746 1587 869 1641 edictum
891 1587 1030 1656 praetoris
1045 1588 1089 1641 ius

131 1655 214 1709 civile
233 1670 268 1707 ex
285 1653 364 1707 libris
382 1654 497 1709 Masurii
515 1654 612 1708 Sabini
629 1654 759 1707 semestri
777 1671 856 1709 cursu
868 1654 1004 1709 traditum
1018 1670 1087 1717 esse,

129 1722 173 1777 iia
194 1736 307 1790 quoque
330 1721 417 1774 Gaius
442 1721 487 1775 his
506 1721 650 1775 incondite
676 1721 788 1789 scriptis
813 1720 890 1775 libris
916 1738 979 1776 suas
1005 1720 1090 1776 vicini

132 1788 293 1859 argumenti
314 1788 507 1842 institutiones
534 1788 873 1857 011110010100011000,2
899 1788 1000 1843 dehinc
1023 1790 1089 1843 anni

131 1872 212 1924 0000,
230 1856 426 1923 subrogando³
438 1856 543 1923 optime
556 1855 592 1909 de
604 1856 704 1909 studiis
721 1856 791 1909 iuris
807 1854 897 1911 civilis
908 1856 1025 1911 meritus
1038 1856 1090 1920 001,

1035 1183 1088 1239 ibri

205 2030 226 2098 ¹)
240 2032 289 2082 Nec
303 2033 412 2096 improbo
426 2033 472 2084 boe
486 2034 519 2082 ita
534 2039 666 2096 acceptum,
681 2039 707 2081 ut
721 2038 846 2095 antequam
860 2032 1023 2083 institutiones
1033 2046 1089 2081 0000

131 2104 157 2153 in
171 2104 291 2167 publicum
306 2104 395 2165 ederet,
411 2118 438 2151 ea
452 2104 504 2167 ipsa
519 2104 575 2166 iere,
591 2118 650 2166 quae
661 2103 798 2165 scripserat,
813 2103 864 2152 vira
874 2118 931 2152 voce
941 2103 1089 2153 auditoribus

132 2175 249 2237 traderet,
269 2188 339 2237 quam
358 2174 501 2223 sententiam
519 2174 626 2238 pluribus
647 2180 772 2221 exsecutus
792 2172 1009 2234 0011111000ὴο0ος
1028 2173 1088 2221 libro

135 2242 184 2294 ‘die
199 2244 366 2294 institutionen
381 2245 424 2293 des
438 2245 511 2293 Gaius
526 2245 564 2293 ein
581 2240 760 2305 Collegienheit'
777 2254 836 2295 1869.
857 2258 879 2307 0.
895 2254 922 2294 ts
936 2258 996 2306 seq,
1017 2242 1088 2291 modo

132 2330 162 2365 ne
177 2330 206 2363 ex
220 2315 444 2364 commentariorum
459 2316 563 2375 nomine,
577 2330 624 2379 quo
635 2314 708 2363 Gaius
722 2314 767 2361 lios
776 2321 802 2362 ut
811 2314 871 2363 alios
881 2313 955 2363 libros
966 2314 1037 2363 etiem
1047 2327 1087 2362 ore

133 2400 252 2449 nunquam
261 2386 369 2448 traditos,
377 2386 484 2435 modeste
494 2386 629 2451 appellarit,
640 2391 802 2446 argumentum
812 2384 864 2434 eius
874 2384 1005 2435 sententiae
1016 2384 1089 2433 ducas

132 2471 210 2521 neque
224 2458 268 2506 bac
282 2456 335 2519 ipsa
348 2457 433 2517 iorma,
447 2470 518 2521 quem
533 2464 649 2516 tenemus,
671 2469 698 2503 ex
713 2455 846 2505 auditorum
861 2455 957 2505 schedis
971 2455 994 2503 in
1010 2453 1089 2517 publi·

133 2542 187 2576 rum
202 2541 244 2575 eos
257 2527 377 2589 prodiisse
391 2527 504 2590 opineris.
528 2527 665 2589 Quanquam
680 2526 751 2575 etiam
766 2526 811 2575 alia
825 2526 937 2589 pleraque
953 2540 981 2575 eo
994 2526 1015 2575 ln
1027 2524 1088 2575 libro

133 2605 239 2647 ceterum
253 2597 427 2658 elegantissime
449 2597 539 2659 scripto
554 2598 647 2659 insunt,
661 2610 721 2659 quae
736 2611 781 2645 non
796 2598 878 2660 probo.
931 2592 1089 2661 Ι)10001000

132 2675 214 2717 uotum
229 2675 274 2727 est,
289 2668 312 2716 in
327 2667 394 2716 libris
409 2667 438 2716 ad
454 2668 566 2717 Sabinum
577 2668 688 2717 materias
703 2668 731 2717 de
742 2668 899 2727 testamentis,
915 2666 943 2715 de
954 2667 1038 2728 legatis
1048 2667 1088 2730 (10

132 2752 212 2787 rerum
227 2737 423 2800 acquisitionibus
438 2745 462 2787 01
476 2738 505 2786 10
519 2734 705 2803 contractibus),
725 2738 754 2787 10
774 2738 827 2787 1010
846 2738 913 2785 etde
928 2738 1008 2787 tutelis
1022 2738 1088 2801 prin·

133 2809 211 2871 cipeur
224 2808 303 2857 locum
317 2808 456 2857 obtinuisse.
485 2807 533 2857 lum
552 2823 605 2858 cum
622 2823 662 2870 ea,
682 2823 741 2871 quse
756 2809 780 2856 in
795 2808 884 2857 scholis
899 2808 1020 2870 leguntur,
1035 2822 1088 2857 raro

133 2879 225 2927 absolvi
237 2879 338 2940 0010001,
352 2879 424 2927 etiam
438 2879 480 2927 bas
495 2880 606 2927 materias
621 2879 692 2941 00100,
707 2878 818 2942 quamdiu
833 2892 860 2927 ex
871 2879 959 2929 Sabino
973 2880 1010 2928 ins
1021 2879 1089 2928 civile

133 2949 278 3011 traderetur,
297 2956 411 2998 tractatas
429 2964 483 2998 esse
502 2964 602 3013 pronum
616 2950 646 2998 ad
661 2949 841 2998 existimandum
856 2956 900 2999 est.
929 2949 996 3006 Quod
1011 2950 1031 2998 si
1045 2963 1088 3013 00-

132 3021 219 3081 nimus,
234 3034 294 3069 nora
309 3020 410 3069 docendi
424 3020 486 3069 ratio
500 3035 514 3069 a
529 3020 587 3069 Gaio
602 3021 709 3069 institute
724 3034 793 3083 quarn
812 3020 909 3069 minime
924 3036 936 3068 a
951 3028 1031 3070 vetere
1047 3020 1089 3067 de-

131 3092 204 3152 flexit,
220 3091 341 3154 magisque
356 3092 380 3140 ei
393 3091 484 3140 addidit
497 3098 596 3152 tantum,
611 3091 773 3139 institutiones
789 3104 844 3139 suas
859 3092 926 3154 quasi
940 3089 1088 3155 προοίμιον

132 3161 220 3211 Sabino
235 3162 308 3226 (0000
323 3162 365 3209 1111
379 3162 446 3211 libris
456 3159 624 3224 singularibus)
633 3162 775 3224 0000110000,
786 3176 855 3225 qnam
866 3161 974 3209 detraxit.
1014 3157 1088 3225 3)1’0-
1111 3154 1114 3159 ’

131 3232 228 3293 stigium
243 3233 294 3281 0100
303 3232 345 3280 'rei
363 3233 387 3281 in
402 3246 430 3280 eo
445 3246 590 3294 cognoscere
604 3233 664 3280 mihi
674 3232 764 3293 videor,
779 3232 841 3295 quod
852 3239 943 3295 postea,
958 3232 1087 3280 iustiniano

131 3302 247 3353 inconst.
275 3302 375 3352 Omnem
388 3302 448 3366 reip.
463 3305 487 3364 §-
502 3316 522 3353 ι.
537 3309 613 3364 10010,
629 3302 680 3351 Gaii
692 3302 853 3353 institutiones
873 3310 896 3350 et
910 3310 1020 3365 quattuor
1033 3302 1089 3350 libri

131 3374 264 3437 singulares
281 3370 544 3435 ‘connumerabantur'‚
565 3373 589 3421 id
604 3380 641 3422 est
655 3387 697 3436 pro
712 3389 758 3423 uno
774 3374 833 3423 libro
848 3388 867 3421 s.
883 3374 1001 3422 volumine
1015 3372 1088 3421 habe-

130 3444 217 3494 bantur
235 3444 316 3510 (sicuti
337 3444 417 3493 Sabini
435 3460 497 3508 opus
514 3442 602 3508 iuerat)
621 3445 715 3503 seilicet
733 3459 760 3493 ex
780 3458 821 3493 sex
839 3444 899 3505 illis,
918 3459 977 3507 quos
997 3451 1046 3493 tunr
1061 3457 1088 3491 ex

130 3516 241 3565 universa
261 3515 459 3578 iurisprudcntia‚
480 3512 556 3579 ‘quae
575 3516 598 3563 in
617 3515 733 3564 librorum
753 3516 798 3565 duo
814 3514 878 3565 milia
893 3510 1088 3575 extendebatur'‚
