2542 3909
171 217 212 275 66
274 208 277 215 ’
428 280 431 289 y
511 227 538 263 u.
558 226 668 263 usumve
687 227 790 265 e1caauo.

233 352 274 407 M.
297 352 384 407 lstumv
396 353 493 424 ipsum,
509 352 607 412 Attice.

232 436 267 490 Α.
290 433 331 490 Τυ
346 451 411 490 uero
427 450 488 491 eum
503 451 555 492 neo
568 437 647 492 nimis
663 436 741 493 ualde
756 453 883 511 umquam
897 454 950 495 nec
963 440 1042 494 nimis
1053 454 1134 514 saepe

170 518 338 587 laudaueris;
359 534 419 575 uam
442 519 494 575 laoc
513 519 578 575 mihi
599 522 680 575 etiam
700 522 789 577 nostri
803 520 853 592 illi,
868 523 916 594 qui
930 522 1066 579 neminem
1080 525 1134 579 nisi

169 618 249 658 suum
264 600 367 658 laudari
381 602 490 673 uolunt,
505 603 669 679 concedunt,
681 613 711 660 ut
723 620 785 661 eum
795 604 930 661 arbitratu
941 622 1001 661 meo
1013 605 1135 679 diligam

229 684 271 742 M.
293 686 363 741 Beue
381 686 474 744 hercle
494 687 603 745 iaciunt.
642 688 708 762 quid
730 689 801 745 enim
822 697 864 745 est
885 689 1019 762 elegantia
1033 696 1081 745 tua
1095 691 1136 746 di·

170 768 269 843 gaius?
292 771 367 827 cuius
390 779 418 826 et
438 772 496 827 uita
518 778 546 827 et
561 773 649 827 oratio
663 782 810 829 consecuta
825 773 890 827 mihi
905 773 1014 829 uidetur
1028 772 1136 829 diffieil-

168 854 259 909 limam
273 853 346 908 illam
361 856 517 911 societatem
533 856 672 928 gravitatis
688 872 750 912 cum
765 856 940 913 humanitate.

231 938 267 993 A.
289 936 359 993 Sane
381 939 496 1012 gaudeo,
520 938 593 1011 quod
617 948 645 995 te
665 939 847 1013 interpellani,
870 940 999 1013 quoniam
1023 940 1136 1014 quidem

169 1029 224 1076 tam
238 1021 404 1095 praeclarum
415 1022 481 1078 mihi
493 1022 591 1079 dedisti
602 1022 747 1081 iudiciitui
758 1024 959 1094 testimonium
976 1022 1025 1081 sed
1036 1040 1136 1100 perge,

169 1113 201 1162 ut
216 1121 354 1179 coeperas.

232 1185 260 1246 2.
282 1187 323 1243 M.
347 1186 499 1244 Laudemus
514 1190 600 1263 igitur
614 1190 690 1263 prius
706 1184 927 1264 (ηιιιριέίνιιίιιε)Ι
943 1190 1033 1265 legem
1047 1192 1137 1266 ipsam

168 1273 242 1328 ueris
258 1278 286 1329 et
300 1273 420 1345 propriis
437 1273 546 1345 generis
562 1275 604 1329 sui
620 1273 754 1332 laudibus.
805 1322 812 1336 .

231 1354 267 1411 Α.
289 1354 357 1411 Sane
373 1355 491 1428 quidem,
508 1358 580 1415 siout
594 1357 628 1413 de
643 1358 807 1430 religionum
822 1358 884 1432 lege
900 1357 998 1415 fecisti.

230 1439 272 1496 M.
295 1439 397 1495 Videtis
419 1441 515 1513 igitur,
538 1444 715 1515 magistratus
737 1442 808 1499 hane
822 1458 883 1498 esse
897 1443 962 1513 uim,
985 1450 1017 1499 ut
1031 1446 1136 1517 praesit

166 1522 388 1598 praescribatque
410 1531 483 1580 recta
506 1532 533 1581 et
556 1526 632 1581 utilia
655 1533 683 1583 et
705 1527 850 1583 coniuncta
871 1542 933 1583 cum
955 1525 1077 1600 legibus:
1101 1535 1136 1585 nt
1245 1530 1247 1549 ¹

167 1610 238 1664 enim
261 1607 461 1679 magistratibus
483 1608 575 1682 leges,
605 1610 643 1664 ita
668 1609 771 1684 populo
794 1617 924 1683 praesunt
945 1612 1133 1684 magistratus,

168 1707 286 1763 uereque
301 1689 353 1747 dici
366 1700 467 1766 potest,
483 1695 673 1766 magistratum
685 1694 774 1767 legem
786 1710 847 1751 esse
856 1694 1026 1768 loquentem,
1038 1694 1131 1769 legem

166 1783 255 1832 autem
275 1783 380 1831 mutum
395 1777 591 1849 magistratum.
625 1772 654 1833 8.
677 1778 745 1833 nihil
760 1794 844 1851 porro
859 1786 915 1835 tarn
929 1787 1023 1853 aptum
1037 1786 1080 1835 est
1095 1779 1131 1835 ad

165 1862 207 1916 ius
228 1858 468 1933 condicionemque
482 1869 610 1932 naturae,
626 1860 699 1933 quod
715 1878 776 1917 cum
790 1861 870 1932 dico,
885 1861 976 1937 legem
989 1880 1005 1919 a
1019 1878 1062 1918 me
1077 1862 1132 1919 dici

165 1943 289 2017 intellegi
304 1943 384 2015 uolo,
407 1961 487 2018 quam
502 1946 661 2018 imperium,
684 1946 743 2001 sine
758 1961 813 2017 quo
831 1962 883 2002 nec
896 1946 994 2003 domus
1008 1946 1065 2003 ulla
1079 1962 1132 2003 nec

165 2028 261 2083 ciuitas
281 2043 332 2083 nec
351 2044 419 2101 gens
439 2045 490 2085 uec
504 2028 643 2085 hominum
659 2030 815 2085 uniuersum
831 2046 920 2103 genus
935 2038 1007 2086 stare
1021 2046 1074 2087 nee
1087 2046 1132 2087 re·

164 2127 225 2167 rum
245 2119 341 2167 natura
362 2114 449 2168 omnis
469 2128 520 2168 nec
538 2113 597 2185 ipse
618 2112 736 2170 mundus
757 2119 865 2186 potest3
886 2129 948 2169 nam
968 2122 997 2170 et
1020 2114 1064 2170 hic
1078 2113 1131 2171 deo

164 2201 241 2268 paret
253 2203 281 2252 et
296 2196 360 2253 huic
375 2195 523 2252 oboediunt
534 2196 614 2253 maria
626 2204 769 2271 terraeque
780 2203 808 2252 et
822 2198 962 2254 hominum
977 2198 1034 2253 uita
1047 2198 1131 2256 iussis

164 2296 305 2353 supremae
325 2280 394 2353 legis
409 2279 587 2353 obtemperat.
624 2280 656 2336 ll.
677 2277 709 2339 4.
726 2282 815 2355 Atque
830 2289 861 2337 ut
875 2281 908 2337 ad
923 2281 990 2339 haee
1005 2282 1132 2339 citeriora

164 2366 271 2421 ueniam
286 2371 315 2419 et
329 2363 438 2419 notiora
452 2362 543 2434 nobis,
559 2379 653 2419 ornnes
669 2366 794 2439 autiquae
806 2372 904 2438 gentes
914 2364 1024 2439 regibus
1041 2380 1132 2436 quon·

164 2446 225 2504 dam
240 2454 404 2519 paruerunt:
421 2447 492 2517 quod
510 2462 597 2519 genus
613 2449 719 2519 imperii
730 2450 846 2520 primum
858 2449 891 2503 ad
903 2449 1025 2504 homines
1037 2447 1132 2504 iustis·

166 2532 251 2586 simos
273 2537 301 2585 et
323 2530 535 2603 sapientissimos
558 2529 741 2606 deferebatur,
763 2530 790 2586 id
812 2524 901 2602 quod²
922 2532 950 2586 in
972 2529 1132 2605 republica

164 2621 258 2670 nostra
273 2614 386 2669 marimo
403 2613 496 2683 ualuit,
509 2613 597 2687 quoad
608 2614 633 2670 ei
645 2613 745 2688 regalis
754 2622 877 2687 potestas
887 2613 1018 2688 praefuit,
1033 2613 1132 2673 deinde

165 2700 246 2755 etiam
267 2697 395 2771 deinceps
410 2699 529 2771 posteris
542 2696 723 2772 prodebatur,
745 2697 818 2771 quod
833 2706 861 2753 et
875 2699 903 2753 in
918 2698 952 2753 iis
967 2699 1060 2770 etiam,
1082 2700 1130 2771 qui

165 2799 238 2838 nunc
251 2774 426 2854 regnantur,3
442 2790 545 2846 manet;
561 2780 661 2855 quibus
676 2787 766 2837 autem
781 2783 856 2855 regia
870 2788 995 2856 potestas
1004 2799 1061 2840 nou
1072 2781 1130 2855 pla·

167 2867 232 2937 cuit,
249 2882 305 2921 non
320 2866 338 2921 il
353 2867 464 2938 nemini,
479 2866 526 2921 sed
537 2882 593 2922 non
604 2881 712 2939 semper
722 2866 770 2921 uui
780 2881 876 2939 parere
889 2865 1048 2927 uoluerunt.
1077 2880 1131 2922 nos

165 2958 267 3022 autem,
279 2951 406 3023 quoniam
416 2951 493 3025 leges
505 2950 598 3007 damus
609 2949 701 3006 liberis
712 2949 831 3023 populis,
848 2966 972 3024 quaeque
982 2950 1017 3006 de
1028 2950 1131 3023 optima

155 3051 196 3101 ,re
210 3033 317 3107 publiea
332 3036 505 3105 sentiremus,
524 3035 552 3089 in
568 3050 614 3090 sex
626 3032 704 3089 libris
720 3040 783 3088 ante
799 3033 931 3105 diximus,
944 3032 1131 3091 accommoda·

166 3117 255 3175 bimus
278 3118 331 3174 hoc
351 3126 474 3193 tempore
489 3118 565 3192 leges
579 3118 611 3173 ad
625 3115 715 3188 illum,
738 3132 818 3190 quem
838 3116 995 3191 probamus,
1011 3118 1132 3174 ciuitatis

166 3210 276 3259 statum.
305 3198 333 3260 o.
356 3201 558 3278 magistratibus
581 3202 666 3275 igitur
688 3217 757 3275 opus
779 3209 832 3273 est,
853 3203 911 3257 sine
931 3217 1049 3275 quorum
1063 3217 1131 3274 pru·

166 3287 258 3345 dentia
279 3304 310 3345 ac
326 3286 466 3362 diligentia
488 3302 549 3343 esse
568 3286 665 3353 citaitas
687 3301 744 3343 non
765 3291 867 3359 potest,
890 3296 1062 3358 quorumque
1084 3284 1132 3340 de·

168 3417 369 3429 -ι--ι--ιι

239 3477 259 3546 ¹)
278 3478 387 3529 Addidi.
427 3472 448 3541 ἵ)
466 3474 512 3524 cta
529 3475 610 3526 Balcia·
626 3478 660 3541 ej.
679 3477 787 3541 idque**
800 3474 826 3524 A
840 3474 893 3537 idq;
912 3480 937 3522 ut
951 3471 977 3520 B
992 3472 1064 3537 idque
1079 3412 1131 3539 [Mt]

166 3551 205 3601 ed.
222 3550 252 3600 V.
293 3546 315 3613 8)
329 3554 428 3611 regnant
442 3545 567 3596 ABedd.
