2542 3909
176 220 241 286 502
463 235 529 272 arou
547 235 642 272 rtrum
661 235 732 272 annu.
751 217 797 270 ΙΙΙ.
818 225 841 272 6.

172 365 207 421 ad
222 363 451 420 usufructuarium
467 365 614 438 pertinent,
636 363 686 434 ’(ἰά
700 358 772 436 est)¹
795 365 871 420 saluo
887 381 936 434 co,
952 373 982 420 ut
997 365 1127 438 quicquid

173 449 251 521 gregi
266 447 422 520 deperierit,
436 465 469 503 er
483 447 583 504 fetibus
597 447 750 520 impleatur.
794 444 841 505 2l.
864 442 966 504 ²tlreae
983 448 1127 504 usufructu

173 533 281 604 legato,
296 529 414 588 aedificia
428 534 456 586 in
471 548 503 587 ea
517 533 646 587 constitui
662 548 715 586 non
735 541 860 606 possunt.
904 527 952 588 22.
977 525 1126 588 luccessio

172 615 339 670 alluuionum
355 615 387 670 ad
401 615 577 672 fructuarium
592 611 702 687 ’fundi,⁴
717 617 779 688 quia
794 615 900 672 fructus
913 615 987 672 fundi
1003 631 1058 671 non
1073 623 1126 691 est,

173 715 229 755 non
240 700 373 772 pertinet:
389 700 540 755 uenationis
551 715 616 755 uero
627 707 656 754 et
670 701 777 772 aucupii
789 699 890 755 reditus
904 699 936 754 ad
946 699 1126 756 fructuarium
1254 755 1259 776 ⁴,

173 784 301 856 pertinet.
338 779 388 840 28.
412 778 533 839 ⁵Scruos
548 799 598 839 nec
613 792 752 856 torquere,
767 799 856 856 neque
871 781 986 856 flagellis
1001 783 1125 854 caedere,

1258 2069 1259 2112 t

172 883 261 940 neque
287 870 315 923 iu
341 882 403 924 eum
430 883 521 924 casum
549 867 619 923 facto
648 883 698 922 suo
727 866 875 940 perducere
908 867 1127 922 usufructuarius

172 959 272 1024 potest,
287 967 342 1024 quo
357 951 507 1007 deteriores
522 948 595 1006 liant.
632 947 681 1008 24.
699 943 818 1007 flrnctn
834 950 936 1024 legato,
951 953 974 1005 si
989 967 1055 1006 usus
1071 966 1128 1007 non

173 1034 357 1105 adscribatur,
372 1037 455 1107 magis
476 1034 576 1108 placuit
595 1027 825 1090 ’usumfructum⁷
842 1035 927 1090 uideri
948 1033 1125 1108 adscriptum.

172 1117 277 1174 functus
293 1119 363 1174 cuim
378 1119 436 1174 sine
452 1134 503 1173 usu
518 1133 647 1174 essenon
669 1125 769 1190 potest.
812 1115 859 1174 25.
884 1111 930 1173 ⁸Si
954 1118 1031 1173 alteri
1047 1135 1127 1188 usus,

172 1202 249 1258 alteri
265 1201 370 1259 fructus
385 1201 491 1276 legatus
506 1203 551 1273 sit,
566 1201 731 1258 fructuarius
747 1203 775 1257 in
790 1217 868 1256 usum
885 1202 1034 1272 concurrit,
1051 1201 1127 1274 quod

172 1287 199 1341 in
214 1284 305 1342 fructu
321 1287 445 1341 usuarius
459 1285 548 1342 facere
563 1301 618 1340 non
633 1293 735 1359 potest.
776 1280 825 1342 26.
850 1280 1041 1342 ”Coniunctim
1056 1285 1127 1341 duo·

172 1369 225 1424 hus
240 1369 422 1425 'ususfructus
433 1384 476 1426 no
487 1383 570 1426 uaso
582 1362 724 1442 legatus¹⁰
739 1368 825 1424 altero
837 1377 946 1425 mortuo
961 1367 993 1424 ad
1009 1369 1127 1425 alterum

171 1455 199 1508 in
214 1453 330 1510 solidum
346 1451 499 1525 pertinebit.
528 1447 577 1509 27.
594 1445 768 1509 ¹¹Usufructu
779 1453 881 1526 legato,
891 1452 925 1508 de
936 1451 1017 1508 modo
1030 1453 1125 1508 utendi

171 1540 262 1592 cautio
278 1555 293 1592 a
309 1536 457 1591 fructuario
472 1535 542 1591 solet
558 1539 709 1609 interponi,
726 1547 753 1593 et
768 1537 828 1592 ideo
844 1536 955 1610 perinde
971 1529 1127 1592 'omuino¹²

172 1636 202 1674 se
218 1636 340 1685 usurum,
356 1635 387 1675 ac
401 1621 424 1674 si
439 1619 557 1692 optimus
572 1620 762 1693 paterfamilias
773 1628 906 1691 uteretur,
918 1618 1124 1676 fideiussoribus

172 1702 269 1758 oblatis
284 1717 381 1759 cauere
395 1710 520 1775 cogetur.

306 1781 350 1864 [L.
367 1785 407 1843 59
420 1803 468 1858 pr.
484 1787 533 1858 88.
552 1787 578 1842 l.
595 1786 624 1844 2.
647 1787 683 1844 D.
699 1789 734 1844 tie
748 1787 846 1860 usufr.
863 1781 909 1864 (7,
927 1781 982 1865 1).)

234 1851 283 1927 28.
324 1863 530 1926 ¹³Ususfructus
561 1873 675 1927 amissus
709 1871 741 1927 ad
774 1873 965 1945 proprietatem
998 1872 1124 1927 recurrit.

172 1954 305 2010 amittitur
326 1962 416 2010 autern
432 1955 550 2028 quinque
571 1954 674 2010 modis:
698 1956 791 2028 capitis
807 1955 967 2025 minutione,
982 1957 1021 2010 rei
1037 1961 1125 2010 muta·
1258 2029 1259 2032 Ἴ

165 2040 257 2110 tione,
280 2054 337 2094 uon
358 2038 472 2110 utendo,
495 2041 523 2094 in
544 2041 603 2094 lure
624 2040 758 2108 cessione,
781 2037 890 2094 dominii
912 2039 1123 2112 comparatione.
1136 2056 1196 2105 [coe]

172 2117 221 2180 29.
245 2123 343 2196 Capitis
359 2123 508 2178 minutione
523 2124 666 2193 amittitur,
689 2124 712 2178 si
726 2124 753 2178 iu
768 2123 881 2177 insulam
898 2121 1062 2178 fructuarius
1077 2122 1126 2178 de·

171 2214 314 2279 portetur,
328 2205 373 2262 uel
388 2207 412 2262 si
426 2221 459 2262 en
474 2223 554 2262 causa
569 2205 670 2262 metalli
685 2221 782 2262 seruus
797 2222 901 2279 poenae
916 2203 1062 2283 efficiatur,
1078 2215 1127 2264 aut

171 2291 196 2345 si
208 2298 311 2347 statum
325 2305 358 2346 ex
373 2291 546 2361 arrogatione
560 2290 605 2345 uel
626 2291 772 2363 adoptione
793 2290 947 2346 mutauerit.
991 2285 1043 2346 30.
1065 2289 1126 2346 Non

172 2373 273 2430 utendo
296 2375 429 2429 amittitur
456 2373 643 2443 ususfructus,
672 2373 695 2428 si
723 2375 896 2447 possessione
917 2373 994 2429 fuurli
1015 2373 1124 2429 biennio

172 2456 336 2513 fructuarius
351 2472 406 2512 uon
421 2465 527 2528 utatur,
551 2457 596 2513 uel
611 2459 650 2513 rei
666 2455 771 2513 mobilis
787 2473 865 2514 anno.
901 2453 946 2514 31.
971 2449 1051 2512 ¹⁴llei
1065 2473 1124 2513 mu·

172 2540 273 2596 tatione
295 2539 427 2596 amittitur
443 2539 624 2609 ususfructus,
646 2541 669 2596 si
684 2540 780 2596 domus
796 2537 984 2616 ¹(atsufructu)
1000 2533 1124 2615 legatnst?

171 2623 296 2679 incendio
312 2621 520 2696 conflagrauerit
541 2632 587 2680 aut
609 2625 685 2679 ruina
707 2625 836 2697 perierit,
858 2625 921 2682 licet
936 2634 1029 2698 postea
1045 2626 1124 2681 resti·

244 2858 265 2927 ¹)
279 2860 415 2925 Supplenir
424 2861 471 2910 aed
476 2862 591 2925 sortasse
601 2863 682 2926 plura
694 2861 721 2910 V
718 2862 823 2927 isipotlti
831 2870 1006 2914 resecuerunt.
1051 2859 1072 2928 ¹)
1085 2863 1125 2927 Of.

170 2934 232 2985 La.
247 2934 271 2995 t.
280 2945 300 2984 1.
315 2932 347 2981 D.
358 2932 483 2995 deuaufr.
496 2931 528 2998 (a,
538 2931 569 2997 1).
616 2928 639 2996 8)
655 2932 692 2994 Of.
708 2933 739 2980 L.
750 2944 770 2983 a.
785 2935 825 2994 ἐξ.
835 2945 856 2984 t.
866 2945 886 2985 s.
902 2934 933 2982 D.
945 2934 1000 2985 eod.
1047 2929 1070 2999 ⁴)
1080 2933 1125 2982 En

170 3003 269 3054 Sonuit.
284 3004 317 3068 ρ).
333 3003 429 3052 fundunt
441 3003 502 3052 odd.
512 3003 570 3052 edd.
617 2999 639 3067 ⁶)
652 3002 690 3065 Of.
701 3003 733 3052 L.
744 3013 777 3054 tt.
793 3005 815 3065 §-
826 3015 845 3054 1.
860 3005 892 3053 L.
903 3015 936 3056 at.
951 3007 974 3066 §-
985 3016 1005 3055 1.
1024 3003 1056 3052 D.
1067 3005 1124 3054 eod.

172 3071 194 3140 ο)
211 3074 249 3138 Of.
265 3074 297 3123 Ι..
313 3085 346 3125 tt.
361 3077 385 3136 ξ.
396 3087 416 3124 1.
436 3073 467 3124 D.
483 3074 515 3122 de
530 3087 577 3121 asa
591 3080 616 3121 et
630 3072 709 3122 notit.
724 3071 757 3138 (t,
771 3073 802 3136 a).
856 3071 876 3140 ⁷)
894 3075 1016 3124 Fortasse
1030 3073 1126 3124 scrib..-

171 3144 345 3195 usnmfructui.
387 3141 409 3209 ⁸)
426 3143 464 3207 Cf.
479 3143 556 3193 L.1t.
571 3145 625 3204 §.a
641 3142 739 3193 Dend.
786 3139 807 3206 ⁹)
824 3144 861 3208 Of.
874 3145 918 3194 D.
932 3144 989 3194 Vol.
1001 3155 1026 3196 'tt
1036 3143 1079 3210 (1).
1091 3155 1124 3196 tt.

174 3213 385 3282 ι0)[ι’σεΑνπιίτείἰ
393 3216 426 3277 ej.
441 3212 499 3262 Cum
507 3213 585 3280 (quod
593 3214 620 3261 in
626 3215 760 3278 plerisque
770 3213 831 3263 Odd.
838 3213 1126 3282 omittitur)coninnctim

173 3321 234 3337 ....
248 3286 421 3334 usumfructum
435 3282 465 3332 do
480 3284 541 3345 lego,
556 3283 657 3344 legatum
672 3299 706 3332 eac
719 3284 780 3333 odd.
791 3285 848 3334 edd.
870 3285 908 3349 Of.
919 3287 941 3347 ξ.
952 3297 988 3336 ts.
1042 3281 1073 3350 ¹¹)
1086 3285 1126 3349 Of.

171 3355 204 3405 L.
220 3366 245 3406 ts
255 3369 299 3418 pr.
324 3355 357 3404 D.
372 3355 403 3402 de
418 3353 503 3416 osusr.
523 3353 559 3416 (a,
574 3352 606 3418 t).
629 3353 661 3401 J..
675 3365 697 3405 a.
723 3353 748 3405 0.
763 3355 818 3404 eod.
834 3354 864 3420 (a,
879 3354 923 3420 aa).
999 3349 1032 3420 ¹²)
1047 3356 1126 3404 omnia

174 3425 310 3474 oducunt.
363 3419 396 3488 ²³)
412 3423 488 3486 ΟΜ.
504 3424 548 3472 ult.
568 3421 735 3487 Ldeusofr.
751 3423 830 3490 (aa).
852 3425 984 3483 (inimus.
1038 3421 1071 3492 ¹⁴)
1087 3425 1126 3489 ΟΥ.

172 3495 205 3543 J..
220 3504 241 3545 o.
255 3496 278 3555 g.
289 3506 310 3545 a.
329 3491 361 3544 L.
376 3505 409 3543 to.
424 3494 447 3554 9.
459 3505 478 3542 1.
493 3491 560 3556 outo.
571 3494 636 3543 mod,
648 3494 731 3557 usufr.
742 3508 789 3542 om.
801 3493 832 3558 (t,
841 3495 872 3560 4).
922 3492 954 3561 ¹⁵)
964 3493 1008 3543 En
1020 3493 1128 3546 Noodtii

173 3565 206 3624 ej.
221 3563 297 3624 legata
313 3563 374 3612 cdd.
389 3563 446 3613 edd.
474 3560 581 3613 Scilicet
589 3571 651 3628 post
665 3564 760 3612 dom-us
770 3566 854 3627 periit
867 3572 928 3615 nota
942 3566 974 3615 uf.
