2542 3909
438 207 499 244 cau
519 208 620 249 msere.
639 190 675 245 Π.
695 196 788 250 9-14.
1033 190 1096 254 223

125 349 199 404 muri
227 356 256 403 et
280 358 393 421 portae,
421 350 623 423 quodammodo
646 351 732 408 diuini
756 350 823 407 iuris
845 359 924 407 sant.
967 347 996 407 9.
1018 347 1096 416 ouoo

125 442 220 490 autem
235 435 325 490 diuini
337 436 405 492 iuris
419 444 472 506 est,
493 435 520 491 id
536 435 638 492 nullius
652 438 680 492 in
695 435 774 492 bonis
794 445 851 491 est:
875 434 902 490 id
922 450 1000 505 uero,
1022 433 1097 508 quod

126 518 237 574 humaui
258 515 263 590 l
284 510 375 576 ¹taris
390 528 441 590 est,
457 523 628 594 pleramque
644 524 769 578 alieuius
783 525 813 577 tn
828 521 910 577 bonis
924 527 982 587 est3
1000 525 1096 591 potest
1104 532 1146 582 se.

127 610 225 670 antem
241 610 269 659 et
284 607 393 662 nullius
406 609 438 662 tn
453 607 534 662 bonis
549 621 627 662 esse.-
642 624 711 662 nam
725 621 775 662 rec
788 607 997 676 hereditariae,
1013 610 1094 660 onte·
1103 600 1122 640 ι·
1136 607 1154 638 ··

126 705 215 761 qum
231 690 337 761 aliquas
350 691 437 748 lieres
451 693 571 760 existat,
592 691 700 748 nullius
713 695 743 748 in
757 692 839 746 bonis
853 699 929 747 sant.

125 789 172 828 vv.
188 771 246 830 lere
261 772 281 830 8
297 805 449 816 ----
463 774 636 834 nedamiro.
674 773 723 834 10.
745 774 802 830 Hae
816 782 906 831 autem
921 765 1009 851 (rec),
1026 790 1096 845 quae

128 857 239 914 humaui
254 859 321 916 iuris
335 867 411 930 suut,
425 867 479 917 aut
491 858 626 929 publicae
647 868 713 916 sunt
732 868 779 916 aut
799 860 930 932 priuatae.
965 856 1006 916 11.
1023 857 1096 925 Quae

128 939 254 1016 publicae
269 952 343 1014 suut,
359 943 465 1002 nullius
479 944 610 1001 uidentur
624 945 743 1001 inbonis
755 959 832 1009 assc;
848 943 933 1016 ipsius
949 944 1020 998 coim
1036 942 1095 998 uni-

128 1027 265 1084 uersitatis
288 1043 350 1086 esse
375 1028 536 1086 creduntur.
581 1030 703 1102 prluatae
723 1036 804 1099 suot,
831 1043 899 1101 quac
924 1027 1097 1100 singulorum

128 1106 299 1168 'homiuum²
314 1120 392 1172 sunt.

192 1191 235 1256 lu
263 1195 397 1264 Quaedam
425 1208 566 1272 praeterea
594 1214 640 1255 res
666 1197 824 1270 corporales
852 1205 934 1266 suut,
967 1194 1097 1268 quaedam

126 1281 325 1355 incorporales.
363 1279 409 1340 13.
432 1278 639 1358 (Corporales)
661 1282 711 1338 hae
727 1274 831 1359 (sunt),
854 1296 923 1354 quac
940 1281 1017 1354 tangi
1032 1296 1096 1354 pos-

127 1373 203 1437 sunt,
219 1365 296 1424 uelut
312 1367 423 1437 landus,
440 1366 644 1437 honorastis,
661 1383 766 1436 aurum,
783 1375 927 1440 argentum
937 1373 966 1422 et
980 1365 1098 1438 denique

128 1451 197 1508 aliae
220 1468 263 1510 res
285 1452 508 1512 innumerabiles.
543 1447 906 1526 1ain00rporaassaat,
929 1467 1005 1522 qnae
1023 1450 1098 1523 tangi

127 1552 183 1593 noo
200 1545 332 1610 possunt,
349 1536 439 1610 qualia
453 1546 518 1594 suut
533 1553 574 1607 aa,
589 1553 660 1611 quae
674 1529 758 1613 ’(in)³
772 1538 833 1592 iure
847 1536 1012 1605 consistant,
1027 1535 1099 1590 sicut

128 1621 277 1691 hereditas,
293 1622 476 1693 ususfructus,
501 1621 681 1696 obligationes
703 1636 817 1694 quoquo
834 1619 916 1677 modo
933 1627 1098 1678 contractae.

128 1722 181 1762 nec
196 1705 229 1762 ad
243 1721 300 1762 rem
316 1699 461 1784 per(tinet‚
474 1709 551 1780 qnod
560 1711 591 1764 in
603 1707 765 1764 hereditate
777 1721 826 1764 res
835 1708 1006 1777 corporales
1016 1696 1097 1782 con)-

204 1855 226 1926 ¹)
239 1859 341 1910 Abhinc
360 1861 401 1922 ἐς.
414 1870 499 1911 9-14.
514 1860 650 1910 restitutae
668 1866 729 1909 sant
746 1874 782 1908 eac
795 1858 827 1908 L.
842 1871 862 1908 1.
882 1857 915 1907 Ι).
930 1857 962 1907 de
977 1873 1030 1906 rer.
1045 1858 1097 1906 dio.

71 1944 75 1950 '
130 1929 162 1998 (1,
177 1928 200 1996 8)
212 1938 239 1980 et
258 1933 296 1980 tit.
311 1929 334 1982 I.
349 1931 381 1980 de
400 1930 453 1980 reb.
469 1945 541 1995 corp.
560 1929 593 1996 (a,
607 1928 641 1994 a).
674 1929 793 1994 Apparet
807 1945 868 1978 aero
887 1929 965 1992 idque
983 1944 1018 1977 ea
1041 1927 1069 1975 V
1070 1924 1098 1975 ’ἱ

130 2004 249 2068 apertius
263 2002 364 2066 facturn
383 2009 434 2058 est,
453 2017 484 2052 ea
504 2017 569 2066 qaae
584 2002 660 2052 initio
671 2016 699 2064 p.
714 2011 749 2052 56.
777 2002 898 2050 restituto
912 2006 973 2049 sunt
986 2015 1022 2048 ecc
1036 1997 1099 2048 Inst.

130 2082 156 2125 et
170 2074 240 2139 Dap,
255 2088 306 2123 non
320 2074 443 2137 sufficere
457 2073 493 2121 ad
506 2072 650 2135 explendas
664 2072 782 2120 undecim
797 2072 905 2135 priores
919 2086 1010 2119 versas
1023 2070 1101 2118 laius

127 2161 191 2212 pap.
208 2144 277 2211 (nam
291 2161 307 2194 a
322 2161 344 2194 o.
359 2157 398 2203 ιιι,
418 2145 493 2193 caius
512 2144 614 2192 initiam
632 2149 671 2192 εει
684 2157 716 2205 pe
730 2142 835 2203 domino,
854 2142 985 2205 incipiunt
997 2142 1100 2203 supple-

131 2223 215 2267 menta
229 2214 471 2281 Studemandiana).
509 2214 601 2279 Itaque
618 2213 763 2265 Iustiniani
775 2212 920 2276 prudentes
934 2225 1025 2260 versare
1040 2210 1101 2274 fere

131 2295 189 2339 octo
209 2287 371 2344 reciderunt,
394 2287 483 2352 idque,
503 2293 530 2336 ut
548 2284 628 2334 verba
643 2286 690 2333 illa
708 2299 737 2346 pe
756 2283 852 2332 domino
871 2289 1023 2348 argumento
1041 2288 1101 2330 eunt

131 2375 175 2418 eo,
190 2374 263 2423 quem
277 2358 394 2408 indicari
408 2359 472 2408 loco.
505 2355 579 2418 Quod
594 2357 763 2420 confirmatur
776 2353 847 2419 Epit.
862 2367 884 2413 ιι,
899 2367 918 2405 1.
935 2366 954 2404 1.
974 2353 1017 2402 hic
1035 2367 1100 2416 quae

131 2431 246 2481 distineri
259 2429 359 2480 verbis:
375 2425 444 2478 ‘Sed
457 2435 539 2481 eires
557 2427 748 2486 hereditariae,
767 2433 903 2492 antequam
917 2425 1013 2490 aliquis
1026 2425 1102 2474 hereo

131 2504 242 2560 euictat,
262 2501 359 2550 idest
381 2497 465 2567 (auti)
485 2500 610 2566 quando
630 2498 813 2557 dubitatur,
832 2505 936 2547 atram
954 2497 1102 2561 scriptus

132 2590 171 2624 an
186 2573 350 2638 lepitimus
364 2572 457 2621 heres
471 2570 648 2622 succedere
663 2569 790 2628 debeat,
805 2570 833 2618 in
847 2570 945 2618 nullius
959 2567 1032 2618 banis
1046 2581 1101 2616 εεεε

132 2640 275 2696 videntur’.
304 2641 346 2693 Ea
356 2645 422 2692 enine
433 2644 548 2708 quamuis
558 2644 643 2706 inepte
653 2640 771 2690 adnibito
780 2641 885 2690 nonnisi
895 2655 930 2688 eae
942 2639 1008 2689 Gaio
1017 2644 1101 2688 cremia

132 2731 188 2766 εεεε
199 2722 317 2778 possunt.
342 2714 434 2778 Itaque
448 2715 577 2778 suspicor,
591 2712 660 2762 lanc
671 2712 731 2776 fere
745 2713 801 2762 eius
812 2713 964 2761 sententiam
974 2712 1102 2775 periisse:

134 2784 199 2838 ‘Sed
211 2787 288 2836 etiam
302 2792 422 2836 eructante
436 2800 482 2836 suo
497 2791 522 2834 et
536 2785 684 2834 necessario
699 2783 801 2842 herede,
816 2786 886 2832 uelut
897 2783 963 2845 filio,
978 2784 1023 2846 qui
1036 2782 1101 2831 alio·

134 2860 195 2924 quia
213 2859 300 2907 statim
319 2873 376 2906 eura
394 2857 505 2906 moritur
519 2863 612 2920 pater,
631 2854 707 2904 iteres
726 2870 758 2904 ac
776 2855 894 2904 dominas
910 2860 960 2911 εει,
979 2855 1004 2903 εἰ
1017 2860 1101 2903 tamen

133 2933 260 2980 incertum
273 2929 320 2987 sit,
340 2935 425 2977 utrum
439 2943 474 2977 ea
488 2934 637 2976 testamento
651 2927 767 2989 scriptas
785 2941 819 2974 an
838 2927 959 2975 intestato
973 2926 1102 2990 lepitimao

132 3002 209 3051 lieres
222 3002 270 3058 sit,
289 3002 359 3049 εειιιι
372 2999 443 3066 qaod
451 3005 587 3063 postumus
600 3012 664 3047 suae
681 2997 758 3047 heres
776 3002 923 3046 testamento
939 2996 1102 3059 praeteritus

133 3078 314 3138 exspectatur,
333 3086 383 3135 quo
403 3077 463 3123 nato
481 3071 583 3120 seilicet
596 3075 772 3118 testamentum
785 3069 924 3132 rumpitur,
943 3081 986 3116 reo
999 3066 1101 3115 deradi-

133 3146 219 3194 tariae
234 3145 335 3194 interea
349 3149 410 3192 eunt
423 3143 477 3190 sine
492 3137 610 3191 domioo'.
647 3139 685 3203 Cf.
701 3139 732 3188 L.
747 3151 782 3191 ει.
802 3137 834 3188 D.
849 3139 882 3187 de
895 3139 997 3202 acquir.
1012 3137 1100 3186 iered.

134 3213 184 3280 (29,
198 3213 230 3282 ι).
297 3210 317 3278 ²)
337 3211 383 3262 Ea
400 3211 491 3276 Suppl.
510 3210 548 3262 St.
563 3228 591 3276 p.
611 3209 736 3260 XXVII.
813 3202 980 3275 3>1ὲεΙιεει
999 3208 1100 3257 addidi.

136 3285 235 3336 Omittit
248 3285 288 3336 ed.
303 3284 353 3334 Kr.
368 3295 389 3334 a.

206 3433 271 3505 Μ.
293 3437 405 3499 Gf.§.t.
427 3434 520 3485 Lead.
580 3428 624 3502 §5-
643 3434 684 3484 lo.
702 3436 742 3483 11.
765 3432 803 3495 Cf.
822 3431 881 3483 L.1
897 3447 942 3494 pr.
956 3431 989 3479 L.
1005 3441 1025 3479 a.
1041 3431 1064 3491 ξ.
1081 3443 1100 3481 1.

134 3509 167 3558 Ι),
183 3509 214 3558 de
229 3508 324 3558 interd.
340 3506 384 3573 (48,
399 3504 431 3570 1).
461 3505 492 3554 L.
509 3516 542 3558 15.
558 3503 590 3554 D.
606 3505 638 3552 de
653 3503 721 3553 aerd
737 3505 804 3568 cipn.
820 3501 924 3566 (50‚16).
953 3502 986 3550 L.
1001 3513 1021 3552 t.
1041 3503 1065 3562 ξ.
1080 3515 1101 3553 1.

135 3579 166 3629 D.
183 3580 215 3662 de
228 3594 282 3629 rer.
297 3579 348 3628 dio.
364 3577 395 3643 (ι,
410 3575 442 3643 8).
494 3572 709 3645 §§.12-14.=
723 3572 804 3623 ltus.
819 3574 851 3622 de
864 3571 918 3622 reb.
934 3588 1006 3636 corp.
1022 3570 1054 3639 (a,
1068 3570 1101 3637 2).
