2542 3909
555 579 696 654 GAII

371 711 572 778 nemone
596 712 884 772 senonense

388 877 430 918 EX
450 876 556 919 Llnms
577 878 619 918 Au
641 877 687 920 111
710 876 859 921 TABVLAS.

80 1039 136 1092 1³2⁵!
192 1029 218 1090 l.
248 1022 352 1101 1Γοὶϊος
380 1022 397 1088 b
425 1023 611 1108 νομογρολφος
690 1033 780 1090 Gaius
798 1037 1023 1092 iurisconsultus
1038 1044 1109 1108 post

150 1109 222 1191 μετὰ
251 1110 306 1190 τὴν
333 1119 394 1172 τοῖν
419 1112 611 1190 ιιυαιστολρων
648 1123 832 1189 quaestorum
854 1121 1053 1192 mapistrotum
1071 1122 1111 1178 de

150 1194 417 1298 τὴνδεκανδρικὴν
428 1192 523 1274 ἀρχὴν
539 1192 611 1255 ἆνα-
648 1204 833 1258 decemuirali
864 1203 958 1259 uerbis
995 1204 1111 1262 Graece

151 1276 611 1382 φέρεορήμασιτιρὸςὲρμηνείαν
648 1287 983 1358 uersisenpiicatbisee:
996 1286 1108 1362 Mapnu

152 1362 277 1436 τούτοις
315 1368 423 1442 πολλῆς
445 1361 478 1424 δὲ
501 1362 609 1461 συγχύ-
647 1377 741 1427 autem
788 1369 960 1442 confusione
1002 1374 1104 1446 imum,

152 1464 227 1550 oscor
254 1457 314 1508 τῶν
339 1447 504 1526 vinomo
489 1441 538 1508 oia
570 1439 610 1526 μὴ
647 1457 753 1527 quippe
786 1468 861 1527 quae
889 1458 1016 1526 scriptae
1048 1473 1109 1512 non

150 1530 299 1634 γράμμασι
326 1529 519 1609 τεθειμένων,
549 1537 610 1604 τοῖς
648 1546 752 1608 essent,
774 1541 803 1594 in
824 1553 886 1610 rep.
907 1553 946 1596 eu
961 1541 1108 1597 discordia

152 1613 303 1720 πράγμασι
323 1614 480 1696 γινομένης
503 1614 535 1676 ἐκ
557 1625 610 1694 τῆς
647 1625 865 1696 οιομίελναλααιο
885 1623 1037 1697 plebisque
1061 1641 1111 1683 eo·

152 1710 214 1761 rein
224 1697 377 1800 α’ρχόνιοιν
387 1698 437 1759 nui
447 1708 501 1760 τοῦ
513 1699 610 1778 δήμου
648 1714 722 1777 orta,
736 1709 877 1763 communi
887 1715 1006 1764 senatus
1014 1726 1109 1781 papu-

152 1778 610 1889 διαφορᾶς,δόμματιιιοινῴτῆς
647 1793 723 1864 iique
751 1792 863 1862 piacita
897 1807 994 1848 omnes
1019 1796 1107 1867 mapi-

150 1870 262 1949 βουλῆς
273 1866 323 1928 καὶ
334 1889 385 1927 του
374 1866 498 1965 δήμου
501 1844 611 1940 πάντες
648 1881 760 1932 stratus
770 1876 878 1931 sublati
888 1890 924 1930 oc
933 1876 1030 1932 decem
1044 1883 1108 1932 tan·
1184 1909 1192 1926 ·

154 1952 255 2032 μὲν
223 1973 250 2013 οι
266 1951 405 2030 ἄρχοντες
417 1946 611 2053 ἐκινήθησαν,
649 1966 707 2014 tum
718 1961 786 2014 viris
798 1974 871 2014 curo
883 1961 957 2030 reip.
970 1961 1109 2016 mandata

153 2034 225 2097 δέκα
246 2033 278 2096 δὲ
294 2032 396 2113 μόνοις
415 2031 588 2179 ἀνδράσι
557 2057 613 2112 την
648 2050 699 2098 est.
726 2045 784 2112 ipsi
797 2056 876 2112 aero,
892 2047 962 2099 teste
975 2043 1111 2114 historia,

153 2119 296 2201 φροντίδα
311 2129 363 2198 τῆς
375 2119 488 2180 natm
486 2143 521 2191 ας
535 2140 611 2197 τιαρ
648 2125 777 2182 Attienus
819 2128 932 2181 mittunt
971 2126 1110 2198 Spurium

80 2204 270 2274 [sssJiboouv.
297 2225 382 2264 ουτοι
373 2201 431 2264 δὲ
445 2201 613 2264 στέλλουσιν
648 2209 832 2279 Postumium,
844 2209 947 2265 Aulum
961 2209 1110 2266 Marcium

154 2283 611 2394 (ἡλστορίαφησλν)ει’ςἈθήνας
649 2300 676 2350 et
697 2292 827 2350 Publium
851 2292 1016 2363 Sulpicium.
1059 2298 1113 2367 qui

155 2369 308 2452 Σιτούριον
325 2373 531 2450 Ποστούμιον,
544 2365 609 2433 Ab·
647 2380 713 2435 dum
734 2377 774 2434 ibi
794 2392 849 2448 per
865 2380 1017 2435 triennium
1032 2396 1108 2436 eom·

153 2462 207 2518 λον
229 2456 372 2536 Μάρκιον
390 2456 442 2517 καλ
456 2453 612 2517 Πούπλιον
647 2468 815 2526 morantur,
831 2461 922 2517 donee
938 2465 1023 2519 etiam
1038 2463 1111 2521 reli

154 2541 346 2602 Σουλπίκιον.
368 2542 428 2601 τῶν
444 2537 478 2601 δὲ
491 2538 610 2620 ἔπλτρι·
648 2561 721 2620 quas
736 2545 948 2602 Atheniensium
968 2549 1046 2621 iepes
1060 2549 1108 2604 de·
1179 2599 1192 2624 ,

154 2621 319 2705 ετῆχρόνον
325 2620 613 2704 ἕκειβραδυνόντοιν,
649 2646 709 2686 eem
724 2629 828 2686 tabuiis
842 2631 995 2703 cottipont,
1012 2633 1112 2700 dacem

154 2706 209 2783 ἕως
234 2707 284 2769 nui
312 2706 380 2780 τοὺς
402 2706 612 2788 λειπομένουςῖ
649 2718 725 2772 viros
745 2716 874 2786 populus
902 2719 1013 2773 creavit
1035 2719 1109 2789 reip.

227 2881 247 2949 ¹)
258 2883 296 2932 De
303 2884 355 2946 fide
365 2883 442 2932 huus
451 2884 503 2933 Ioci
515 2881 611 2932 Gaiuni
620 2897 671 2932 non
681 2889 783 2933 constat
792 2883 861 2932 inter
870 2883 960 2934 doctos
969 2885 1047 2934 uiros.
1069 2883 1112 2947 Cf.

153 2953 268 3004 Dirirsen
283 2953 367 3003 Verm.
377 2952 453 3003 Seia.
460 2964 519 3016 pos
528 2968 580 3018 seq.
600 2952 669 3003 Mitt
678 2953 779 3016 quidem
785 2967 939 3016 persuasum
949 2961 995 3015 est,
1006 2953 1112 3017 Lydum

153 3025 222 3074 leuno
235 3026 318 3074 locum
332 3039 383 3074 non
397 3025 497 3088 quidem
511 3031 539 3072 ut
552 3026 661 3073 atterum
672 3024 703 3073 de
713 3022 893 3088 quaestoribus
907 3021 939 3088 (1,
954 3022 998 3086 νο),
1013 3024 1045 3072 de
1060 3039 1113 3088 quo

154 3097 204 3144 iam
218 3110 290 3146 nemo
304 3094 412 3154 dubitat,
425 3109 517 3144 errore
531 3101 629 3144 tantum
646 3094 710 3145 Gaio
725 3093 847 3144 tribuisse
861 3100 886 3143 et
898 3108 992 3143 reuera
1006 3095 1065 3144 item
1074 3109 1113 3144 em

153 3165 186 3214 L.
201 3177 223 3216 s.
241 3166 274 3215 D.
289 3167 321 3216 de
335 3167 402 3230 arip.
417 3166 468 3214 iur.
483 3163 514 3230 (1,
529 3162 552 3232 ι)
566 3167 688 3215 sumsisse
693 3182 703 3222 ;
713 3167 794 3228 ptura
809 3165 875 3214 enim
888 3165 976 3213 etalio
987 3165 1112 3226 eontinet,

154 3251 230 3301 quam
241 3236 397 3300 Pomponius
412 3235 448 3287 ibi
457 3236 498 3297 ἐξ.
508 3247 529 3288 b.
539 3248 560 3286 4.
570 3246 605 3287 84.
615 3237 712 3292 inediis
726 3236 773 3286 sed
786 3250 832 3284 neo
846 3234 883 3284 ad
891 3233 993 3284 uerbum
1003 3250 1037 3283 eu
1049 3234 1113 3285 Gaii

154 3306 231 3356 tibris
244 3307 280 3356 ad
291 3314 339 3354 Χιι
350 3306 401 3357 tab.
416 3308 594 3365 transtulisse,
614 3308 686 3357 immo
703 3307 818 3370 fortasse
836 3305 883 3355 bos
898 3307 967 3368 ipsos
982 3305 1064 3356 libros
1078 3322 1112 3357 ne

154 3378 255 3442 quidem
268 3378 379 3432 uidisses
400 3377 488 3426 insunt
501 3379 568 3426 enim
586 3379 718 3440 complura
737 3392 801 3441 quae
818 3375 899 3425 Gaius
912 3377 960 3427 Ιιοσ
975 3377 1048 3428 modo
1063 3379 1112 3428 oio:

153 3448 261 3497 dixerit.
295 3448 384 3498 Potest
402 3450 490 3506 etiam,
514 3455 543 3498 ut
559 3462 595 3498 en·
615 3446 681 3498 Gaia
704 3454 802 3497 tantum
820 3448 916 3510 priora
935 3462 1014 3513 usque
1032 3447 1068 3496 ad
1086 3463 1110 3497 o.

153 3513 316 3584 παρέδοσαν
322 3519 461 3584 fluxerint,
476 3534 541 3582 quae
554 3525 706 3583 sequuntur,
721 3533 755 3567 ex
765 3518 826 3566 aliis
837 3517 962 3568 historiae
971 3519 1110 3581 scriptori·

153 3587 200 3639 bus
214 3596 323 3639 consuta
335 3590 396 3639 sint.
453 3587 476 3654 2)
489 3589 513 3638 λ.
528 3604 549 3638 e.
565 3604 629 3653 quas
644 3589 718 3638 initio
733 3590 908 3652 neptenerant.
