2542 3909
476 195 607 232 nsvmvs
625 195 743 232 snmuvs.
1028 188 1089 245 127

116 339 214 397 neque
233 321 323 378 locum
337 323 367 377 in
381 337 412 377 ea
426 338 517 395 pugna
532 321 694 395 reliquerat3
711 322 789 377 aliter
803 322 846 377 ius
861 322 962 379 ciuicae
972 336 1091 378 coronae

24 467 25 474 ,
117 416 207 479 negat
232 422 402 462 eoncessum.
438 406 575 461 Tiberium
596 413 686 461 tamen
709 404 849 461 Caesarem
871 405 1035 477 consultum,
1057 424 1091 462 an

24 491 25 502 ¹
119 492 238 547 ciuicam
253 506 382 545 coronam
397 506 492 563 capere
507 498 612 563 posset,
628 491 675 562 qui
690 492 776 546 ciuem
791 491 820 545 in
834 490 939 563 proelio
955 498 1092 545 seruasset

122 584 151 631 et
168 576 267 629 hostes
280 573 379 629 ibidem
395 573 463 629 duos
479 572 671 645 interfecisset,
691 574 738 629 sed
755 573 854 644 locum,
874 575 902 629 in
918 590 972 647 quo
987 591 1091 647 pugna·

120 658 183 728 bat,
205 674 263 713 uon
283 658 444 730 retinuisset
466 673 553 730 eoque
575 657 636 713 loco
658 658 752 713 hostes
775 659 857 730 potiti
871 664 970 727 essent,
994 659 1091 713 rescri-

120 743 215 815 psisse
230 740 305 812 dicit,
319 756 380 795 eum
396 758 506 814 quoque
520 742 604 797 ciuica
618 742 729 814 dignum
746 742 840 811 uideri,
855 741 928 814 quod
940 750 1090 815 appareret,

122 842 159 881 ex
181 834 236 880 tam
255 824 350 899 iniquo
366 824 428 881 loco
444 826 530 881 ciuem
546 824 627 881 abeo
644 834 792 892 seruatum,
811 832 842 879 ut
857 826 937 880 etiam
953 841 967 879 a
984 826 1093 881 sortiter

122 907 314 983 pugnantibus
329 910 440 965 retineri
455 925 510 964 non
526 909 655 981 quiuerit.
671 938 712 948 -
728 908 795 963 Gell.
812 906 840 978 5,
858 908 885 964 6.
903 907 930 979 3.
948 908 997 963 14.

423 1065 466 1123 Er
487 1067 641 1125 incertis
662 1060 794 1121 libris.¹

191 1180 237 1243 18.
258 1183 390 1239 Masurius
405 1193 567 1254 auctorest,
589 1199 672 1239 curru
688 1199 798 1257 quoque
814 1183 1004 1257 triumphantis
1020 1200 1092 1258 mpr-

139 1284 173 1324 ea
188 1284 288 1324 corona
303 1284 378 1323 usos.
395 1297 437 1307 -
450 1268 521 1323 Plin.
536 1267 568 1323 N.
585 1267 617 1324 Η.
635 1266 685 1338 15,
702 1266 751 1323 29.
768 1267 795 1338 3.
813 1266 862 1324 38.

193 1347 240 1407 10.
264 1351 303 1406 06
325 1352 374 1407 has
396 1368 490 1407 causas
512 1350 637 1424 equidem
660 1350 830 1419 crediderim,
852 1351 983 1407 honorem
999 1354 1023 1408 ei
1043 1351 1097 1423 (66.-

126 1430 215 1505 lauro)
231 1435 352 1491 habitum
367 1437 395 1491 iu
411 1436 554 1508 triumphis
568 1436 670 1507 potius,
689 1452 767 1507 quam
784 1436 846 1508 quia
862 1433 1045 1491 suffimentum
1058 1439 1093 1491 sit

127 1518 219 1574 caedis
233 1519 352 1575 bostium
368 1527 396 1575 et
409 1520 547 1592 purgatio,
569 1528 601 1574 ut
614 1518 698 1575 tradit
711 1518 852 1574 Masurius.
870 1546 906 1558 -
924 1518 992 1574 Plin.
1010 1518 1042 1575 N.
1058 1520 1091 1575 H.

129 1600 180 1672 15,
197 1602 247 1659 30.
263 1602 290 1672 S.
306 1602 358 1661 40.

78 1703 122 1754 [as]
191 1682 246 1743 2⁰.
270 1686 299 1742 ln
320 1686 432 1742 eosdem
454 1687 524 1741 situs
546 1687 691 1741 comitatur
712 1692 740 1740 et
761 1686 838 1759 spina
861 1688 1014 1759 nuptiarum
1031 1686 1093 1742 iaci·

128 1769 180 1825 bus
196 1771 420 1842 auspicatissimo,
436 1771 562 1843 quoniam
577 1769 640 1824 inde
655 1769 770 1824 iecerint
784 1778 917 1842 pastores,
934 1772 981 1843 qui
998 1787 1093 1845 rapue-

128 1861 194 1909 runt
209 1851 328 1919 Sabinas,
352 1862 384 1909 ut
404 1861 500 1909 auctor
520 1861 562 1909 est
582 1853 722 1911 Masurius.
737 1880 779 1893 -
794 1852 862 1909 Plin.
878 1852 911 1909 N.
928 1852 959 1910 Η.
977 1852 1026 1924 16,
1045 1855 1093 1912 18.

193 2016 239 2077 21.
263 2019 362 2076 Verum
384 2020 467 2077 altera
488 2021 562 2077 lotos
581 2022 609 2075 in
626 2020 771 2092 Volcanali,
795 2020 868 2093 quod
883 2019 1013 2076 Romulus
1028 2038 1093 2078 con·

132 2106 221 2160 stituit
241 2120 275 2160 en
297 2105 413 2161 uictoria
428 2105 461 2160 de
477 2105 607 2175 decumis,
629 2120 765 2177 aequaeua
788 2103 847 2159 urbi
868 2103 1047 2176 intellegitur,
1064 2113 1094 2160 ut

133 2196 227 2243 auctor
241 2194 284 2244 est
298 2188 443 2249 Masurius.
459 2219 500 2229 -
515 2188 583 2244 Plin.
599 2186 630 2243 N.
647 2188 679 2242 H.
699 2188 749 2258 16,
765 2186 817 2242 44.
833 2187 862 2257 3.
880 2187 930 2243 86.

193 2267 243 2328 22.
266 2271 399 2328 Masurius
421 2272 536 2345 palmam
558 2272 653 2346 lupino
677 2271 746 2343 adipi
768 2270 874 2325 dedisse
896 2271 1024 2343 antiquos
1041 2278 1094 2326 tra·

133 2355 215 2423 didit3
228 2354 292 2412 ideo
306 2357 393 2413 nouas
408 2364 507 2428 nuptas
520 2355 569 2412 illo
581 2371 752 2429 perunguere
764 2356 852 2427 postis
864 2353 970 2425 solitas,
985 2355 1094 2428 nequid

132 2440 195 2495 mali
209 2439 398 2496 medicamenti
413 2440 569 2496 inferretur.
586 2469 624 2479 -
641 2438 709 2493 Plin.
727 2438 758 2494 N.
775 2437 807 2493 Η.
825 2437 876 2510 28,
893 2437 921 2494 9.
939 2438 969 2509 3.
985 2438 1035 2495 37.

196 2520 246 2581 28.
268 2523 399 2580 Masurius
415 2524 570 2597 sanqualem
584 2522 745 2595 ossifragum
758 2538 818 2577 esse
830 2522 902 2593 dicit,
928 2523 1094 2579 inmusulum

134 2616 223 2663 autem
239 2608 344 2680 pullum
360 2608 475 2680 aquilae,
491 2609 649 2681 priusquam
665 2606 763 2662 albicet
778 2607 868 2661 cauda.
884 2634 927 2647 -
940 2605 1008 2662 Plin.
1019 2608 1049 2663 N.
1061 2607 1093 2663 Η.

137 2691 152 2746 1
221 2733 229 2748 .
266 2735 273 2749 .
312 2729 320 2747 .

153 2693 183 2761 θ’
195 2687 398 2832 ἔ4811ξ66166
413 2784 509 2831 auctor
523 2783 576 2847 est,
598 2773 629 2835 1..
646 2773 780 2847 Papirium
795 2781 957 2848 praetorem,
973 2775 1093 2831 secundo

134 2852 254 2916 berede²
268 2859 331 2933 lege
347 2867 459 2933 agente,
475 2859 610 2915 bonorum
627 2850 846 2933 possessionem³
861 2865 956 2915 contra
971 2874 1032 2914 eum
1048 2859 1094 2915 de-

134 2942 216 3015 disse,
231 2960 293 3000 oum
308 2952 396 2999 mater
408 2951 516 3016 partum
531 2959 561 2998 se
574 2942 629 2998 lllll
643 2940 777 2998 mensibus
790 2941 891 2998 diceret
903 2942 1008 3015 tulisse,
1025 2960 1094 3017 quo·

134 3026 204 3082 mam
229 3027 334 3083 nullum
361 3035 465 3083 certum
489 3035 594 3099 tempus
616 3025 738 3100 pariendi
759 3033 859 3081 statum
882 3025 1030 3082 uideretur.
1054 3056 1092 3065 -

134 3108 201 3166 Plin.
216 3109 247 3166 N.
263 3110 297 3169 Η.
314 3110 345 3182 7,
361 3110 390 3167 6.
407 3111 435 3182 3.
450 3109 472 3165 4
490 3120 518 3166 et
532 3126 564 3165 ex
579 3126 613 3166 eo
628 3110 697 3166 Gell.
715 3108 744 3181 3,
762 3110 810 3166 16.
828 3110 856 3181 3.
874 3108 923 3165 23.

134 3242 334 3251 1——

204 3304 226 3374 ¹)
240 3308 284 3359 En
292 3308 386 3374 quidus
393 3322 460 3373 quoe
468 3308 572 3358 Plinius
577 3309 700 3366 seruauit,
710 3306 856 3358 condebito
866 3308 951 3356 omnio
961 3306 1095 3354 matoria·

133 3379 194 3429 lium
207 3378 283 3429 libris
296 3378 394 3429 deberi.
420 3375 473 3444 1)ι’.
482 3395 504 3429 e.
517 3378 662 3429 subditicio.
692 3376 713 3445 ³)
728 3380 745 3427 i.
761 3394 783 3427 6.
799 3377 942 3431 uindicias:
957 3378 1096 3424 oeraenim

133 3451 240 3516 inpenui
247 3450 373 3501 donorm
376 3451 508 3514 pomereio
517 3465 599 3515 neque
607 3452 634 3500 in
646 3451 711 3515 lepis
718 3450 819 3499 actione
829 3462 909 3510 neque
917 3460 1094 3508 6666666666-

132 3528 175 3571 iro
188 3523 300 3587 aliquem
313 3522 401 3571 datur.
