2542 3909
402 614 683 671 rvurscousvuu
703 614 891 670 cvrvsuau

336 744 580 818 OERVIDII
617 743 951 832 SOAEVOLAE,
1027 793 1030 797 n

159 920 202 961 VT
228 920 384 975 marva,
411 920 452 959 EX
479 918 671 961 REGVLARVM
703 918 799 959 LlBRO
830 918 927 960 PRIMO
961 918 1130 960 naevum

398 1030 491 1083 PARS,
516 1030 534 1069 A
558 1029 718 1072 DOSITHEO
742 1029 893 1070 saevam.

228 1138 380 1194 Dositheus
407 1141 608 1209 grammaticus
635 1140 683 1194 vel
709 1140 919 1209 ludimagister,
948 1139 998 1207 qui
1020 1128 1128 1193 Romde
1144 1141 1200 1195 18⁴¹]

181 1207 337 1261 otissimum
361 1207 485 1262 Graecae
509 1208 652 1262 iuventuti
680 1206 779 1261 Latine
806 1206 980 1262 erudiendae
1009 1222 1125 1285 operam

159 1223 270 1328 {edisse
288 1274 409 1339 videtur,
427 1276 633 1343 imperantibus
652 1274 789 1343 Septimio
808 1274 913 1329 Severo
941 1277 971 1329 et
988 1274 1047 1329 filro
1067 1274 1128 1329 eius

159 1342 301 1396 Antonino
322 1346 397 1409 (nam
419 1344 480 1411 ipse
498 1342 623 1420 Maximo
643 1344 672 1397 et
689 1346 767 1412 Apro
791 1359 860 1399 coss.
877 1342 906 1397 h.
924 1358 949 1397 c.
967 1359 995 1420 P:
1014 1341 1080 1397 Chr.
1098 1360 1126 1396 n.

160 1425 185 1463 a.
204 1416 262 1463 207.
280 1426 309 1463 se
329 1410 472 1480 scripsisse
491 1409 643 1479 significat)
661 1411 821 1479 composuit
842 1412 1058 1479 grammatrcam
1076 1410 1129 1464 lin-

160 1493 233 1547 guae
252 1476 383 1542 Latinae,
403 1477 448 1531 cui
466 1478 545 1547 operi
564 1494 626 1531 cum
645 1478 726 1532 varia
743 1480 773 1532 et
791 1478 827 1532 ad
850 1477 1011 1547 potissimas
1032 1479 1128 1547 partes

161 1544 328 1599 eruditionis
351 1543 468 1598 Latinae
492 1544 651 1614 spectantia
676 1540 882 1615 ἑρμηνεύματα
909 1563 930 1599 s.
957 1546 1128 1615 interpreta-

159 1613 258 1665 menta
274 1611 450 1675 inseruisset,
478 1612 581 1680 quibus
599 1612 699 1666 Latine
722 1614 861 1667 discentes
880 1613 994 1667 Graecis
1012 1629 1128 1683 respon-

161 1678 258 1756 dantia
264 1678 365 1755 Latina
373 1680 500 1757 invenire
511 1679 688 1746 docerentur,
699 1697 796 1736 eorum
806 1681 1127 1749 interpretamentornm

159 1745 233 1799 libro
248 1747 334 1799 tertre
348 1748 398 1801 sub
410 1748 494 1802 trtulo
510 1744 757 1817 *συγγραμμάτιον
775 1744 897 1815 νομικὸν
916 1746 1042 1817 μάλιστα
1060 1750 1127 1813 περὶ

160 1810 380 1891 ἕλευθερώρεων
396 1840 429 1861 =-
446 1821 593 1895 disputatio
609 1821 904 1895 sorensis-maiman&
927 1822 1127 1895 manumissioni·

160 1886 215 1935 buc'
245 1881 327 1934 nobis
358 1884 483 1936 servavit
510 1882 583 1937 hanc
611 1885 755 1951 quantrvrs
784 1888 869 1953 pretu
894 1883 1063 1953 particulam
1090 1899 1126 1937 ex

159 1949 351 2027 iurisconsulti
374 1950 519 2028 cuiusdam
543 1951 718 2019 Regularum
740 1951 814 2005 libro
838 1952 1036 2020 desumptam.¹
1071 1950 1127 2005 Re·

199 2016 241 2070 las
264 2032 339 2070 enlm
361 2017 412 2070 has
435 2017 535 2083 fuisse,
558 2017 620 2087 ipse
645 2035 741 2073 earum
769 2020 868 2074 auctor
889 2024 914 2083 ὃ.
938 2026 963 2074 3.
990 2018 1125 2074 declarat.

158 2034 920 2208 {tuirstatttitillatamdistillet
940 2086 1072 2208 (Ἦ
1086 2103 1127 2207 rl‘

159 2236 266 2298 narum,
287 2221 320 2300 pt
330 2171 385 2275 1ille
405 2221 537 2299 opinatus
556 2222 612 2285 est,
631 2194 680 2275 se’d
698 2173 873 2299 pegulcrssm
891 2172 970 2300 ligi}
987 2172 1036 2277 221
1052 2221 1127 2275 libro

159 2288 296 2408 sarnsgularr
322 2287 530 2409 (3ss⁸1)ssan
561 2304 750 2357 composuisse
784 2305 818 2343 ex
845 2289 971 2359 Digestis
1003 2291 1125 2355 constat)

207 2372 256 2407 m
444 2397 450 2409 .

179 2373 192 2409 Β
217 2372 405 2476 fflietagez
418 2374 510 2543 :refice
524 2422 619 2489 Gaius,
638 2423 668 2476 id
681 2424 758 2492 quod
770 2424 878 2479 multae
892 2425 1018 2479 rationes
1030 2424 1127 2479 redar-

159 2492 262 2558 guunt,
285 2506 378 2556 neque
396 2490 456 2543 Pau
482 2507 519 2554 us,
539 2506 574 2543 ex
592 2490 765 2545 Lachmanni
783 2494 813 2545 et
829 2491 958 2546 Rudorfii
974 2494 1125 2559 sententia,

159 2572 245 2624 quam
263 2556 393 2626 Voigtius
410 2556 526 2624 refellit,
551 2574 645 2626 neque
662 2558 849 2628 Pomponius,
873 2559 908 2614 de
927 2576 982 2628 quo
999 2559 1061 2629 ipse
1079 2561 1125 2614 hic

159 2624 507 2746 lcgguiltlavphiselclliorpuzthigl
519 2626 1125 2750 sppmgtistferecunusdrelirgquitnrlRegu·

158 2758 247 2877 pspsze
274 2709 349 2837 halegl
370 2759 492 2840 videtur.
509 2710 1125 2844 aHrineuiilotir'rnfrgmriilgmcfflrtafggfile

158 2830 1124 2973 aalculistillula:tutelastaltataria?

159 2976 214 3041 que
227 2962 402 3043 Regularum
415 2967 582 3043 scriptorem
594 2964 678 3034 longe
698 2966 858 3035 superabat,
871 2966 959 3019 etiam
970 2966 1041 3019 illud
1054 2981 1124 3035 prae

159 3029 221 3082 alus
248 3029 362 3085 Graecrs
389 3048 552 3109 cumprimis
578 3033 770 3101 grammaticis
794 3034 994 3087 commendare
1022 3035 1052 3087 et
1078 3049 1122 3087 ac-

159 3098 273 3165 ceptum
292 3099 385 3152 facere
404 3098 516 3165 debuit,
541 3101 617 3167 quod
635 3103 659 3153 is
676 3101 799 3169 primus,
817 3102 851 3155 ut
868 3100 995 3170 videtur,
1016 3101 1124 3155 Graece

233 3219 252 3288 ¹)
268 3224 292 3271 ln
313 3238 404 3273 summa
423 3230 505 3273 nostra
524 3240 571 3273 non
591 3226 690 3274 mullum
710 3226 822 3285 interest,
845 3228 910 3290 quod
928 3242 990 3276 nunc
1006 3242 1019 3275 a
1038 3226 1125 3289 peritis

158 3294 248 3343 rectius
263 3294 358 3343 videtur
372 3295 453 3357 statui,
466 3296 526 3344 haec
541 3296 752 3359 interpretamenta
766 3298 853 3346 incerti
862 3298 968 3347 auctoris
978 3298 1059 3361 potius
1069 3311 1124 3346 eum

157 3364 266 3413 Dosithei
277 3371 327 3413 arte
337 3366 492 3427 grammatica
501 3380 572 3429 quam
583 3366 612 3415 ah
623 3368 732 3415 conchis
745 3382 798 3416 esse
809 3375 910 3417 serrata
937 3368 975 3430 Cf.
984 3368 1019 3418 K.
1027 3367 1124 3416 Kram-

158 3433 254 3485 bacler
263 3435 295 3483 de
306 3435 439 3485 codicibus
446 3435 538 3499 quibus
543 3435 1041 3499 InterpretameataPseudodoaitltecna
1050 3437 1125 3488 nebia

158 3506 258 3553 traditu
269 3512 338 3553 eunt.
353 3506 472 3555 Monaclrii
481 3517 541 3558 1883.
563 3506 656 3557 cuein.
664 3507 781 3558 Murcum
788 3508 810 3572 s.
823 3508 918 3559 Plilcl.
935 3508 967 3557 N.
979 3508 1008 3557 F.
1027 3509 1078 3558 Vol.
1089 3519 1122 3560 aa·

157 3588 181 3636 p.
195 3585 235 3625 are
249 3590 299 3639 seq.
315 3587 374 3627 ress.
