<?xml version="1.0" encoding="UTF-8"?>
<!DOCTYPE html PUBLIC "-//W3C//DTD XHTML 1.0 Transitional//EN"
    "http://www.w3.org/TR/xhtml1/DTD/xhtml1-transitional.dtd">
<html xmlns="http://www.w3.org/1999/xhtml" xml:lang="en" lang="en">
 <head>
  <title>
</title>
<meta http-equiv="Content-Type" content="text/html;charset=utf-8" />
  <meta name='ocr-system' content='tesseract 3.04.00' />
  <meta name='ocr-capabilities' content='ocr_page ocr_carea ocr_par ocr_line ocrx_word'/>
</head>
<body>
  <div class='ocr_page' id='page_1' title='image "./iurisprudentiae01huscgoog_0102.png"; bbox 0 0 2542 3909; ppageno 0'>
   <div class='ocr_carea' id='block_1_1' title="bbox 153 180 774 238">
    <p class='ocr_par' dir='ltr' id='par_1_1' title="bbox 153 180 774 238">
     <span class='ocr_line' id='line_1_1' title="bbox 153 180 774 238; baseline 0 -15"><span class='ocrx_word' id='word_1_1' title='bbox 153 180 193 238; x_wconf 78' lang='lat'><strong>78</strong></span> <span class='ocrx_word' id='word_1_2' title='bbox 495 189 523 223; x_wconf 73' lang='lat' dir='ltr'><strong>m</strong></span> <span class='ocrx_word' id='word_1_3' title='bbox 543 188 654 224; x_wconf 74' lang='lat' dir='ltr'><strong>pruma</strong></span> <span class='ocrx_word' id='word_1_4' title='bbox 673 188 774 224; x_wconf 77' lang='lat' dir='ltr'><strong>crosso</strong></span> 
     </span>
    </p>
   </div>
   <div class='ocr_carea' id='block_1_2' title="bbox 148 311 1121 2733">
    <p class='ocr_par' dir='ltr' id='par_1_2' title="bbox 148 311 1121 2733">
     <span class='ocr_line' id='line_1_2' title="bbox 151 311 1121 389; baseline -0.001 -17"><span class='ocrx_word' id='word_1_5' title='bbox 151 333 212 373; x_wconf 91' lang='lat' dir='ltr'><strong>cum</strong></span> <span class='ocrx_word' id='word_1_6' title='bbox 227 316 319 389; x_wconf 76' lang='lat' dir='ltr'><strong>agitur</strong></span> <span class='ocrx_word' id='word_1_7' title='bbox 334 329 444 382; x_wconf 88' lang='lat' dir='ltr'><strong>seuere;</strong></span> <span class='ocrx_word' id='word_1_8' title='bbox 460 314 555 369; x_wconf 91' lang='lat' dir='ltr'><strong>deinde</strong></span> <span class='ocrx_word' id='word_1_9' title='bbox 566 315 594 369; x_wconf 91' lang='lat' dir='ltr'><strong>ui</strong></span> <span class='ocrx_word' id='word_1_10' title='bbox 610 315 725 388; x_wconf 85' lang='lat' dir='ltr'><strong>opprimi</strong></span> <span class='ocrx_word' id='word_1_11' title='bbox 738 314 766 369; x_wconf 91' lang='lat' dir='ltr'><strong>in</strong></span> <span class='ocrx_word' id='word_1_12' title='bbox 776 311 848 370; x_wconf 91' lang='lat' dir='ltr'><strong>bona&#39;</strong></span> <span class='ocrx_word' id='word_1_13' title='bbox 864 322 1002 371; x_wconf 89' lang='lat' dir='ltr'><strong>causaest</strong></span> <span class='ocrx_word' id='word_1_14' title='bbox 1018 315 1121 371; x_wconf 87' lang='lat' dir='ltr'><strong>melius</strong></span> 
     </span>
     <span class='ocr_line' id='line_1_3' title="bbox 151 398 1118 474; baseline -0.001 -19"><span class='ocrx_word' id='word_1_15' title='bbox 151 416 230 474; x_wconf 91' lang='lat' dir='ltr'><strong>quam</strong></span> <span class='ocrx_word' id='word_1_16' title='bbox 245 398 329 454; x_wconf 91' lang='lat' dir='ltr'><strong>malae</strong></span> <span class='ocrx_word' id='word_1_17' title='bbox 345 399 450 457; x_wconf 86' lang='lat' dir='ltr'><strong>cedere.</strong></span> <span class='ocrx_word' id='word_1_18' title='bbox 481 399 543 471; x_wconf 91' lang='lat' dir='ltr'><strong>quis</strong></span> <span class='ocrx_word' id='word_1_19' title='bbox 558 406 648 453; x_wconf 89' lang='lat' dir='ltr'><strong>autern</strong></span> <span class='ocrx_word' id='word_1_20' title='bbox 663 414 718 453; x_wconf 91' lang='lat' dir='ltr'><strong>non</strong></span> <span class='ocrx_word' id='word_1_21' title='bbox 733 400 826 469; x_wconf 84' lang='lat' dir='ltr'><strong>sentit,</strong></span> <span class='ocrx_word' id='word_1_22' title='bbox 844 414 951 454; x_wconf 89' lang='lat' dir='ltr'><strong>omnem</strong></span> <span class='ocrx_word' id='word_1_23' title='bbox 967 399 1118 455; x_wconf 89' lang='lat' dir='ltr'><strong>auctorita·</strong></span> 
     </span>
     <span class='ocr_line' id='line_1_4' title="bbox 150 480 1120 555; baseline -0.002 -16"><span class='ocrx_word' id='word_1_24' title='bbox 150 493 204 539; x_wconf 90' lang='lat' dir='ltr'><strong>tem</strong></span> <span class='ocrx_word' id='word_1_25' title='bbox 220 483 389 555; x_wconf 91' lang='lat' dir='ltr'><strong>optimatium</strong></span> <span class='ocrx_word' id='word_1_26' title='bbox 405 480 569 538; x_wconf 80' lang='lat' dir='ltr'><strong>tabellarium</strong></span> <span class='ocrx_word' id='word_1_27' title='bbox 591 482 678 555; x_wconf 77' lang='lat' dir='ltr'><strong>legem</strong></span> <span class='ocrx_word' id='word_1_28' title='bbox 701 481 864 537; x_wconf 79' lang='lat' dir='ltr'><strong>abstulisse?</strong></span> <span class='ocrx_word' id='word_1_29' title='bbox 894 498 974 555; x_wconf 88' lang='lat' dir='ltr'><strong>quam</strong></span> <span class='ocrx_word' id='word_1_30' title='bbox 996 482 1120 555; x_wconf 91' lang='lat' dir='ltr'><strong>populus</strong></span> 
     </span>
     <span class='ocr_line' id='line_1_5' title="bbox 150 565 1119 640; baseline -0.001 -17"><span class='ocrx_word' id='word_1_31' title='bbox 150 566 220 634; x_wconf 84' lang='lat' dir='ltr'><strong>liber</strong></span> <span class='ocrx_word' id='word_1_32' title='bbox 240 582 385 639; x_wconf 82' lang='lat' dir='ltr'><strong>numquam</strong></span> <span class='ocrx_word' id='word_1_33' title='bbox 407 565 585 635; x_wconf 85' lang='lat' dir='ltr'><strong>desiderauit,</strong></span> <span class='ocrx_word' id='word_1_34' title='bbox 609 565 680 622; x_wconf 88' lang='lat' dir='ltr'><strong>idem</strong></span> <span class='ocrx_word' id='word_1_35' title='bbox 702 582 851 640; x_wconf 91' lang='lat' dir='ltr'><strong>oppressus</strong></span> <span class='ocrx_word' id='word_1_36' title='bbox 867 566 1008 622; x_wconf 87' lang='lat' dir='ltr'><strong>dominatu</strong></span> <span class='ocrx_word' id='word_1_37' title='bbox 1022 583 1052 621; x_wconf 92' lang='lat' dir='ltr'><strong>ac</strong></span> <span class='ocrx_word' id='word_1_38' title='bbox 1066 583 1119 639; x_wconf 93' lang='lat' dir='ltr'><strong>po·</strong></span> 
     </span>
     <span class='ocr_line' id='line_1_6' title="bbox 151 646 1119 724; baseline -0.002 -17"><span class='ocrx_word' id='word_1_39' title='bbox 151 652 234 707; x_wconf 88' lang='lat' dir='ltr'><strong>tentia</strong></span> <span class='ocrx_word' id='word_1_40' title='bbox 254 650 405 723; x_wconf 86' lang='lat' dir='ltr'><strong>principum</strong></span> <span class='ocrx_word' id='word_1_41' title='bbox 426 648 568 722; x_wconf 80' lang='lat' dir='ltr'><strong>flagitauit.</strong></span> <span class='ocrx_word' id='word_1_42' title='bbox 596 651 689 724; x_wconf 92' lang='lat' dir='ltr'><strong>itaque</strong></span> <span class='ocrx_word' id='word_1_43' title='bbox 709 651 835 724; x_wconf 74' lang='lat' dir='ltr'><strong>grauiora</strong></span> <span class='ocrx_word' id='word_1_44' title='bbox 851 649 949 705; x_wconf 91' lang='lat' dir='ltr'><strong>iudicia</strong></span> <span class='ocrx_word' id='word_1_45' title='bbox 965 650 999 705; x_wconf 87' lang='lat' dir='ltr'><strong>dc</strong></span> <span class='ocrx_word' id='word_1_46' title='bbox 1015 646 1119 724; x_wconf 85' lang='lat' dir='ltr'><strong>poten·</strong></span> 
     </span>
     <span class='ocr_line' id='line_1_7' title="bbox 149 733 1119 807; baseline 0 -18"><span class='ocrx_word' id='word_1_47' title='bbox 149 734 262 790; x_wconf 90' lang='lat' dir='ltr'><strong>tissimis</strong></span> <span class='ocrx_word' id='word_1_48' title='bbox 284 734 437 789; x_wconf 84' lang='lat' dir='ltr'><strong>bominibus</strong></span> <span class='ocrx_word' id='word_1_49' title='bbox 457 741 549 789; x_wconf 84' lang='lat' dir='ltr'><strong>entant</strong></span> <span class='ocrx_word' id='word_1_50' title='bbox 564 735 639 789; x_wconf 88' lang='lat' dir='ltr'><strong>uocis</strong></span> <span class='ocrx_word' id='word_1_51' title='bbox 655 749 735 807; x_wconf 89' lang='lat' dir='ltr'><strong>quam</strong></span> <span class='ocrx_word' id='word_1_52' title='bbox 751 733 877 791; x_wconf 87' lang='lat' dir='ltr'><strong>tabellae.</strong></span> <span class='ocrx_word' id='word_1_53' title='bbox 909 748 990 806; x_wconf 90' lang='lat' dir='ltr'><strong>quam</strong></span> <span class='ocrx_word' id='word_1_54' title='bbox 1007 733 1119 789; x_wconf 89' lang='lat' dir='ltr'><strong>obrem</strong></span> 
     </span>
     <span class='ocr_line' id='line_1_8' title="bbox 150 815 1119 891; baseline -0.001 -17"><span class='ocrx_word' id='word_1_55' title='bbox 150 817 315 891; x_wconf 78' lang='lat' dir='ltr'><strong>suffragandi</strong></span> <span class='ocrx_word' id='word_1_56' title='bbox 335 819 416 874; x_wconf 89' lang='lat' dir='ltr'><strong>nimia</strong></span> <span class='ocrx_word' id='word_1_57' title='bbox 431 816 514 874; x_wconf 92' lang='lat' dir='ltr'><strong>libido</strong></span> <span class='ocrx_word' id='word_1_58' title='bbox 531 819 558 872; x_wconf 93' lang='lat' dir='ltr'><strong>in</strong></span> <span class='ocrx_word' id='word_1_59' title='bbox 573 833 629 873; x_wconf 90' lang='lat' dir='ltr'><strong>uon</strong></span> <span class='ocrx_word' id='word_1_60' title='bbox 644 815 724 873; x_wconf 90' lang='lat' dir='ltr'><strong>bonis</strong></span> <span class='ocrx_word' id='word_1_61' title='bbox 739 820 829 873; x_wconf 88' lang='lat' dir='ltr'><strong>causis</strong></span> <span class='ocrx_word' id='word_1_62' title='bbox 845 817 982 890; x_wconf 88' lang='lat' dir='ltr'><strong>eripienda</strong></span> <span class='ocrx_word' id='word_1_63' title='bbox 998 817 1051 873; x_wconf 84' lang='lat' dir='ltr'><strong>luit</strong></span> <span class='ocrx_word' id='word_1_64' title='bbox 1064 834 1119 890; x_wconf 91' lang='lat' dir='ltr'><strong>po·</strong></span> 
     </span>
     <span class='ocr_line' id='line_1_9' title="bbox 149 899 1118 975; baseline 0 -18"><span class='ocrx_word' id='word_1_65' title='bbox 149 900 279 973; x_wconf 88' lang='lat' dir='ltr'><strong>tentibus,</strong></span> <span class='ocrx_word' id='word_1_66' title='bbox 295 919 351 958; x_wconf 92' lang='lat' dir='ltr'><strong>non</strong></span> <span class='ocrx_word' id='word_1_67' title='bbox 362 901 464 958; x_wconf 88' lang='lat' dir='ltr'><strong>latebra</strong></span> <span class='ocrx_word' id='word_1_68' title='bbox 479 899 565 956; x_wconf 92' lang='lat' dir='ltr'><strong>danda</strong></span> <span class='ocrx_word' id='word_1_69' title='bbox 576 901 691 974; x_wconf 91' lang='lat' dir='ltr'><strong>populo,</strong></span> <span class='ocrx_word' id='word_1_70' title='bbox 705 902 733 957; x_wconf 91' lang='lat' dir='ltr'><strong>in</strong></span> <span class='ocrx_word' id='word_1_71' title='bbox 749 918 801 975; x_wconf 91' lang='lat' dir='ltr'><strong>qua</strong></span> <span class='ocrx_word' id='word_1_72' title='bbox 816 900 895 959; x_wconf 88' lang='lat' dir='ltr'><strong>bonis</strong></span> <span class='ocrx_word' id='word_1_73' title='bbox 911 900 1118 974; x_wconf 76' lang='lat' dir='ltr'><strong>ignorantibus,</strong></span> 
     </span>
     <span class='ocr_line' id='line_1_10' title="bbox 150 984 1119 1060; baseline 0.001 -19"><span class='ocrx_word' id='word_1_74' title='bbox 150 986 215 1059; x_wconf 90' lang='lat' dir='ltr'><strong>quid</strong></span> <span class='ocrx_word' id='word_1_75' title='bbox 236 988 351 1060; x_wconf 87' lang='lat' dir='ltr'><strong>quisque</strong></span> <span class='ocrx_word' id='word_1_76' title='bbox 370 988 494 1055; x_wconf 82' lang='lat' dir='ltr'><strong>sentiret,</strong></span> <span class='ocrx_word' id='word_1_77' title='bbox 516 984 616 1040; x_wconf 91' lang='lat' dir='ltr'><strong>tabella</strong></span> <span class='ocrx_word' id='word_1_78' title='bbox 636 986 765 1041; x_wconf 89' lang='lat' dir='ltr'><strong>uitiosum</strong></span> <span class='ocrx_word' id='word_1_79' title='bbox 781 985 932 1042; x_wconf 80' lang='lat' dir='ltr'><strong>occultaret</strong></span> <span class='ocrx_word' id='word_1_80' title='bbox 946 984 1119 1059; x_wconf 81' lang='lat' dir='ltr'><strong>suffragium.</strong></span> 
     </span>
     <span class='ocr_line' id='line_1_11' title="bbox 149 1068 1119 1143; baseline -0.002 -18"><span class='ocrx_word' id='word_1_81' title='bbox 149 1070 240 1143; x_wconf 91' lang='lat' dir='ltr'><strong>itaque</strong></span> <span class='ocrx_word' id='word_1_82' title='bbox 254 1072 300 1125; x_wconf 89' lang='lat' dir='ltr'><strong>isti</strong></span> <span class='ocrx_word' id='word_1_83' title='bbox 316 1071 415 1126; x_wconf 86' lang='lat' dir='ltr'><strong>rationi</strong></span> <span class='ocrx_word' id='word_1_84' title='bbox 427 1085 515 1141; x_wconf 86' lang='lat' dir='ltr'><strong>neque</strong></span> <span class='ocrx_word' id='word_1_85' title='bbox 526 1068 598 1123; x_wconf 91' lang='lat' dir='ltr'><strong>lator</strong></span> <span class='ocrx_word' id='word_1_86' title='bbox 609 1070 752 1141; x_wconf 92' lang='lat' dir='ltr'><strong>quisquam</strong></span> <span class='ocrx_word' id='word_1_87' title='bbox 765 1076 807 1124; x_wconf 91' lang='lat' dir='ltr'><strong>est</strong></span> <span class='ocrx_word' id='word_1_88' title='bbox 817 1070 946 1124; x_wconf 90' lang='lat' dir='ltr'><strong>inuentus</strong></span> <span class='ocrx_word' id='word_1_89' title='bbox 956 1084 1007 1124; x_wconf 88' lang='lat' dir='ltr'><strong>uec</strong></span> <span class='ocrx_word' id='word_1_90' title='bbox 1019 1076 1119 1124; x_wconf 83' lang='lat' dir='ltr'><strong>auctor</strong></span> 
     </span>
     <span class='ocr_line' id='line_1_12' title="bbox 148 1148 1119 1227; baseline -0.002 -18"><span class='ocrx_word' id='word_1_91' title='bbox 148 1169 275 1227; x_wconf 88' lang='lat' dir='ltr'><strong>umquam</strong></span> <span class='ocrx_word' id='word_1_92' title='bbox 302 1152 399 1209; x_wconf 88' lang='lat' dir='ltr'><strong>bonus.</strong></span> <span class='ocrx_word' id='word_1_93' title='bbox 440 1151 505 1207; x_wconf 86' lang='lat' dir='ltr'><strong>xvt.</strong></span> <span class='ocrx_word' id='word_1_94' title='bbox 533 1148 581 1208; x_wconf 74' lang='lat'><strong>86.</strong></span> <span class='ocrx_word' id='word_1_95' title='bbox 604 1160 669 1207; x_wconf 91' lang='lat' dir='ltr'><strong>sunt</strong></span> <span class='ocrx_word' id='word_1_96' title='bbox 690 1153 760 1209; x_wconf 86' lang='lat' dir='ltr'><strong>euim</strong></span> <span class='ocrx_word' id='word_1_97' title='bbox 781 1160 913 1227; x_wconf 90' lang='lat' dir='ltr'><strong>quattuor</strong></span> <span class='ocrx_word' id='word_1_98' title='bbox 932 1152 1010 1224; x_wconf 81' lang='lat' dir='ltr'><strong>leges</strong></span> <span class='ocrx_word' id='word_1_99' title='bbox 1029 1150 1119 1207; x_wconf 89' lang='lat' dir='ltr'><strong>tabel-</strong></span> 
     </span>
     <span class='ocr_line' id='line_1_13' title="bbox 148 1234 1117 1309; baseline -0.003 -16"><span class='ocrx_word' id='word_1_100' title='bbox 148 1236 238 1307; x_wconf 83' lang='lat' dir='ltr'><strong>lariae,</strong></span> <span class='ocrx_word' id='word_1_101' title='bbox 261 1252 374 1308; x_wconf 92' lang='lat' dir='ltr'><strong>quarum</strong></span> <span class='ocrx_word' id='word_1_102' title='bbox 396 1236 481 1309; x_wconf 90' lang='lat' dir='ltr'><strong>prima</strong></span> <span class='ocrx_word' id='word_1_103' title='bbox 500 1234 534 1290; x_wconf 93' lang='lat' dir='ltr'><strong>de</strong></span> <span class='ocrx_word' id='word_1_104' title='bbox 549 1234 753 1308; x_wconf 81' lang='lat' dir='ltr'><strong>magistratibus</strong></span> <span class='ocrx_word' id='word_1_105' title='bbox 768 1234 939 1292; x_wconf 57' lang='lat' dir='ltr'><strong>mandandis&amp;</strong></span> <span class='ocrx_word' id='word_1_106' title='bbox 959 1251 989 1291; x_wconf 87' lang='lat' dir='ltr'><strong>ca</strong></span> <span class='ocrx_word' id='word_1_107' title='bbox 1005 1244 1048 1291; x_wconf 90' lang='lat' dir='ltr'><strong>est</strong></span> <span class='ocrx_word' id='word_1_108' title='bbox 1064 1234 1117 1290; x_wconf 84' lang='lat' dir='ltr'><strong>lia-</strong></span> 
     </span>
     <span class='ocr_line' id='line_1_14' title="bbox 148 1317 1119 1393; baseline -0.001 -17"><span class='ocrx_word' id='word_1_109' title='bbox 148 1320 229 1389; x_wconf 89' lang='lat' dir='ltr'><strong>binia,</strong></span> <span class='ocrx_word' id='word_1_110' title='bbox 251 1319 305 1375; x_wconf 89' lang='lat' dir='ltr'><strong>lata</strong></span> <span class='ocrx_word' id='word_1_111' title='bbox 327 1317 361 1375; x_wconf 90' lang='lat' dir='ltr'><strong>ab</strong></span> <span class='ocrx_word' id='word_1_112' title='bbox 381 1320 490 1374; x_wconf 89' lang='lat' dir='ltr'><strong>bomine</strong></span> <span class='ocrx_word' id='word_1_113' title='bbox 511 1320 608 1391; x_wconf 81' lang='lat' dir='ltr'><strong>ignoto</strong></span> <span class='ocrx_word' id='word_1_114' title='bbox 623 1327 652 1375; x_wconf 90' lang='lat' dir='ltr'><strong>et</strong></span> <span class='ocrx_word' id='word_1_115' title='bbox 666 1319 788 1376; x_wconf 89' lang='lat' dir='ltr'><strong>sordido.</strong></span> <span class='ocrx_word' id='word_1_116' title='bbox 819 1327 911 1376; x_wconf 90' lang='lat' dir='ltr'><strong>secuta</strong></span> <span class='ocrx_word' id='word_1_117' title='bbox 926 1319 1035 1375; x_wconf 89' lang='lat' dir='ltr'><strong>biennio</strong></span> <span class='ocrx_word' id='word_1_118' title='bbox 1050 1328 1119 1393; x_wconf 88' lang='lat' dir='ltr'><strong>post</strong></span> 
     </span>
     <span class='ocr_line' id='line_1_15' title="bbox 149 1401 1116 1477; baseline 0.001 -18"><span class='ocrx_word' id='word_1_119' title='bbox 149 1402 240 1459; x_wconf 83' lang='lat' dir='ltr'><strong>Cassia</strong></span> <span class='ocrx_word' id='word_1_120' title='bbox 260 1410 303 1459; x_wconf 90' lang='lat' dir='ltr'><strong>est</strong></span> <span class='ocrx_word' id='word_1_121' title='bbox 324 1402 358 1458; x_wconf 89' lang='lat' dir='ltr'><strong>de</strong></span> <span class='ocrx_word' id='word_1_122' title='bbox 378 1401 474 1477; x_wconf 91' lang='lat' dir='ltr'><strong>populi</strong></span> <span class='ocrx_word' id='word_1_123' title='bbox 488 1401 607 1474; x_wconf 88' lang='lat' dir='ltr'><strong>iudiciis,</strong></span> <span class='ocrx_word' id='word_1_124' title='bbox 628 1419 643 1458; x_wconf 88' lang='lat' dir='ltr'><strong>a</strong></span> <span class='ocrx_word' id='word_1_125' title='bbox 658 1401 742 1459; x_wconf 91' lang='lat' dir='ltr'><strong>nobili</strong></span> <span class='ocrx_word' id='word_1_126' title='bbox 756 1404 866 1459; x_wconf 88' lang='lat' dir='ltr'><strong>homino</strong></span> <span class='ocrx_word' id='word_1_127' title='bbox 880 1402 945 1473; x_wconf 90' lang='lat' dir='ltr'><strong>lata,</strong></span> <span class='ocrx_word' id='word_1_128' title='bbox 964 1402 995 1459; x_wconf 87' lang='lat' dir='ltr'><strong>b.</strong></span> <span class='ocrx_word' id='word_1_129' title='bbox 1011 1401 1116 1476; x_wconf 83' lang='lat' dir='ltr'><strong>Cassio,</strong></span> 
     </span>
     <span class='ocr_line' id='line_1_16' title="bbox 148 1486 1117 1562; baseline 0 -19"><span class='ocrx_word' id='word_1_130' title='bbox 148 1488 212 1559; x_wconf 87' lang='lat' dir='ltr'><strong>sed,</strong></span> <span class='ocrx_word' id='word_1_131' title='bbox 234 1503 300 1562; x_wconf 90' lang='lat' dir='ltr'><strong>pace</strong></span> <span class='ocrx_word' id='word_1_132' title='bbox 315 1486 428 1542; x_wconf 83' lang='lat' dir='ltr'><strong>familiae</strong></span> <span class='ocrx_word' id='word_1_133' title='bbox 443 1486 565 1556; x_wconf 83' lang='lat' dir='ltr'><strong>dixerim,</strong></span> <span class='ocrx_word' id='word_1_134' title='bbox 581 1486 729 1543; x_wconf 83' lang='lat' dir='ltr'><strong>dissidente</strong></span> <span class='ocrx_word' id='word_1_135' title='bbox 745 1486 851 1543; x_wconf 91' lang='lat' dir='ltr'><strong>abonis</strong></span> <span class='ocrx_word' id='word_1_136' title='bbox 867 1495 947 1560; x_wconf 89' lang='lat' dir='ltr'><strong>atque</strong></span> <span class='ocrx_word' id='word_1_137' title='bbox 962 1486 1050 1543; x_wconf 88' lang='lat' dir='ltr'><strong>omnis</strong></span> <span class='ocrx_word' id='word_1_138' title='bbox 1066 1503 1117 1543; x_wconf 91' lang='lat' dir='ltr'><strong>ru-</strong></span> 
     </span>
     <span class='ocr_line' id='line_1_17' title="bbox 148 1570 1118 1646; baseline 0.002 -19"><span class='ocrx_word' id='word_1_139' title='bbox 148 1571 287 1627; x_wconf 86' lang='lat' dir='ltr'><strong>musculos</strong></span> <span class='ocrx_word' id='word_1_140' title='bbox 307 1570 432 1644; x_wconf 89' lang='lat' dir='ltr'><strong>populari</strong></span> <span class='ocrx_word' id='word_1_141' title='bbox 451 1571 558 1626; x_wconf 90' lang='lat' dir='ltr'><strong>ratione</strong></span> <span class='ocrx_word' id='word_1_142' title='bbox 577 1579 737 1646; x_wconf 89' lang='lat' dir='ltr'><strong>aucupante.</strong></span> <span class='ocrx_word' id='word_1_143' title='bbox 768 1570 895 1627; x_wconf 84' lang='lat' dir='ltr'><strong>Carbonis</strong></span> <span class='ocrx_word' id='word_1_144' title='bbox 916 1578 958 1627; x_wconf 88' lang='lat' dir='ltr'><strong>est</strong></span> <span class='ocrx_word' id='word_1_145' title='bbox 978 1572 1059 1627; x_wconf 88' lang='lat' dir='ltr'><strong>tertia</strong></span> <span class='ocrx_word' id='word_1_146' title='bbox 1081 1570 1118 1629; x_wconf 87' lang='lat' dir='ltr'><strong>de</strong></span> 
     </span>
     <span class='ocr_line' id='line_1_18' title="bbox 148 1652 1116 1730; baseline -0.001 -19"><span class='ocrx_word' id='word_1_147' title='bbox 148 1654 273 1711; x_wconf 89' lang='lat' dir='ltr'><strong>iubendis</strong></span> <span class='ocrx_word' id='word_1_148' title='bbox 288 1652 394 1726; x_wconf 82' lang='lat' dir='ltr'><strong>legibus</strong></span> <span class='ocrx_word' id='word_1_149' title='bbox 410 1670 441 1709; x_wconf 90' lang='lat' dir='ltr'><strong>ac</strong></span> <span class='ocrx_word' id='word_1_150' title='bbox 454 1654 588 1730; x_wconf 89' lang='lat' dir='ltr'><strong>uetaudis,</strong></span> <span class='ocrx_word' id='word_1_151' title='bbox 609 1655 732 1712; x_wconf 84' lang='lat' dir='ltr'><strong>seditiosi</strong></span> <span class='ocrx_word' id='word_1_152' title='bbox 749 1663 831 1728; x_wconf 89' lang='lat' dir='ltr'><strong>atque</strong></span> <span class='ocrx_word' id='word_1_153' title='bbox 850 1653 956 1729; x_wconf 88' lang='lat' dir='ltr'><strong>inprobi</strong></span> <span class='ocrx_word' id='word_1_154' title='bbox 971 1656 1049 1725; x_wconf 88' lang='lat' dir='ltr'><strong>ciuis,</strong></span> <span class='ocrx_word' id='word_1_155' title='bbox 1070 1657 1116 1711; x_wconf 90' lang='lat' dir='ltr'><strong>cui</strong></span> 
     </span>
     <span class='ocr_line' id='line_1_19' title="bbox 149 1736 1115 1812; baseline -0.002 -17"><span class='ocrx_word' id='word_1_156' title='bbox 149 1755 183 1795; x_wconf 91' lang='lat' dir='ltr'><strong>ue</strong></span> <span class='ocrx_word' id='word_1_157' title='bbox 204 1739 308 1793; x_wconf 90' lang='lat' dir='ltr'><strong>reditus</strong></span> <span class='ocrx_word' id='word_1_158' title='bbox 330 1737 438 1811; x_wconf 89' lang='lat' dir='ltr'><strong>quidem</strong></span> <span class='ocrx_word' id='word_1_159' title='bbox 457 1738 491 1794; x_wconf 91' lang='lat' dir='ltr'><strong>ad</strong></span> <span class='ocrx_word' id='word_1_160' title='bbox 512 1736 598 1795; x_wconf 91' lang='lat' dir='ltr'><strong>bonos</strong></span> <span class='ocrx_word' id='word_1_161' title='bbox 620 1739 734 1795; x_wconf 89' lang='lat' dir='ltr'><strong>salutem</strong></span> <span class='ocrx_word' id='word_1_162' title='bbox 756 1756 771 1794; x_wconf 92' lang='lat' dir='ltr'><strong>a</strong></span> <span class='ocrx_word' id='word_1_163' title='bbox 794 1739 872 1795; x_wconf 89' lang='lat' dir='ltr'><strong>bonis</strong></span> <span class='ocrx_word' id='word_1_164' title='bbox 892 1740 983 1812; x_wconf 89' lang='lat' dir='ltr'><strong>potuit</strong></span> <span class='ocrx_word' id='word_1_165' title='bbox 998 1739 1115 1795; x_wconf 77' lang='lat' dir='ltr'><strong>adferre.</strong></span> 
     </span>
     <span class='ocr_line' id='line_1_20' title="bbox 148 1818 1115 1895; baseline -0.002 -15"><span class='ocrx_word' id='word_1_166' title='bbox 148 1818 196 1880; x_wconf 80' lang='lat'><strong>86.</strong></span> <span class='ocrx_word' id='word_1_167' title='bbox 218 1838 274 1878; x_wconf 92' lang='lat' dir='ltr'><strong>uno</strong></span> <span class='ocrx_word' id='word_1_168' title='bbox 295 1822 324 1877; x_wconf 91' lang='lat' dir='ltr'><strong>in</strong></span> <span class='ocrx_word' id='word_1_169' title='bbox 345 1837 445 1895; x_wconf 82' lang='lat' dir='ltr'><strong>genere</strong></span> <span class='ocrx_word' id='word_1_170' title='bbox 464 1821 581 1895; x_wconf 89' lang='lat' dir='ltr'><strong>relinqui</strong></span> <span class='ocrx_word' id='word_1_171' title='bbox 602 1821 745 1878; x_wconf 90' lang='lat' dir='ltr'><strong>uidebatur</strong></span> <span class='ocrx_word' id='word_1_172' title='bbox 765 1824 840 1879; x_wconf 84' lang='lat' dir='ltr'><strong>uocis</strong></span> <span class='ocrx_word' id='word_1_173' title='bbox 855 1822 1023 1895; x_wconf 80' lang='lat' dir='ltr'><strong>suffragium,</strong></span> <span class='ocrx_word' id='word_1_174' title='bbox 1040 1822 1115 1894; x_wconf 91' lang='lat' dir='ltr'><strong>quod</strong></span> 
     </span>
     <span class='ocr_line' id='line_1_21' title="bbox 148 1905 1114 1981; baseline 0.001 -19"><span class='ocrx_word' id='word_1_175' title='bbox 148 1909 207 1979; x_wconf 88' lang='lat' dir='ltr'><strong>ipse</strong></span> <span class='ocrx_word' id='word_1_176' title='bbox 219 1905 325 1962; x_wconf 85' lang='lat' dir='ltr'><strong>Cassius</strong></span> <span class='ocrx_word' id='word_1_177' title='bbox 338 1913 489 1981; x_wconf 81' lang='lat' dir='ltr'><strong>exceperat,</strong></span> <span class='ocrx_word' id='word_1_178' title='bbox 501 1905 710 1979; x_wconf 87' lang='lat' dir='ltr'><strong>perduellionis:</strong></span> <span class='ocrx_word' id='word_1_179' title='bbox 726 1905 801 1963; x_wconf 88' lang='lat' dir='ltr'><strong>dedit</strong></span> <span class='ocrx_word' id='word_1_180' title='bbox 817 1907 880 1963; x_wconf 84' lang='lat' dir='ltr'><strong>lrttic</strong></span> <span class='ocrx_word' id='word_1_181' title='bbox 893 1922 1002 1980; x_wconf 89' lang='lat' dir='ltr'><strong>quoque</strong></span> <span class='ocrx_word' id='word_1_182' title='bbox 1014 1906 1114 1963; x_wconf 90' lang='lat' dir='ltr'><strong>iudicio</strong></span> 
     </span>
     <span class='ocr_line' id='line_1_22' title="bbox 149 1988 1115 2064; baseline 0.001 -19"><span class='ocrx_word' id='word_1_183' title='bbox 149 1990 177 2045; x_wconf 86' lang='lat' dir='ltr'><strong>G.</strong></span> <span class='ocrx_word' id='word_1_184' title='bbox 195 1989 300 2046; x_wconf 81' lang='lat' dir='ltr'><strong>Caelius</strong></span> <span class='ocrx_word' id='word_1_185' title='bbox 317 1988 439 2045; x_wconf 79' lang='lat' dir='ltr'><strong>tabellam</strong></span> <span class='ocrx_word' id='word_1_186' title='bbox 454 1989 607 2062; x_wconf 91' lang='lat' dir='ltr'><strong>doluitque,</strong></span> <span class='ocrx_word' id='word_1_187' title='bbox 623 1988 712 2061; x_wconf 91' lang='lat' dir='ltr'><strong>quoad</strong></span> <span class='ocrx_word' id='word_1_188' title='bbox 728 1991 810 2063; x_wconf 82' lang='lat' dir='ltr'><strong>uixit,</strong></span> <span class='ocrx_word' id='word_1_189' title='bbox 832 2007 878 2060; x_wconf 90' lang='lat' dir='ltr'><strong>se,</strong></span> <span class='ocrx_word' id='word_1_190' title='bbox 900 1998 931 2046; x_wconf 90' lang='lat' dir='ltr'><strong>ut</strong></span> <span class='ocrx_word' id='word_1_191' title='bbox 946 1992 1115 2064; x_wconf 87' lang='lat' dir='ltr'><strong>opprimeret</strong></span> 
     </span>
     <span class='ocr_line' id='line_1_23' title="bbox 150 2073 1115 2148; baseline 0.001 -20"><span class='ocrx_word' id='word_1_192' title='bbox 150 2074 178 2128; x_wconf 79' lang='lat' dir='ltr'><strong>t.</strong></span> <span class='ocrx_word' id='word_1_193' title='bbox 193 2073 336 2148; x_wconf 89' lang='lat' dir='ltr'><strong>Popilium,</strong></span> <span class='ocrx_word' id='word_1_194' title='bbox 352 2076 480 2131; x_wconf 87' lang='lat' dir='ltr'><strong>nocuisse</strong></span> <span class='ocrx_word' id='word_1_195' title='bbox 495 2074 540 2128; x_wconf 86' lang='lat' dir='ltr'><strong>rei·</strong></span> <span class='ocrx_word' id='word_1_196' title='bbox 549 2073 682 2145; x_wconf 90' lang='lat' dir='ltr'><strong>publicae.</strong></span> <span class='ocrx_word' id='word_1_197' title='bbox 707 2080 734 2128; x_wconf 90' lang='lat' dir='ltr'><strong>et</strong></span> <span class='ocrx_word' id='word_1_198' title='bbox 750 2089 818 2129; x_wconf 92' lang='lat' dir='ltr'><strong>auus</strong></span> <span class='ocrx_word' id='word_1_199' title='bbox 834 2074 942 2148; x_wconf 88' lang='lat' dir='ltr'><strong>quidem</strong></span> <span class='ocrx_word' id='word_1_200' title='bbox 951 2083 1046 2130; x_wconf 89' lang='lat' dir='ltr'><strong>noster</strong></span> <span class='ocrx_word' id='word_1_201' title='bbox 1058 2074 1115 2129; x_wconf 89' lang='lat' dir='ltr'><strong>sin·</strong></span> 
     </span>
     <span class='ocr_line' id='line_1_24' title="bbox 149 2156 1115 2232; baseline 0.002 -19"><span class='ocrx_word' id='word_1_202' title='bbox 149 2156 238 2232; x_wconf 74' lang='lat' dir='ltr'><strong>gulari</strong></span> <span class='ocrx_word' id='word_1_203' title='bbox 253 2160 356 2215; x_wconf 88' lang='lat' dir='ltr'><strong>uirtute</strong></span> <span class='ocrx_word' id='word_1_204' title='bbox 371 2159 398 2214; x_wconf 91' lang='lat' dir='ltr'><strong>ln</strong></span> <span class='ocrx_word' id='word_1_205' title='bbox 413 2158 467 2215; x_wconf 88' lang='lat' dir='ltr'><strong>boc</strong></span> <span class='ocrx_word' id='word_1_206' title='bbox 480 2158 640 2230; x_wconf 90' lang='lat' dir='ltr'><strong>municipio,</strong></span> <span class='ocrx_word' id='word_1_207' title='bbox 658 2156 748 2230; x_wconf 90' lang='lat' dir='ltr'><strong>quoad</strong></span> <span class='ocrx_word' id='word_1_208' title='bbox 763 2159 846 2229; x_wconf 81' lang='lat' dir='ltr'><strong>uixit,</strong></span> <span class='ocrx_word' id='word_1_209' title='bbox 863 2159 964 2213; x_wconf 88' lang='lat' dir='ltr'><strong>restitit</strong></span> <span class='ocrx_word' id='word_1_210' title='bbox 980 2158 1013 2213; x_wconf 90' lang='lat' dir='ltr'><strong>ll.</strong></span> <span class='ocrx_word' id='word_1_211' title='bbox 1026 2156 1115 2215; x_wconf 83' lang='lat' dir='ltr'><strong>Grati·</strong></span> 
     </span>
     <span class='ocr_line' id='line_1_25' title="bbox 149 2239 1114 2315; baseline 0.002 -19"><span class='ocrx_word' id='word_1_212' title='bbox 149 2241 203 2314; x_wconf 92' lang='lat' dir='ltr'><strong>dio,</strong></span> <span class='ocrx_word' id='word_1_213' title='bbox 224 2244 301 2298; x_wconf 89' lang='lat' dir='ltr'><strong>cuius</strong></span> <span class='ocrx_word' id='word_1_214' title='bbox 321 2244 349 2297; x_wconf 92' lang='lat' dir='ltr'><strong>in</strong></span> <span class='ocrx_word' id='word_1_215' title='bbox 371 2242 543 2296; x_wconf 89' lang='lat' dir='ltr'><strong>matrimonio</strong></span> <span class='ocrx_word' id='word_1_216' title='bbox 567 2256 701 2310; x_wconf 90' lang='lat' dir='ltr'><strong>sororem,</strong></span> <span class='ocrx_word' id='word_1_217' title='bbox 724 2243 810 2297; x_wconf 85' lang='lat' dir='ltr'><strong>auiam</strong></span> <span class='ocrx_word' id='word_1_218' title='bbox 833 2249 963 2314; x_wconf 88' lang='lat' dir='ltr'><strong>nostram,</strong></span> <span class='ocrx_word' id='word_1_219' title='bbox 987 2239 1114 2315; x_wconf 83' lang='lat' dir='ltr'><strong>habebat,</strong></span> 
     </span>
     <span class='ocr_line' id='line_1_26' title="bbox 149 2322 1116 2399; baseline 0.003 -20"><span class='ocrx_word' id='word_1_220' title='bbox 149 2324 247 2381; x_wconf 81' lang='lat' dir='ltr'><strong>ferenti</strong></span> <span class='ocrx_word' id='word_1_221' title='bbox 268 2326 357 2399; x_wconf 78' lang='lat' dir='ltr'><strong>legem</strong></span> <span class='ocrx_word' id='word_1_222' title='bbox 379 2322 558 2379; x_wconf 86' lang='lat' dir='ltr'><strong>tabellariam:</strong></span> <span class='ocrx_word' id='word_1_223' title='bbox 580 2323 715 2379; x_wconf 81' lang='lat' dir='ltr'><strong>excitabat</strong></span> <span class='ocrx_word' id='word_1_224' title='bbox 737 2327 807 2381; x_wconf 88' lang='lat' dir='ltr'><strong>enirn</strong></span> <span class='ocrx_word' id='word_1_225' title='bbox 827 2325 927 2382; x_wconf 87' lang='lat' dir='ltr'><strong>lluctus</strong></span> <span class='ocrx_word' id='word_1_226' title='bbox 942 2325 970 2380; x_wconf 92' lang='lat' dir='ltr'><strong>in</strong></span> <span class='ocrx_word' id='word_1_227' title='bbox 985 2325 1116 2397; x_wconf 87' lang='lat' dir='ltr'><strong>simpulo,</strong></span> 
     </span>
     <span class='ocr_line' id='line_1_27' title="bbox 149 2406 1115 2482; baseline 0.002 -18"><span class='ocrx_word' id='word_1_228' title='bbox 149 2416 181 2464; x_wconf 94' lang='lat' dir='ltr'><strong>ut</strong></span> <span class='ocrx_word' id='word_1_229' title='bbox 200 2408 315 2478; x_wconf 88' lang='lat' dir='ltr'><strong>dicitur,</strong></span> <span class='ocrx_word' id='word_1_230' title='bbox 337 2406 490 2476; x_wconf 87' lang='lat' dir='ltr'><strong>Gratidius,</strong></span> <span class='ocrx_word' id='word_1_231' title='bbox 513 2421 582 2478; x_wconf 94' lang='lat' dir='ltr'><strong>quos</strong></span> <span class='ocrx_word' id='word_1_232' title='bbox 604 2415 669 2479; x_wconf 91' lang='lat' dir='ltr'><strong>post</strong></span> <span class='ocrx_word' id='word_1_233' title='bbox 689 2406 759 2464; x_wconf 87' lang='lat' dir='ltr'><strong>lilius</strong></span> <span class='ocrx_word' id='word_1_234' title='bbox 776 2411 834 2465; x_wconf 91' lang='lat' dir='ltr'><strong>eius</strong></span> <span class='ocrx_word' id='word_1_235' title='bbox 849 2408 948 2465; x_wconf 84' lang='lat' dir='ltr'><strong>ilarius</strong></span> <span class='ocrx_word' id='word_1_236' title='bbox 962 2411 989 2465; x_wconf 87' lang='lat' dir='ltr'><strong>in</strong></span> <span class='ocrx_word' id='word_1_237' title='bbox 1005 2410 1115 2482; x_wconf 76' lang='lat' dir='ltr'><strong>Aegaeo</strong></span> 
     </span>
     <span class='ocr_line' id='line_1_28' title="bbox 149 2486 1116 2569; baseline 0.003 -23"><span class='ocrx_word' id='word_1_238' title='bbox 149 2492 277 2547; x_wconf 80' lang='lat' dir='ltr'><strong>excitauit</strong></span> <span class='ocrx_word' id='word_1_239' title='bbox 296 2491 372 2545; x_wconf 89' lang='lat' dir='ltr'><strong>mari.</strong></span> <span class='ocrx_word' id='word_1_240' title='bbox 402 2505 434 2545; x_wconf 87' lang='lat' dir='ltr'><strong>ac</strong></span> <span class='ocrx_word' id='word_1_241' title='bbox 447 2496 545 2544; x_wconf 88' lang='lat' dir='ltr'><strong>nostro</strong></span> <span class='ocrx_word' id='word_1_242' title='bbox 560 2490 669 2562; x_wconf 90' lang='lat' dir='ltr'><strong>quidem</strong></span> <span class='ocrx_word' id='word_1_243' title='bbox 685 2506 737 2547; x_wconf 90' lang='lat' dir='ltr'><strong>auo</strong></span> <span class='ocrx_word' id='word_1_244' title='bbox 753 2486 838 2565; x_wconf 92' lang='lat' dir='ltr'><strong>ciui,¹</strong></span> <span class='ocrx_word' id='word_1_245' title='bbox 855 2507 916 2549; x_wconf 91' lang='lat' dir='ltr'><strong>cum</strong></span> <span class='ocrx_word' id='word_1_246' title='bbox 932 2509 976 2569; x_wconf 83' lang='lat' dir='ltr'><strong>res</strong></span> <span class='ocrx_word' id='word_1_247' title='bbox 993 2502 1066 2549; x_wconf 89' lang='lat' dir='ltr'><strong>esset</strong></span> <span class='ocrx_word' id='word_1_248' title='bbox 1081 2494 1116 2549; x_wconf 92' lang='lat' dir='ltr'><strong>ad</strong></span> 
     </span>
     <span class='ocr_line' id='line_1_29' title="bbox 148 2572 1115 2649; baseline 0.003 -19"><span class='ocrx_word' id='word_1_249' title='bbox 148 2590 179 2631; x_wconf 88' lang='lat' dir='ltr'><strong>se</strong></span> <span class='ocrx_word' id='word_1_250' title='bbox 193 2574 293 2645; x_wconf 88' lang='lat' dir='ltr'><strong>delata,</strong></span> <span class='ocrx_word' id='word_1_251' title='bbox 310 2573 344 2629; x_wconf 86' lang='lat' dir='ltr'><strong>ll.</strong></span> <span class='ocrx_word' id='word_1_252' title='bbox 356 2572 474 2629; x_wconf 89' lang='lat' dir='ltr'><strong>Scaurus</strong></span> <span class='ocrx_word' id='word_1_253' title='bbox 493 2573 588 2629; x_wconf 89' lang='lat' dir='ltr'><strong>consul</strong></span> <span class='ocrx_word' id='word_1_254' title='bbox 601 2574 739 2646; x_wconf 82' lang='lat' dir='ltr'><strong>‘utinam’,</strong></span> <span class='ocrx_word' id='word_1_255' title='bbox 756 2577 853 2649; x_wconf 90' lang='lat' dir='ltr'><strong>inquit,</strong></span> <span class='ocrx_word' id='word_1_256' title='bbox 872 2574 918 2635; x_wconf 75' lang='lat' dir='ltr'><strong>‘it</strong></span> <span class='ocrx_word' id='word_1_257' title='bbox 933 2575 1037 2649; x_wconf 80' lang='lat' dir='ltr'><strong>Cicero,</strong></span> <span class='ocrx_word' id='word_1_258' title='bbox 1058 2579 1115 2633; x_wconf 90' lang='lat' dir='ltr'><strong>isto</strong></span> 
     </span>
     <span class='ocr_line' id='line_1_30' title="bbox 149 2658 1114 2733; baseline 0.003 -19"><span class='ocrx_word' id='word_1_259' title='bbox 149 2660 238 2715; x_wconf 92' lang='lat' dir='ltr'><strong>animo</strong></span> <span class='ocrx_word' id='word_1_260' title='bbox 261 2666 344 2731; x_wconf 89' lang='lat' dir='ltr'><strong>atque</strong></span> <span class='ocrx_word' id='word_1_261' title='bbox 367 2658 468 2713; x_wconf 89' lang='lat' dir='ltr'><strong>uirtute</strong></span> <span class='ocrx_word' id='word_1_262' title='bbox 490 2658 519 2713; x_wconf 90' lang='lat' dir='ltr'><strong>iu</strong></span> <span class='ocrx_word' id='word_1_263' title='bbox 541 2674 695 2714; x_wconf 88' lang='lat' dir='ltr'><strong>summare</strong></span> <span class='ocrx_word' id='word_1_264' title='bbox 717 2660 823 2733; x_wconf 90' lang='lat' dir='ltr'><strong>publica</strong></span> <span class='ocrx_word' id='word_1_265' title='bbox 845 2658 986 2715; x_wconf 88' lang='lat' dir='ltr'><strong>nobiscum</strong></span> <span class='ocrx_word' id='word_1_266' title='bbox 1008 2663 1114 2717; x_wconf 88' lang='lat' dir='ltr'><strong>uersari</strong></span> 
     </span>
    </p>
   </div>
   <div class='ocr_carea' id='block_1_3' title="bbox 126 2737 1159 3323">
    <p class='ocr_par' dir='ltr' id='par_1_3' title="bbox 126 2737 1159 3323">
     <span class='ocr_line' id='line_1_31' title="bbox 149 2737 1114 2818; baseline 0.002 -20"><span class='ocrx_word' id='word_1_267' title='bbox 149 2758 228 2817; x_wconf 89' lang='lat' dir='ltr'><strong>quam</strong></span> <span class='ocrx_word' id='word_1_268' title='bbox 252 2742 280 2798; x_wconf 88' lang='lat' dir='ltr'><strong>iu</strong></span> <span class='ocrx_word' id='word_1_269' title='bbox 302 2741 453 2814; x_wconf 90' lang='lat' dir='ltr'><strong>municipali</strong></span> <span class='ocrx_word' id='word_1_270' title='bbox 476 2741 641 2799; x_wconf 89' lang='lat' dir='ltr'><strong>maluisses.&#39;</strong></span> <span class='ocrx_word' id='word_1_271' title='bbox 671 2737 717 2799; x_wconf 81' lang='grc'><strong>37.</strong></span> <span class='ocrx_word' id='word_1_272' title='bbox 739 2758 817 2816; x_wconf 91' lang='lat' dir='ltr'><strong>quam</strong></span> <span class='ocrx_word' id='word_1_273' title='bbox 833 2743 868 2799; x_wconf 92' lang='lat' dir='ltr'><strong>ob</strong></span> <span class='ocrx_word' id='word_1_274' title='bbox 889 2758 962 2818; x_wconf 86' lang='lat' dir='ltr'><strong>rem,</strong></span> <span class='ocrx_word' id='word_1_275' title='bbox 984 2746 1114 2818; x_wconf 91' lang='lat' dir='ltr'><strong>quoniam</strong></span> 
     </span>
     <span class='ocr_line' id='line_1_32' title="bbox 148 2825 1114 2902; baseline 0.003 -21"><span class='ocrx_word' id='word_1_276' title='bbox 148 2841 204 2882; x_wconf 92' lang='lat' dir='ltr'><strong>non</strong></span> <span class='ocrx_word' id='word_1_277' title='bbox 225 2826 445 2900; x_wconf 79' lang='lat' dir='ltr'><strong>recognoscimus</strong></span> <span class='ocrx_word' id='word_1_278' title='bbox 468 2841 540 2882; x_wconf 86' lang='lat' dir='ltr'><strong>rruuc</strong></span> <span class='ocrx_word' id='word_1_279' title='bbox 560 2825 636 2900; x_wconf 79' lang='lat' dir='ltr'><strong>leges</strong></span> <span class='ocrx_word' id='word_1_280' title='bbox 651 2826 746 2901; x_wconf 89' lang='lat' dir='ltr'><strong>populi</strong></span> <span class='ocrx_word' id='word_1_281' title='bbox 760 2825 887 2898; x_wconf 87' lang='lat' dir='ltr'><strong>Romani,</strong></span> <span class='ocrx_word' id='word_1_282' title='bbox 910 2826 958 2883; x_wconf 91' lang='lat' dir='ltr'><strong>sed</strong></span> <span class='ocrx_word' id='word_1_283' title='bbox 974 2836 1021 2884; x_wconf 89' lang='lat' dir='ltr'><strong>aut</strong></span> <span class='ocrx_word' id='word_1_284' title='bbox 1035 2844 1114 2902; x_wconf 89' lang='lat' dir='ltr'><strong>repe·</strong></span> 
     </span>
     <span class='ocr_line' id='line_1_33' title="bbox 149 2911 1159 2985; baseline 0.002 -19"><span class='ocrx_word' id='word_1_285' title='bbox 149 2911 230 2966; x_wconf 88' lang='lat' dir='ltr'><strong>timus</strong></span> <span class='ocrx_word' id='word_1_286' title='bbox 245 2916 352 2985; x_wconf 87' lang='lat' dir='ltr'><strong>ereptas</strong></span> <span class='ocrx_word' id='word_1_287' title='bbox 368 2918 415 2965; x_wconf 88' lang='lat' dir='ltr'><strong>aut</strong></span> <span class='ocrx_word' id='word_1_288' title='bbox 429 2925 515 2967; x_wconf 89' lang='lat' dir='ltr'><strong>nouas</strong></span> <span class='ocrx_word' id='word_1_289' title='bbox 529 2911 685 2981; x_wconf 87' lang='lat' dir='ltr'><strong>scribimus,</strong></span> <span class='ocrx_word' id='word_1_290' title='bbox 700 2926 754 2966; x_wconf 89' lang='lat' dir='ltr'><strong>uon</strong></span> <span class='ocrx_word' id='word_1_291' title='bbox 771 2911 835 2983; x_wconf 90' lang='lat' dir='ltr'><strong>quid</strong></span> <span class='ocrx_word' id='word_1_292' title='bbox 851 2912 904 2967; x_wconf 90' lang='lat' dir='ltr'><strong>hoc</strong></span> <span class='ocrx_word' id='word_1_293' title='bbox 917 2911 1021 2985; x_wconf 91' lang='lat' dir='ltr'><strong>populo</strong></span> <span class='ocrx_word' id='word_1_294' title='bbox 1040 2914 1112 2985; x_wconf 91' lang='lat' dir='ltr'><strong>opti·</strong></span> <span class='ocrx_word' id='word_1_295' title='bbox 1155 2930 1159 2937; x_wconf 94' lang='lat'>·</span> 
     </span>
     <span class='ocr_line' id='line_1_34' title="bbox 148 2992 1113 3068; baseline 0.001 -18"><span class='ocrx_word' id='word_1_296' title='bbox 148 2995 207 3050; x_wconf 89' lang='lat' dir='ltr'><strong>neri</strong></span> <span class='ocrx_word' id='word_1_297' title='bbox 222 2995 325 3068; x_wconf 90' lang='lat' dir='ltr'><strong>possit,</strong></span> <span class='ocrx_word' id='word_1_298' title='bbox 344 2994 392 3051; x_wconf 93' lang='lat' dir='ltr'><strong>sed</strong></span> <span class='ocrx_word' id='word_1_299' title='bbox 408 2994 472 3068; x_wconf 88' lang='lat' dir='ltr'><strong>quid</strong></span> <span class='ocrx_word' id='word_1_300' title='bbox 487 2996 619 3068; x_wconf 90' lang='lat' dir='ltr'><strong>optimum</strong></span> <span class='ocrx_word' id='word_1_301' title='bbox 633 2994 687 3067; x_wconf 91' lang='lat' dir='ltr'><strong>sit,</strong></span> <span class='ocrx_word' id='word_1_302' title='bbox 710 2992 758 3050; x_wconf 89' lang='lat' dir='ltr'><strong>tibi</strong></span> <span class='ocrx_word' id='word_1_303' title='bbox 779 2995 920 3051; x_wconf 89' lang='lat' dir='ltr'><strong>dicendum</strong></span> <span class='ocrx_word' id='word_1_304' title='bbox 941 3004 1018 3068; x_wconf 90' lang='lat' dir='ltr'><strong>puto.</strong></span> <span class='ocrx_word' id='word_1_305' title='bbox 1050 3012 1113 3051; x_wconf 94' lang='lat' dir='ltr'><strong>nam</strong></span> 
     </span>
     <span class='ocr_line' id='line_1_35' title="bbox 149 3078 1113 3153; baseline 0.002 -20"><span class='ocrx_word' id='word_1_306' title='bbox 149 3078 253 3134; x_wconf 80' lang='lat' dir='ltr'><strong>Cassiae</strong></span> <span class='ocrx_word' id='word_1_307' title='bbox 264 3078 334 3153; x_wconf 79' lang='lat' dir='ltr'><strong>legis</strong></span> <span class='ocrx_word' id='word_1_308' title='bbox 351 3078 458 3152; x_wconf 89' lang='lat' dir='ltr'><strong>culpam</strong></span> <span class='ocrx_word' id='word_1_309' title='bbox 470 3079 560 3152; x_wconf 89' lang='lat' dir='ltr'><strong>Scipio</strong></span> <span class='ocrx_word' id='word_1_310' title='bbox 571 3086 635 3135; x_wconf 90' lang='lat' dir='ltr'><strong>tuus</strong></span> <span class='ocrx_word' id='word_1_311' title='bbox 648 3080 774 3150; x_wconf 88' lang='lat' dir='ltr'><strong>sustinet,</strong></span> <span class='ocrx_word' id='word_1_312' title='bbox 788 3095 843 3152; x_wconf 91' lang='lat' dir='ltr'><strong>quo</strong></span> <span class='ocrx_word' id='word_1_313' title='bbox 855 3086 967 3137; x_wconf 88' lang='lat' dir='ltr'><strong>auctore</strong></span> <span class='ocrx_word' id='word_1_314' title='bbox 981 3078 1036 3135; x_wconf 90' lang='lat' dir='ltr'><strong>lata</strong></span> <span class='ocrx_word' id='word_1_315' title='bbox 1051 3096 1113 3135; x_wconf 89' lang='lat' dir='ltr'><strong>esse</strong></span> 
     </span>
     <span class='ocr_line' id='line_1_36' title="bbox 126 3162 1112 3237; baseline 0.001 -19"><span class='ocrx_word' id='word_1_316' title='bbox 126 3197 128 3200; x_wconf 94' lang='lat'>-</span> <span class='ocrx_word' id='word_1_317' title='bbox 148 3162 257 3219; x_wconf 87' lang='lat' dir='ltr'><strong>dicitur.</strong></span> <span class='ocrx_word' id='word_1_318' title='bbox 287 3171 334 3235; x_wconf 91' lang='lat' dir='ltr'><strong>tu,</strong></span> <span class='ocrx_word' id='word_1_319' title='bbox 355 3165 377 3219; x_wconf 89' lang='lat' dir='ltr'><strong>si</strong></span> <span class='ocrx_word' id='word_1_320' title='bbox 401 3162 565 3219; x_wconf 88' lang='lat' dir='ltr'><strong>tabellariam</strong></span> <span class='ocrx_word' id='word_1_321' title='bbox 585 3162 696 3233; x_wconf 87' lang='lat' dir='ltr'><strong>tuleris,</strong></span> <span class='ocrx_word' id='word_1_322' title='bbox 718 3164 776 3237; x_wconf 89' lang='lat' dir='ltr'><strong>ipse</strong></span> <span class='ocrx_word' id='word_1_323' title='bbox 792 3162 956 3237; x_wconf 81' lang='lat' dir='ltr'><strong>praestabis3</strong></span> <span class='ocrx_word' id='word_1_324' title='bbox 974 3177 1025 3219; x_wconf 90' lang='lat' dir='ltr'><strong>nec</strong></span> <span class='ocrx_word' id='word_1_325' title='bbox 1040 3165 1112 3219; x_wconf 90' lang='lat' dir='ltr'><strong>euim</strong></span> 
     </span>
     <span class='ocr_line' id='line_1_37' title="bbox 149 3246 1125 3323; baseline 0.002 -22"><span class='ocrx_word' id='word_1_326' title='bbox 149 3246 214 3302; x_wconf 87' lang='lat' dir='ltr'><strong>milri</strong></span> <span class='ocrx_word' id='word_1_327' title='bbox 228 3247 316 3321; x_wconf 85' lang='lat' dir='ltr'><strong>placet</strong></span> <span class='ocrx_word' id='word_1_328' title='bbox 331 3263 382 3303; x_wconf 87' lang='lat' dir='ltr'><strong>nec</strong></span> <span class='ocrx_word' id='word_1_329' title='bbox 396 3248 485 3303; x_wconf 82' lang='lat' dir='ltr'><strong>Attico</strong></span> <span class='ocrx_word' id='word_1_330' title='bbox 500 3252 607 3322; x_wconf 88' lang='lat' dir='ltr'><strong>nostro,</strong></span> <span class='ocrx_word' id='word_1_331' title='bbox 624 3255 753 3320; x_wconf 88' lang='lat' dir='ltr'><strong>quantum</strong></span> <span class='ocrx_word' id='word_1_332' title='bbox 769 3263 784 3303; x_wconf 92' lang='lat' dir='ltr'><strong>e</strong></span> <span class='ocrx_word' id='word_1_333' title='bbox 800 3246 879 3303; x_wconf 89' lang='lat' dir='ltr'><strong>uultu</strong></span> <span class='ocrx_word' id='word_1_334' title='bbox 894 3248 953 3304; x_wconf 87' lang='lat' dir='ltr'><strong>eius</strong></span> <span class='ocrx_word' id='word_1_335' title='bbox 967 3247 1125 3323; x_wconf 52' lang='lat' dir='ltr'><strong>intellego„</strong></span> 
     </span>
    </p>
   </div>
   <div class='ocr_carea' id='block_1_4' title="bbox 149 3442 1110 3582">
    <p class='ocr_par' dir='ltr' id='par_1_4' title="bbox 149 3442 1110 3582">
     <span class='ocr_line' id='line_1_38' title="bbox 222 3442 1110 3511; baseline 0 -17"><span class='ocrx_word' id='word_1_336' title='bbox 222 3442 243 3511; x_wconf 85' lang='lat'><strong>¹)</strong></span> <span class='ocrx_word' id='word_1_337' title='bbox 258 3446 353 3509; x_wconf 88' lang='lat' dir='ltr'><strong>quidem</strong></span> <span class='ocrx_word' id='word_1_338' title='bbox 364 3445 404 3508; x_wconf 93' lang='lat' dir='ltr'><strong>qui</strong></span> <span class='ocrx_word' id='word_1_339' title='bbox 414 3451 438 3494; x_wconf 84' lang='lat' dir='ltr'><strong>ei</strong></span> <span class='ocrx_word' id='word_1_340' title='bbox 443 3446 525 3507; x_wconf 81' lang='lat' dir='ltr'><strong>paulo</strong></span> <span class='ocrx_word' id='word_1_341' title='bbox 531 3451 592 3508; x_wconf 82' lang='lat' dir='ltr'><strong>poet</strong></span> <span class='ocrx_word' id='word_1_342' title='bbox 601 3446 738 3510; x_wconf 87' lang='lat' dir='ltr'><strong>utinamque</strong></span> <span class='ocrx_word' id='word_1_343' title='bbox 748 3446 803 3495; x_wconf 83' lang='lat' dir='ltr'><strong>AB</strong></span> <span class='ocrx_word' id='word_1_344' title='bbox 815 3447 909 3511; x_wconf 88' lang='lat' dir='ltr'><strong>quidem</strong></span> <span class='ocrx_word' id='word_1_345' title='bbox 921 3442 983 3497; x_wconf 74' lang='lat' dir='ltr'><strong>‘auo</strong></span> <span class='ocrx_word' id='word_1_346' title='bbox 993 3460 1110 3511; x_wconf 71' lang='lat' dir='ltr'><strong>mapsam</strong></span> 
     </span>
     <span class='ocr_line' id='line_1_39' title="bbox 149 3513 974 3582; baseline 0.002 -18"><span class='ocrx_word' id='word_1_347' title='bbox 149 3531 180 3565; x_wconf 87' lang='lat' dir='ltr'><strong>ea</strong></span> <span class='ocrx_word' id='word_1_348' title='bbox 195 3530 237 3565; x_wconf 82' lang='lat' dir='ltr'><strong>res</strong></span> <span class='ocrx_word' id='word_1_349' title='bbox 252 3518 338 3565; x_wconf 81' lang='lat' dir='ltr'><strong>attulit</strong></span> <span class='ocrx_word' id='word_1_350' title='bbox 353 3513 464 3564; x_wconf 84' lang='lat' dir='ltr'><strong>loudem&#39;</strong></span> <span class='ocrx_word' id='word_1_351' title='bbox 481 3517 513 3578; x_wconf 78' lang='lat' dir='ltr'><strong>qj.</strong></span> <span class='ocrx_word' id='word_1_352' title='bbox 535 3515 565 3564; x_wconf 89' lang='lat' dir='ltr'><strong>V.</strong></span> <span class='ocrx_word' id='word_1_353' title='bbox 580 3517 662 3567; x_wconf 85' lang='lat' dir='ltr'><strong>deleto</strong></span> <span class='ocrx_word' id='word_1_354' title='bbox 677 3524 775 3566; x_wconf 81' lang='lat' dir='ltr'><strong>tontum</strong></span> <span class='ocrx_word' id='word_1_355' title='bbox 786 3525 846 3580; x_wconf 85' lang='lat' dir='ltr'><strong>post</strong></span> <span class='ocrx_word' id='word_1_356' title='bbox 860 3520 906 3567; x_wconf 86' lang='lat' dir='ltr'><strong>illo</strong></span> <span class='ocrx_word' id='word_1_357' title='bbox 920 3532 974 3582; x_wconf 89' lang='lat' dir='ltr'><strong>que.</strong></span> 
     </span>
    </p>
   </div>
   <div class='ocr_carea' id='block_1_5' title="bbox 0 0 1276 3909">
    <p class='ocr_par' dir='ltr' id='par_1_5' title="bbox 0 0 1276 3909">
     <span class='ocr_line' id='line_1_40' title="bbox 0 0 1276 3909; baseline 0 0"><span class='ocrx_word' id='word_1_358' title='bbox 0 0 1276 3909; x_wconf 95' lang='lat' dir='ltr'><strong> </strong></span> 
     </span>
    </p>
   </div>
  </div>
 </body>
</html>
