2542 3909
427 187 485 224 ean
503 188 603 224 nterea.
623 169 657 223 ΙΙ.
678 176 819 226 tta-tot.
1047 173 1109 239 257

205 326 269 389 152.
292 329 411 386 Heredes
435 339 525 387 autem
547 339 594 386 aut
621 331 768 387 necessarii
793 330 921 388 dicuntur
948 341 995 388 aut
1017 333 1060 388 sui
1082 342 1109 390 et

142 416 290 472 necessarii
311 422 358 471 ant
381 416 538 471 extranei·
561 413 624 473 tos.
648 415 821 472 Necessarius
843 417 924 472 heres
947 425 989 472 est
1010 433 1110 474 seruus

142 517 203 558 cum
219 498 345 557 libertate
360 499 439 556 heres
455 501 610 566 institutus
633 500 696 556 ideo
711 502 751 558 sic
768 500 936 576 appellatus,
956 503 1035 575 quia,
1050 503 1110 559 siue

136 585 209 642 uelit
231 586 290 641 siue
313 583 399 656 nolit,
423 585 578 641 omnimodo
601 594 800 659 postmortem
824 587 963 643 testatoris
983 589 1110 660 protinus

142 669 212 726 liber
233 677 261 726 et
280 670 361 726 heres
382 677 433 725 est.
478 666 541 730 154.
556 670 630 728 Unde
654 672 701 745 qui
723 671 865 728 facultates
884 688 947 727 suas
968 681 1109 746 suspectas

142 753 238 825 habet,
263 754 335 810 solet
355 771 467 810 seruum
486 757 574 829 primo
596 764 643 812 aut
663 757 784 813 secundo
807 755 852 812 uel
874 757 954 819 etiam
978 755 1109 812 ulteriore

142 839 229 912 gradu
244 838 360 896 liberum
376 847 403 895 et
423 840 551 896 heredem
571 842 728 907 instituere,
749 850 779 899 ut
798 843 822 897 si
842 839 1022 897 creditoribus
1043 843 1109 898 satis

142 940 198 979 nou
225 922 287 994 fiat,
308 915 411 998 ¹potius
433 924 513 981 huius
536 925 643 982 heredis
666 941 745 998 quam
769 927 853 999 ipsius
876 926 1015 981 testatoris
1038 925 1110 980 botta

143 1015 275 1078 trameant,
303 1009 330 1064 id
353 1017 411 1075 est,
441 1018 472 1065 ut
493 1011 660 1086 ignominia,
689 1025 757 1082 quae
780 1009 875 1066 accidit
898 1025 931 1064 ex
952 1007 1110 1066 uenditione

141 1091 293 1166 bonorum,
317 1093 390 1150 hunc
409 1095 502 1169 potius
524 1093 653 1150 heredem
671 1109 750 1166 quam
765 1095 854 1168 ipsum
869 1100 1029 1149 testatorem
1044 1109 1109 1150 cou-

142 1178 248 1251 tingat3
272 1194 434 1251 quamquam
449 1181 524 1252 apud
537 1176 669 1234 Fufidium
686 1176 785 1235 Sabino
801 1178 920 1252 placeat,
940 1178 1109 1234 eximendum

141 1277 203 1317 eum
220 1278 280 1318 esse
294 1263 459 1336 ignominia,
480 1263 612 1335 quianon
629 1279 680 1318 suo
701 1264 779 1334 uitio,
802 1262 851 1318 sed
866 1264 1030 1320 necessitate
1044 1263 1110 1318 iuris

142 1345 277 1403 honorum
297 1346 482 1403 uenditionem
501 1353 659 1419 pateretur3
682 1347 730 1403 sed
752 1348 805 1404 alio
825 1349 883 1404 iure
904 1346 1015 1405 utimur.
1045 1344 1109 1404 tto.

141 1429 196 1485 Pro
213 1430 265 1487 hoc
280 1439 367 1487 tamen
383 1430 555 1488 incommodo
570 1431 642 1488 illud
661 1433 686 1488 ei
702 1432 873 1488 commodum
889 1439 1058 1506 praestatur,
1078 1440 1110 1487 ut

142 1531 183 1585 ea,
201 1530 269 1588 quae
283 1524 347 1588 post
363 1525 479 1574 mortem
494 1517 603 1590 patroni
618 1516 669 1573 siti
684 1516 854 1590 adquisierit,
869 1518 930 1572 siue
945 1524 1008 1572 ante
1023 1515 1110 1572 bono·

140 1616 200 1656 rum
222 1599 407 1656 uenditionem
426 1602 484 1658 siue
510 1609 621 1675 postea,
645 1603 698 1675 ipsi
719 1609 912 1671 reseruentur3
935 1610 963 1656 et
986 1601 1110 1673 quamuis

140 1701 191 1758 pro
214 1678 364 1758 portione¹
387 1684 457 1741 bona
479 1687 631 1758 uenierint,
661 1687 759 1742 iterum
782 1703 814 1742 er
844 1684 1008 1742 hereditaria
1031 1701 1110 1742 causa

140 1767 212 1825 lona
227 1771 285 1826 eius
309 1785 365 1826 uon
387 1771 513 1842 uenient,
536 1770 632 1826 nisisi
654 1771 722 1844 quid
742 1772 766 1827 ei
789 1788 822 1826 ea
843 1770 1007 1827 hereditaria
1028 1786 1109 1826 causa

141 1853 225 1911 fuerit
239 1854 415 1928 adquisitum,
429 1851 433 1932 )
448 1855 525 1912 uelut
540 1857 562 1911 si
575 1847 677 1912 ’latini
690 1857 779 1926 bortis,
798 1849 1004 1933 (qatemlteres)
1015 1855 1109 1929 adqul·
1121 1861 1165 1911 94.

140 1933 241 2010 sierit‚²
256 1939 422 2013 locupletior
437 1939 525 1996 iactus
541 1941 590 2009 sit;
614 1956 676 1996 cum
697 1948 851 1996 ceterorum
866 1939 1019 2010 hominum,
1043 1955 1109 2013 quo·

139 2109 262 2172 aufertur
281 2110 389 2173 ideoque
408 2110 484 2159 etiam
504 2111 604 2174 petenti
627 2109 719 2158 heredi
742 2109 797 2158 doli
815 2110 935 2171 exceptio
954 2110 1109 2171 appendam·

139 2181 181 2228 sin
196 2194 257 2229 uero
272 2187 380 2230 testator
395 2179 497 2230 tabutas
515 2175 661 2231 testamenti
678 2181 804 2230 inciderit
817 2178 878 2244 (quo
897 2188 961 2229 casu
975 2185 1109 2228 testamen·

141 2252 211 2300 teria
226 2250 248 2300 b.
259 2267 288 2314 p.
303 2250 401 2317 deficit)
420 2251 497 2316 idque
511 2259 601 2316 aperte
615 2267 647 2300 ea
660 2258 743 2300 mente
753 2251 863 2314 fecerit,
882 2257 910 2299 ut
929 2252 1050 2306 intestato
1064 2250 1110 2299 de-

141 2322 257 2381 cederet,
280 2321 303 2371 b.
319 2337 484 2385 possessores
507 2322 539 2372 ab
562 2324 684 2373 intestato
703 2322 818 2372 obtinent
842 2322 1010 2371 hereditatem
1032 2322 1109 2370 etiam

141 2394 235 2458 legatis
249 2393 451 2443 concidentibus.
490 2391 594 2444 ‘vincat
612 2395 714 2459 quidem
731 2408 835 2443 neeesse
854 2400 892 2443 est
911 2395 939 2442 in
955 2392 1110 2442 hereditatis

137 2464 264 2527 petitione
268 2480 279 2521 ,¹
293 2465 339 2513 scd
348 2465 430 2528 fiscus
443 2467 469 2515 ei
482 2467 559 2530 quusi
572 2466 681 2531 indiyno
696 2465 800 2528 auferet
813 2464 990 2523 hereditatem,
1010 2479 1042 2512 nc
1057 2465 1110 2513 ullo

140 2534 216 2584 modo
235 2535 270 2583 ad
287 2551 356 2594 eunt,
380 2551 453 2601 quent
476 2544 584 2587 testator
606 2537 726 2586 heredem
748 2535 844 2585 debere
867 2531 976 2593 noluit’,
997 2535 1047 2586 Kr.
1074 2535 1109 2598 cf.

141 2607 165 2667 ξ.
182 2616 220 2656 181
235 2606 281 2668 fin.
310 2606 373 2656 Atta
397 2623 466 2657 nunc
484 2610 611 2672 proponit
634 2608 685 2656 Kr.
707 2608 747 2656 ed.
766 2619 786 2657 a.
853 2603 874 2672 ⁹)
893 2605 1017 2670 Sequitur
1040 2607 1110 2655 linea

141 2691 233 2736 uacua,
247 2677 372 2728 rubricae
381 2679 518 2729 destinata.
581 2675 601 2744 ¹)
612 2686 712 2742 propter
721 2678 885 2727 contractione
897 2676 922 2726 0.
933 2692 977 2740 pro
988 2704 1022 2712 —
1033 2704 1066 2712 -
1075 2704 1108 2712 -

141 2776 174 2784 -
191 2775 225 2785 -
238 2760 257 2801 ›t‹
270 2749 310 2798 ed.
325 2748 374 2814 By.
414 2750 452 2814 Of.
470 2743 583 2800 ‘Gaias’
600 2766 629 2814 p.
645 2761 679 2801 ts.
694 2759 719 2798 et
737 2747 830 2798 Seltcd.
849 2751 876 2797 in
894 2764 917 2797 o.
933 2748 1109 2797 damnationem

141 2819 215 2882 infra
229 2821 257 2869 in
272 2821 312 2882 ἐξ.
327 2831 375 2872 105.
390 2833 437 2873 209.
491 2819 510 2885 ⁹)
524 2822 612 2870 latinus
623 2820 765 2884 adquisierit
777 2819 802 2869 0.
813 2821 891 2870 etiam
905 2814 1016 2869 Vliedd.
1027 2815 1108 2885 (‘aut'

141 2891 231 2940 addito
245 2891 285 2940 ed.
300 2890 349 2956 By.
365 2889 397 2956 5.)
426 2892 524 2941 Latinus
539 2907 593 2942 cum
608 2891 743 2941 decesserit
756 2892 797 2941 eti.
808 2907 863 2940 mea
873 2903 893 2941 1.
922 2889 976 2940 Sed
985 2906 1032 2941 nec
1046 2891 1111 2940 llaec

212 3046 571 3118 §.152.=pr.I.deier.
591 3048 885 3116 qnal.etdiffi(2,19).
959 3044 1110 3116 §.163AE

141 3121 165 3181 ἓ.
176 3133 196 3172 1.
216 3120 281 3172 Lib.
347 3118 372 3190 ξ.
387 3124 444 3172 tot.
456 3125 521 3185 ες.
532 3136 551 3174 1.
571 3123 593 3175 I.
609 3125 653 3173 cit.
669 3123 798 3185 ignominia
813 3118 875 3190 ete]
892 3120 930 3184 Cf.
941 3119 974 3173 L.
985 3132 1005 3172 s.
1025 3119 1070 3169 iit.
1083 3120 1109 3170 0.

142 3191 173 3240 de
188 3192 261 3255 inoff.
276 3199 332 3242 test.
347 3195 378 3260 (a,
389 3191 433 3260 ts).
462 3195 536 3257 infra
549 3206 570 3256 s,
582 3206 615 3247 ts.
630 3207 652 3257 4,
663 3205 710 3245 101.
725 3193 786 3243 Lex
798 3191 849 3244 Iol.
864 3192 958 3242 munic.
974 3208 997 3240 v.
1009 3202 1047 3243 att
1057 3206 1109 3255 seq.

142 3261 175 3310 L.
190 3272 223 3312 stt.
243 3263 276 3313 D.
290 3280 357 3329 quae
375 3267 403 3315 in
419 3265 458 3329 fr.
478 3265 548 3315 cred.
564 3265 609 3331 (41,
624 3264 656 3331 s).
689 3265 741 3315 Cic.
752 3280 805 3329 pro
823 3261 908 3323 Quint}
920 3262 958 3315 15.
978 3265 1002 3325 ξ.
1016 3274 1043 3314 49
1057 3278 1109 3327 seq.

142 3333 174 3382 L.
189 3345 210 3385 o.
232 3333 257 3383 0.
273 3337 318 3400 qui
332 3335 389 3386 bon.
405 3334 566 3403 ced.(t,r1).
640 3334 665 3405 5.
683 3338 740 3388 155.
756 3357 790 3378 =
805 3337 828 3397 ξ.
844 3345 864 3385 1.
884 3334 907 3383 Ι.
922 3335 965 3385 cit.
987 3334 1025 3397 Cf.
1041 3333 1073 3382 L.
1089 3346 1109 3384 1.

141 3407 164 3468 θ.
181 3417 214 3457 18.
235 3406 267 3456 D.
282 3407 314 3456 de
329 3415 443 3472 separat.
459 3407 504 3473 (42,
518 3407 550 3474 6).
566 3407 597 3456 L.
613 3419 633 3460 t.
649 3409 673 3469 ἓ.
688 3418 708 3460 o.
728 3408 760 3457 D.
776 3408 808 3457 de
822 3407 914 3455 minor.
930 3404 963 3470 (4,
977 3405 1009 3470 4).
1038 3405 1110 3454 etiam

141 3471 251 3546 saepius]
274 3478 314 3542 Cf.
329 3478 361 3527 L.
377 3491 397 3530 6.
412 3491 432 3532 t.
452 3479 484 3529 D.
499 3480 530 3528 de
546 3494 609 3529 cess.
625 3479 684 3529 bora.
698 3477 784 3546 (aas).
804 3476 836 3525 L.
846 3489 867 3529 tt.
890 3476 916 3528 0.
926 3477 958 3525 de
973 3475 1029 3525 bon.
1040 3482 1111 3525 auct.

141 3548 196 3597 tud.
214 3546 246 3613 (t,
261 3547 306 3614 ta).

192 3649 293 3686 rumas.
306 3650 386 3686 narn.
399 3653 452 3686 anu.
466 3653 503 3686 ao.
517 3653 540 3687 v.
875 3634 907 3683 lt
