2542 3909
167 210 231 277 536
461 232 528 269 suun
546 231 642 267 rovum
661 230 732 267 suns.
752 212 784 266 V.
804 217 828 266 6.

430 421 493 461 TIT.
510 421 553 462 v1.
583 422 625 463 DE
641 417 852 463 lnrnnmcrts.

269 561 276 566 -
317 517 362 599 [t.
379 523 407 581 3.
430 523 466 579 D.
481 538 519 580 ne
533 524 603 595 quid
615 527 645 579 in
659 526 724 579 ioco
739 537 828 579 sacro
841 513 907 599 (43,
925 516 970 594 6).

317 609 350 664 L.
366 606 397 662 2.
420 607 456 663 D.
472 607 509 662 de
523 608 679 683 locolpuhi.
694 606 822 678 fruendo
837 604 901 678 (43,
919 598 994 680 9).¹]

229 688 254 751 l.
277 683 456 748 ²Retineudne
476 692 658 764 possessionis
681 690 767 762 grana
787 696 940 763 comperite
961 695 1025 744 sunt
1039 689 1127 745 inter·

167 776 245 847 diets,
269 792 319 849 per
340 790 409 848 quse
431 790 489 830 eum
504 775 715 848 possessiouem,
739 788 818 845 quum
833 774 885 828 inm
900 772 1041 842 hebemus,
1057 774 1125 829 reti·

167 874 231 915 nere
252 860 395 931 uolumus3
419 857 499 930 quate
514 866 556 914 est
577 872 631 915 vrt
653 871 839 915 eosssnunrs
861 855 895 914 de
914 855 997 913 rebus
1017 855 1069 913 soii
1096 864 1127 912 et

166 960 280 1001 vrnvsn
307 942 341 998 de
365 958 396 997 re
421 941 525 998 mobili.
562 939 596 996 iit
617 941 646 995 iu
667 942 757 1013 priore
780 940 889 1013 quidem
911 942 934 996 is
957 940 1049 1014 potior
1071 948 1124 1010 est,

168 1028 214 1101 qui
233 1026 331 1082 redditi
351 1024 486 1082 interdicti
505 1033 629 1098 tempore
653 1040 703 1081 nee
725 1024 751 1079 ui
772 1040 822 1080 uec
842 1022 910 1079 clem
934 1040 985 1080 nec
999 1024 1126 1096 precario

168 1110 201 1167 ab
222 1111 378 1166 aduersario
394 1108 531 1183 possiden
554 1110 582 1165 in
595 1108 682 1164 altero
703 1123 769 1163 uero
784 1108 944 1181 potiorem,
960 1109 1007 1181 qui
1022 1108 1126 1163 moiore

169 1204 248 1269 parte
263 1196 325 1250 enni
347 1200 497 1249 retrorsum
513 1194 647 1249 numerati
669 1206 718 1248 nec
739 1192 766 1247 ni
786 1207 836 1248 nec
851 1190 919 1247 olom
935 1206 985 1247 nee
999 1192 1125 1264 precario

168 1278 298 1353 possedit.
342 1276 371 1335 2.
394 1276 428 1333 Ut
450 1269 647 1347 interdictum,8
669 1276 706 1331 itu
728 1282 755 1332 et
777 1268 868 1331 ectio⁴
889 1277 1066 1349 proponitur,
1089 1290 1127 1331 ue

169 1364 229 1436 quis
253 1364 296 1418 uia
317 1360 422 1435 publice
442 1360 557 1435 aliquem
579 1358 731 1434 prohibent.
767 1360 845 1415 cuins
864 1360 904 1415 rei
919 1358 1076 1416 sollicitudo
1091 1357 1127 1414 td

168 1448 273 1503 uinrnm
295 1453 433 1501 curatores
455 1444 593 1517 'pertinen
643 1443 683 1499 Ab
713 1436 837 1499 uiarum⁵
864 1442 1014 1499 munitione
1042 1458 1125 1498 nemo

168 1537 297 1602 exceptus
311 1538 363 1585 est.
401 1527 424 1582 si
440 1530 500 1601 quis
517 1537 604 1583 tamen
619 1529 647 1584 in
662 1543 693 1584 en
708 1526 808 1599 aliquid
823 1529 914 1600 operis
935 1527 1045 1597 iecerit,
1068 1541 1125 1599 quo

168 1619 349 1670 commeantes
363 1604 560 1684 impediuntur,
583 1610 714 1669 demolito
735 1626 818 1685 opere
839 1604 1057 1667 condemnatur.⁶
1094 1605 1127 1669 3.

168 1690 246 1753 ⁷Non
275 1702 378 1751 tontum
405 1695 428 1749 si
457 1697 514 1768 ipse
542 1695 667 1750 domiuus
689 1696 863 1769 possessione
891 1686 1035 1764 'deiicist‚⁸
1058 1693 1127 1749 utile

167 1778 341 1838 interdictum
365 1787 423 1849 est,
445 1778 597 1835 sedetiam
619 1780 643 1834 si
666 1778 763 1835 inmitis
786 1779 853 1834 eius.
898 1778 1012 1835 familiae
1034 1786 1126 1834 nutem

168 1865 277 1922 nominc
297 1864 377 1919 etism
397 1861 451 1918 duo
472 1864 545 1919 serui
565 1864 748 1918 continentur.
791 1860 822 1919 4.
845 1854 896 1918 ⁹Vi
922 1862 1047 1918 deiieitur
1067 1877 1124 1916 nou
1137 1878 1200 1927 [4411

168 1958 289 2018 tontum,
311 1949 358 2020 qui
374 1963 508 2021 oppressu
530 1946 711 2002 multitudinis
733 1953 779 2001 nut
801 1946 915 2001 fustium
938 1955 985 2001 ant
1008 1945 1125 2002 telorum

168 2041 215 2092 out
229 2047 364 2089 armorum
377 2040 452 2087 metu
467 2040 597 2099 terretur,
613 2030 661 2087 sed
677 2036 704 2085 et
719 2032 751 2099 is,
769 2030 817 2102 qui
832 2029 979 2086 uiolentiae
995 2029 1125 2102 opinione

168 2124 306 2193 comperte
319 2116 493 2190 possessione
508 2116 600 2184 cessit,
614 2114 639 2169 si
656 2121 745 2170 tumen
760 2112 931 2170 aduersarius
947 2129 1004 2169 enm
1019 2115 1124 2187 ingres·

243 2300 291 2350 tit.
312 2298 356 2349 VI.
397 2297 417 2365 ¹)
432 2299 580 2364 bonoque,
596 2301 640 2349 cni
652 2306 739 2348 statua.
753 2301 780 2348 in
789 2298 897 2362 publico
907 2299 1030 2363 ponendo
1039 2300 1127 2349 iocata

168 2379 214 2431 esi,
229 2374 285 2421 loco
296 2369 402 2434 publico
414 2372 474 2433 frui
487 2372 597 2419 videtur.
655 2366 675 2433 ²)
691 2370 729 2432 Cf.
747 2368 804 2418 Gai.
818 2380 972 2429 otis-152.
1025 2366 1092 2434 ⁸)1..
1103 2380 1125 2420 s.

168 2444 192 2505 §-
206 2452 242 2493 45.
267 2441 299 2489 Ι).
314 2456 346 2489 ne
360 2441 424 2505 quid
436 2442 464 2489 in
479 2443 535 2489 ioco
545 2438 616 2503 publ.
632 2439 682 2504 (te,
696 2441 727 2506 8).
783 2438 804 2505 ⁴)
822 2439 968 2499 Quaenam?
991 2439 1127 2489 Vincentius

170 2512 328 2576 copitoveris
341 2511 373 2559 de
387 2510 546 2559 iniuriarum
558 2512 660 2559 actione
674 2510 706 2558 L.
718 2521 751 2561 1³.
766 2511 789 2571 §-
800 2522 820 2561 t.
840 2510 872 2558 D.
887 2510 919 2559 de
933 2508 1126 2575 inior.(tt‚1o),

170 2596 236 2647 qnae
250 2581 287 2630 od
299 2580 347 2629 iioc
357 2582 467 2643 proprie
477 2582 615 2644 proposita
629 2595 679 2630 non
694 2588 739 2631 est.
763 2578 816 2630 Sed
829 2582 904 2630 etiam
917 2582 1050 2643 sequentia
1059 2596 1126 2643 pro·

172 2653 244 2709 dunt,
259 2653 341 2700 iocum
355 2665 402 2699 nec
416 2652 544 2715 inteprnm
557 2665 604 2699 nec
617 2665 708 2699 sonum
722 2664 783 2700 esse.
814 2650 880 2701 Puto
894 2652 985 2715 ipitur,
1000 2649 1078 2701 norbo
1092 2652 1126 2699 itu

169 2730 194 2770 et
204 2721 266 2770 sotio
278 2721 392 2785 fupitioa
402 2734 457 2770 esse
466 2728 491 2770 et
501 2728 562 2785 post
570 2722 697 2783 prohibent
705 2722 858 2780 osiniensis,
869 2720 913 2771 nbi
923 2722 982 2783 fere
991 2720 1055 2771 iaec
1065 2723 1126 2771 olim

168 2798 258 2842 secuto
271 2792 337 2840 sint:
351 2792 372 2839 si
386 2792 449 2840 uiam
463 2792 582 2855 pubiicum
596 2797 652 2840 unte
667 2792 800 2841 aediticium
814 2806 883 2841 suum
897 2806 945 2841 uon
958 2792 1087 2841 muniuerit
1100 2798 1127 2841 ut

170 2869 287 2927 oportent.
316 2861 355 2911 De
369 2877 399 2911 re
414 2862 448 2924 cf.
464 2862 496 2911 L.
511 2862 561 2911 Iul.
576 2865 669 2912 munio.
683 2874 779 2914 ni-so.
804 2862 835 2911 L.
851 2878 893 2912 un.
908 2863 932 2923 §-
946 2874 967 2914 s.
987 2862 1020 2911 D.
1035 2863 1067 2913 de
1082 2864 1126 2911 oio

166 2930 356 2999 publ.(tt,1o).
422 2930 444 2998 ⁶)
458 2934 573 2997 pertinet,
593 2947 719 3014 nxqunrum
736 2933 797 2983 odd.
812 2933 870 2982 edd.
896 2932 990 2983 Postea
1009 2933 1045 2982 od
1057 2933 1082 2981 in
1096 2947 1125 2981 es

170 3005 285 3069 inteltipe
304 3003 441 3053 munitione.
503 3000 624 3069 ⁶)Anteo
639 3006 689 3063 ita,
709 3011 736 3054 ut
753 3006 839 3053 locata
857 3004 1019 3053 demotitione
1038 3004 1128 3067 operis

170 3074 356 3125 attribueretur
369 3075 539 3139 redemptori,
553 3076 644 3139 quanti
657 3077 767 3124 locatum
780 3081 846 3123 esset
864 3089 920 3124 eunt
938 3074 1045 3124 dimidio
1063 3088 1126 3125 eon·

169 3145 335 3196 demnondus.
361 3145 455 3195 Postea
465 3147 520 3209 ipse
531 3147 611 3208 ficem
620 3160 671 3208 per
681 3158 769 3195 seruos
778 3145 892 3193 demoliti
901 3146 988 3208 operis
996 3158 1128 3208 expensos

169 3217 202 3267 ab
216 3231 245 3266 eo
260 3218 379 3281 exepisse
397 3217 507 3265 videtur.
573 3213 593 3280 7)
607 3215 639 3264 In
654 3216 693 3265 ed.
711 3214 795 3264 Haeo.
815 3214 876 3265 hine
894 3230 929 3264 em
948 3215 1010 3265 odd.
1031 3217 1127 3278 incipit

171 3288 217 3337 Tit.
232 3287 279 3336 vti.
295 3287 325 3335 de
340 3286 465 3335 interdicto
481 3293 559 3335 utrum
573 3286 603 3334 ri.
632 3286 672 3335 De
685 3300 715 3335 re
729 3286 763 3347 ef.
774 3285 806 3334 L.
818 3298 829 3335 t
835 3301 879 3349 pr.
894 3286 934 3348 ἐξ.
944 3296 1040 3337 15-17.
1059 3285 1092 3334 L.
1103 3297 1124 3337 ³.

169 3360 209 3420 §5-
225 3369 259 3408 to.
275 3369 308 3408 11.
328 3356 360 3405 D.
375 3357 407 3405 de
421 3359 447 3405 vi
461 3355 505 3419 (is,
521 3355 564 3417 tt).
585 3356 636 3405 Cic.
649 3371 701 3419 pro
718 3355 790 3405 Coeo.
805 3368 839 3406 te.
854 3367 887 3406 to.
940 3353 961 3418 ⁸)
976 3354 1021 3405 Ec
1037 3356 1126 3406 Ouiae.

170 3431 204 3491 qi.
220 3427 346 3476 deiiciatur
361 3426 422 3475 cdd.
438 3426 495 3475 edd.
510 3426 590 3479 maie:
611 3441 669 3474 nam
684 3427 871 3488 interpretetur
887 3425 996 3475 Paullus
1006 3426 1127 3489 familiae

170 3512 269 3555 nomen,
283 3496 315 3544 de
330 3511 381 3560 qno
395 3497 531 3546 deiiciente
545 3502 651 3553 tontum,
666 3510 717 3545 non
730 3496 830 3545 deiecta
844 3495 955 3545 edietum
968 3504 1082 3547 onomat.

171 3562 193 3617 'i
209 3565 247 3627 cf.
265 3566 316 3615 Oto.
328 3580 380 3629 pro
397 3566 469 3615 ane.
485 3577 518 3617 se.
543 3564 574 3613 J..
590 3578 610 3615 1.
629 3566 653 3627 ς.
668 3577 702 3618 so.
721 3565 753 3615 L.
768 3577 787 3616 s.
803 3567 826 3627 ς.
842 3577 862 3616 r.
885 3565 918 3614 D.
933 3566 965 3615 de
979 3569 1006 3616 ot
1020 3566 1064 3632 (m,
1080 3564 1126 3633 se).
