2542 3909
484 220 507 255 c.
527 219 673 255 wmarus
692 220 781 255 nasas.
1041 213 1101 269 101

137 363 245 403 sacrum
268 345 301 400 ad
324 345 390 402 deos
411 348 487 419 ipsos
502 347 573 402 mitti
588 362 644 401 non
659 353 774 418 poterat,
790 363 810 425 a,
820 362 849 401 se
865 353 954 402 tamen
969 346 1105 403 dimittere

137 447 194 487 non
209 428 379 501 dubitabant,
401 431 441 485 sic
455 430 567 500 animas,
590 444 656 503 quas
672 445 761 485 sacras
776 431 804 485 in
819 430 924 486 coelum
936 432 1007 487 mitti
1021 446 1104 503 posse

138 514 263 571 arbitrati
271 521 338 569 sunt
347 514 474 569 uiduatas
486 530 611 586 corpore,
626 529 706 586 quam
718 515 832 586 primum
844 514 892 569 illo
898 516 937 571 ire
945 514 1103 571 uoluerunt.

137 600 264 673 llisputat
285 598 319 653 de
341 598 395 652 boc
409 614 487 653 more
502 599 587 665 etiam,
597 596 737 653 Trebatius
752 598 917 672 religionum
931 597 1002 654 libro
1018 614 1103 669 nono,

138 685 218 739 cuius
232 680 397 754 exemplum,
412 696 447 736 ue
461 683 513 736 sim
527 680 661 754 prolixus,
678 682 764 737 omisi.
776 710 815 721 —
827 680 945 738 llacrob.
960 680 1014 738 Sat.
1032 682 1060 753 3,
1075 682 1103 739 7.

137 767 186 838 ss.
204 765 300 822 5—8.

200 862 228 922 7.
252 865 393 921 ‘Sanctum
404 866 469 935 est',
485 872 516 920 ut
530 864 601 920 idem
612 863 753 921 Trebatius
769 865 839 921 libro
854 860 979 922 decimo¹
993 866 1104 940 religio-

137 968 202 1007 num
217 950 316 1020 refert,
331 946 479 1004 ‘interdum
492 948 573 1017 idem,
590 948 665 1021 quod
674 965 792 1019 sacrum,
807 948 942 1022 idemque,
956 949 1030 1023 quod
1041 950 1103 1006 reli·

137 1038 263 1109 giosum;
286 1032 424 1088 interdum
445 1032 527 1093 aliud.
549 1033 603 1089 boc
617 1042 671 1102 est,
693 1048 745 1088 nec
759 1049 867 1099 sacrum
880 1049 931 1088 nec
945 1032 1103 1106 religiosum

137 1119 199 1176 est’.
215 1148 255 1157 -
272 1116 391 1173 llacrob.
408 1117 463 1172 Sat.
480 1116 510 1187 3,
526 1115 556 1172 3.
572 1116 602 1188 S.
619 1116 649 1172 5.

201 1218 232 1275 8.
257 1212 398 1291 (Compita)
421 1216 465 1271 'ut
480 1208 626 1273 Trebatio²
641 1216 741 1289 placet,
763 1216 840 1272 locus
857 1216 1026 1291 expluribus
1041 1234 1103 1291 par-

137 1303 214 1359 tibus
232 1304 262 1358 in
282 1318 311 1357 se
326 1300 372 1357 uel
386 1302 414 1357 in
428 1300 536 1356 easdem
550 1309 642 1373 partes
658 1317 690 1355 ex
705 1317 735 1356 sc
747 1302 817 1356 'uias
832 1309 913 1374 atque
927 1296 1044 1358 itinera³
1059 1301 1104 1358 di-

138 1388 249 1458 rigens,
263 1386 322 1439 siue
335 1388 358 1440 is
373 1400 435 1440 cum
450 1400 505 1455 ara,
521 1386 581 1439 siue
595 1386 654 1440 sine
670 1401 726 1456 ara,
741 1386 801 1441 siue
816 1384 867 1440 sub
883 1394 966 1457 tecto,
983 1388 1040 1442 siue
1055 1387 1106 1442 sub

86 1470 208 1533 [sardino
231 1470 277 1539 sit,
299 1467 343 1523 ubi
365 1469 465 1541 pagani
486 1476 609 1541 agrestes
630 1468 743 1525 buccina
766 1472 909 1525 conuocati
930 1470 1021 1526 solent
1034 1479 1110 1526 certa

136 1555 208 1611 inire
222 1552 346 1609 concilia.
370 1551 439 1607 Hinc
452 1560 480 1607 et
490 1550 571 1607 Lares
582 1553 753 1625 compitalicii
766 1560 793 1609 et
802 1553 885 1608 leriae
897 1553 1100 1626 compitalicius.

138 1668 177 1679 -
193 1636 349 1709 Philargyr.
364 1636 397 1691 ad
413 1635 494 1709 Verg.
511 1635 611 1708 Georg.
626 1636 657 1707 2,
673 1635 745 1692 381.
913 1644 915 1649 '

199 1734 229 1793 9.
252 1752 378 1793 nonus
400 1751 464 1793 1100
485 1750 560 1793 vnto
583 1752 710 1794 mammo
732 1752 824 1794 asro.
859 1736 992 1809 ‘lalerio',
1014 1740 1103 1813 inquit

136 1822 293 1892 Trebatius,
316 1819 441 1875 ‘uerbum
463 1836 495 1876 ea
516 1836 596 1875 causa
618 1829 661 1876 est
683 1820 803 1877 additum
818 1837 902 1895 eaque
916 1824 1022 1878 ratione
1037 1840 1101 1896 pro·

137 1907 236 1978 lentur,
250 1921 287 1961 ne
304 1906 397 1959 uinum
413 1920 493 1960 omne
507 1905 627 1966 omnino,
643 1902 718 1977 quod
732 1906 760 1960 in
775 1906 851 1961 cellis
865 1915 947 1979 atque
962 1907 1102 1979 apothecis

137 1998 183 2045 est
196 1989 349 2058 conditum,
365 2004 398 2042 ex
413 1985 509 2060 quibus
523 1988 601 2059 illud,
615 1988 692 2060 quod
707 1988 863 2065 effunditur,
879 1998 1035 2064 promptum
1051 1998 1103 2061 est,

137 2090 200 2131 esse
220 2087 328 2128 sacrum
349 2072 459 2143 incipiat
480 2079 508 2127 et
530 2088 563 2126 en
584 2072 677 2127 usibus
693 2074 822 2144 eripiatur
836 2074 968 2130 humanis.
1005 2074 1103 2131 Audito

137 2174 204 2232 crgo
226 2159 282 2212 boc
302 2154 390 2215 uerbo
413 2155 501 2210 solum
524 2156 586 2224 erit,
608 2155 682 2229 quod
697 2156 840 2227 inferetur,
862 2173 979 2226 sacrum,
995 2173 1045 2213 nec
1060 2174 1103 2213 re-

137 2242 241 2315 ligione
257 2238 424 2312 obligabitur
438 2238 581 2295 ceterum’.
600 2269 637 2279 —
654 2238 755 2297 Aruob.
769 2240 829 2296 adv.
845 2247 921 2313 gout.
939 2239 969 2310 t,
984 2239 1035 2297 31.

271 2406 316 2462 Ex
337 2405 439 2461 libris
461 2406 499 2462 de
520 2408 596 2463 iure
617 2407 721 2463 ciuili
743 2407 799 2463 nel
822 2408 971 2464 aliunde.

202 2521 253 2583 to.
276 2525 313 2579 lle
327 2522 413 2579 sterili
429 2532 519 2580 autem
533 2524 657 2592 muliere,
674 2526 696 2579 si
711 2526 801 2580 natiue
816 2526 960 2583 sterilitate
976 2528 1022 2597 sit,
1038 2526 1104 2584 Tre·

138 2609 241 2664 badum
261 2615 358 2664 contra
371 2606 522 2663 Labeonem
543 2608 718 2680 respondisse
734 2608 836 2665 dicuat.
871 2609 935 2665 Nam
958 2626 1020 2666 cum
1042 2612 1104 2667 red-

137 2692 225 2749 hiberi
248 2708 307 2748 eam
320 2690 410 2747 Labeo
432 2692 508 2764 quasi
523 2694 611 2747 minus
625 2708 716 2747 sanam
738 2700 871 2765 putasset,
894 2710 1009 2768 negasse
1029 2697 1107 2762 aiunt

137 2776 305 2847 Trebatium,
328 2791 361 2830 ex
376 2774 466 2843 edicto
481 2773 545 2849 alpi)
566 2791 658 2849 posse,
683 2778 706 2831 si
722 2792 753 2832 ea
768 2778 893 2833 muliera
908 2780 1041 2853 principio
1057 2797 1104 2853 ge·

136 2861 211 2917 uitali
226 2859 373 2916 sterilitate
389 2866 470 2915 osset.
499 2861 534 2915 At
549 2861 573 2913 si
588 2859 709 2915 ualitudo
725 2862 783 2916 eins
799 2860 957 2919 offendisset
971 2879 1059 2936 eaque
1074 2880 1105 2919 ea

138 2946 232 3001 uitium
262 2944 363 2999 lactum
385 2950 475 3014 esset,
503 2950 534 2998 nt
555 2945 699 3017 concipere
722 2943 812 3000 foetus
836 2962 891 3002 non
912 2954 1023 3021 posset,
1046 2954 1104 3003 tum

135 3046 228 3084 sanam
243 3044 301 3083 non
317 3026 402 3083 uideri
417 3034 445 3083 et
460 3043 520 3082 esse
534 3028 562 3082 in
577 3043 659 3084 causa
673 3028 871 3085 redhibitionis.
892 3062 928 3073 -
946 3029 1015 3087 Gell.
1031 3029 1062 3096 4,
1076 3030 1104 3086 2.

135 3109 187 3187 ss.
203 3113 234 3169 s.
250 3112 302 3169 1o.

208 3334 231 3401 ¹)
244 3335 300 3386 Sea
306 3342 371 3386 teate
386 3335 569 3399 Por-physicae
582 3338 620 3387 od
626 3336 722 3387 Horat.
737 3336 791 3387 Sat.
807 3350 829 3400 a,
844 3350 865 3388 1.
880 3340 937 3389 init.
955 3331 1107 3384 ‘Trebatius

191 3409 294 3473 aliquot
303 3406 387 3457 libror
395 3407 428 3455 de
438 3409 497 3455 iure
508 3409 581 3459 cirili
591 3409 769 3472 composuit‘et
776 3409 809 3457 de
819 3405 993 3473 religionibus
1004 3400 1102 3451 nocear’

137 3472 158 3541 ²)
171 3477 217 3527 Ec
228 3476 330 3529 Orneai
338 3480 372 3540 ej.
381 3478 419 3526 ad
426 3477 549 3541 Pompon.
565 3481 672 3543 deorig.
684 3480 770 3543 lamp.
779 3490 813 3529 so.
824 3485 850 3526 ut
858 3480 943 3529 relatio
954 3472 1013 3522 edd·
1043 3469 1104 3521 Fue·

134 3550 170 3596 rit
188 3552 262 3600 locus
274 3565 310 3599 ex
324 3549 394 3598 libro
407 3547 445 3596 II.
484 3545 506 3613 ⁸)
516 3548 619 3615 Scripsi
623 3566 634 3606 ,·
648 3550 686 3598 uia
702 3557 771 3613 atque
786 3550 870 3597 itinere
886 3548 943 3601 edd.
