2542 3909
614 721 663 775 EX

279 844 494 918 EIVSDEM
522 846 712 920 AEMILII
740 845 999 920 PAPINIANI

491 1021 604 1063 OPERIS
625 1022 720 1064 LIBRO
744 1024 788 1064 lx.

226 1131 435 1184 lucrementum
452 1131 507 1185 hae
520 1118 560 1187 lex
577 1131 727 1202 Papiniani
745 1147 943 1201 responsorum
960 1130 1040 1184 libris
1059 1146 1125 1182 cum

156 1197 252 1253 Paulli
270 1199 300 1252 et
318 1197 433 1267 Ulpiani
450 1199 525 1253 uotis
543 1199 681 1266 reliquiae
699 1216 791 1270 nuper
803 1201 953 1254 senserunt
965 1215 999 1252 ex
1012 1197 1124 1250 laciniis

178 1265 326 1319 uibusdam
344 1267 570 1332 membranaciis,
589 1284 662 1336 quae
678 1269 748 1322 item
762 1284 796 1322 ex
810 1271 849 1321 Ae
891 1269 941 1336 pto
960 1268 990 1320 et
1007 1266 1123 1334 regione

159 1334 212 1386 ila
229 1334 362 1402 autiquae
380 1335 512 1387 Arsinoes
529 1335 589 1400 vel,
609 1337 642 1388 ut
658 1338 723 1404 post
741 1351 775 1390 ea
793 1335 853 1389 rela
866 1353 914 1388 um
933 1335 987 1398 est,
1007 1331 1124 1399 Serapei

158 1401 295 1454 oriundae
318 1417 392 1454 uuno
415 1401 529 1456 Parisiis
550 1403 580 1455 in
602 1419 700 1457 museo
723 1403 772 1456 ‘du
790 1402 913 1457 Louvre’
933 1402 1121 1467 asservantur,

158 1467 292 1538 vulgatae
311 1469 376 1522 iude
395 1468 446 1522 sub
464 1469 518 1523 hoc
536 1469 633 1525 titulo:
660 1475 755 1525 Teates
776 1475 870 1524 inedita
888 1475 920 1524 de
937 1474 1008 1523 droit
1025 1472 1122 1522 romain

155 1556 210 1605 par
232 1540 263 1593 R.
288 1541 408 1595 Dareste.
445 1541 523 1591 Paris
547 1543 622 1592 1883.
667 1538 738 1592 Sunt
761 1541 856 1592 autem
875 1539 1010 1605 quattuor
1032 1535 1124 1590 furata

159 1603 381 1724 Opitthogrargla
407 1621 545 1682 perquam
571 1605 666 1659 lacera
693 1608 722 1659 et
748 1606 853 1660 diversi
882 1604 971 1667 modi,
999 1603 1067 1681 sed,
1090 1604 1124 1679 ut

156 1688 250 1724 visum
269 1674 313 1724 est
356 1674 488 1735 arestro¹,
506 1673 590 1726 unius
607 1673 790 1752 eiusdemque
810 1673 872 1726 folii
884 1667 986 1726 litteris
1003 1669 1122 1724 unciali-

158 1739 221 1803 bus,
239 1754 296 1792 nou
313 1755 377 1792 raro
397 1740 484 1793 etiam
497 1740 686 1810 singularibus
699 1757 758 1794 sive
771 1741 845 1794 notis
857 1740 935 1803 iuris,
954 1741 990 1794 ab
1003 1741 1122 1806 utraque

158 1810 241 1876 parte
261 1808 290 1860 et
308 1806 395 1876 (quod
412 1807 558 1861 Dercetius
577 1825 691 1862 monere
710 1807 877 1876 supersedit)
897 1824 949 1876 per
962 1807 1041 1860 binas
1054 1820 1124 1873 quas

154 1874 272 1943 proprie
293 1890 368 1927 nunc
390 1877 505 1937 vocant,
533 1873 677 1929 columnas
705 1877 816 1995 serisii:
845 1875 948 1944 quibus
973 1874 1002 1926 iu
1029 1871 1125 1924 frustis

158 1942 237 2010 quod
259 1942 288 1994 iu
310 1942 422 2012 integro
445 1941 555 2008 codice,
581 1943 676 2012 amplo
699 1945 735 1996 ad
777 1945 904 1997 exteram
931 1943 960 1996 ct
982 1940 1124 1993 sinistram

159 2009 288 2078 margine
307 2009 416 2074 relicto,
436 2010 571 2078 scriptum
592 2011 653 2063 erat
670 2010 697 2064 le
720 2014 784 2078 lque
804 2010 895 2064 adhuc
912 2009 1020 2078 potuit,
1041 2008 1125 2060 cauta

156 2077 329 2197 Burgatione
348 2078 377 2130 et
395 2076 525 2131 chemicis
548 2077 681 2130 remediis
699 2028 820 2132 {citasse
839 2078 964 2132 nondum
982 2073 1125 2138 adhibitis,

186 2146 306 2198 arestius
319 2161 382 2197 cum
399 2147 496 2198 umen
508 2161 564 2198 nou
578 2146 650 2209 octo,
669 2146 720 2198 sed
732 2145 890 2212 duodecim,
906 2146 937 2197 ut
953 2143 1013 2212 ipse
1027 2158 1062 2210 ap
1085 2141 1123 2194 el·

156 2212 210 2276 lat,
227 2211 339 2282 paginis
355 2212 581 2280 repraesentavit
597 2213 756 2291 litterisque
770 2211 949 2275 ABCDIIF,
969 2209 1066 2265 GHIJ
1102 2206 1124 2261 L

159 2279 321 2347 insignivit,
345 2280 548 2358 amplissimum
571 2280 692 2333 frustum
716 2279 825 2349 ipsique
848 2278 976 2333 Darestio
1003 2278 1125 2346 primum

159 2346 362 2424 (AB7GHQ),
389 2364 418 2400 in
445 2363 501 2416 quo
528 2348 627 2401 aerte
655 2348 727 2402 duae
759 2364 890 2402 versuum
917 2360 1080 2425 quanquam
1110 2360 1125 2398 e

157 2415 316 2484 longinquo
334 2416 415 2467 iuxta
433 2431 462 2468 se
477 2365 590 2492 posiiae
608 2417 694 2469 series
711 2417 740 2468 iu
761 2415 861 2469 tabula
882 2414 1057 2482 heliotypioa
1074 2429 1125 2480 ap·

158 2484 275 2550 parent,
297 2482 423 2550 itemque
447 2481 538 2547 ahud,
561 2483 590 2535 iu
632 2500 669 2536 uo
687 2483 764 2537 idem
781 2483 851 2536 licet
868 2481 970 2536 tectius
988 2495 1125 2550 apparere

156 2553 256 2603 tamen
275 2549 373 2627 negari
391 2566 446 2628 nou
464 2551 559 2670 {otest
577 2502 640 2628 (Dii
654 2551 788 2630 etKh')‚
806 2550 957 2615 utrobique
977 2548 1045 2628 diras
1062 2548 1126 2626 illas

160 2633 294 2671 versuum
306 2633 391 2670 series
403 2634 463 2672 eius
485 2633 529 2670 ern
542 2617 623 2671 frustr
635 2619 721 2672 tacite
740 2635 791 2688 pro
810 2617 919 2672 duobus
938 2633 1018 2686 quaer
1030 2616 1126 2670 frustis

158 2687 191 2738 et
208 2684 283 2738 foliis
302 2701 360 2737 csse
378 2685 477 2739 iubens
497 2687 526 2739 et
542 2686 662 2754 paginas
681 2686 844 2755 appellans,
868 2684 907 2738 sic
925 2689 988 2740 octo
1006 2685 1126 2753 paginas

236 2825 257 2892 ¹)
272 2829 306 2876 lu
325 2830 395 2876 iure?
415 2827 505 2878 dubito.
538 2828 643 2877 Primum
658 2829 721 2878 enim
738 2825 858 2892 ‘paginas’
876 2829 912 2877 vel
926 2830 1057 2890 fragmenta
1071 2829 1089 2876 Α
1105 2834 1129 2875 et

160 2900 178 2948 B
195 2899 229 2963 (in
244 2906 310 2960 tergo
326 2899 345 2947 G
361 2905 385 2947 ct
398 2897 440 2964 ll),
455 2899 484 2947 dc
500 2899 585 2962 quibus
601 2901 682 2948 statim
696 2900 798 2962 dicetur,
814 2915 869 2960 non,
884 2907 910 2948 ut
924 2899 1042 2963 opineris,
1058 2898 1127 2946 bina-

160 2985 213 3018 rum
232 2970 340 3018 eiusdcm
363 2969 414 3018 lolii
432 2969 609 3032 columnarum,
629 2972 671 3020 sed
691 2971 801 3020 binorum
821 2971 931 3020 loliorum
951 2976 1041 3018 tautum
1060 2983 1128 3017 coru-

160 3041 302 3104 plicatorum
317 3041 461 3103 scripturam
475 3042 612 3103 continere,
630 3042 678 3090 iam
693 3043 765 3106 spatii
780 3041 942 3091 interiacentis
956 3039 1044 3089 litteris
1059 3039 1126 3088 vacui

161 3111 298 3173 magnitudo
313 3111 413 3174 evincit,
433 3112 504 3176 idque
519 3113 661 3161 confirmant
676 3114 698 3161 in
713 3114 842 3175 haliotypia
857 3110 1061 3174 complicationis,
1081 3125 1126 3173 qua

158 3198 250 3250 cir-uuo
267 3183 314 3232 duo
328 3183 385 3232 lolia
400 3183 493 3245 gemina
508 3183 609 3245 liabent,
625 3185 755 3247 conspicua
771 3185 794 3232 in
809 3184 901 3242 medio,
920 3183 944 3231 ui
960 3181 1041 3242 fallor,
1061 3188 1127 3229 certa

160 3254 269 3316 vestigia.
298 3255 361 3302 idem
378 3269 433 3303 vero
447 3255 598 3303 statuendum
618 3255 712 3303 videtur
730 3255 802 3304 etiam
822 3254 851 3302 de
866 3253 909 3301 DE
925 3259 949 3300 ct
964 3251 1016 3300 llL.
1054 3251 1127 3300 Prac-

158 3332 228 3374 tcrca
244 3326 399 3375 etiamsinon
414 3326 518 3374 omnium
535 3322 697 3389 ‘paginarum’
715 3323 844 3391 (rectarum
859 3324 895 3373 rel
909 3318 1051 3385 versurum),
1066 3337 1126 3386 quac

159 3395 290 3460 pleraeque
310 3404 401 3451 tuntum
419 3397 543 3446 columnae
562 3397 680 3447 incertum
696 3397 793 3446 sinistra
809 3410 837 3444 au
853 3396 949 3444 dexteru
965 3401 1028 3454 sunt,
1043 3407 1127 3441 versus

158 3470 330 3518 connumerari
339 3467 448 3531 possead
456 3467 742 3518 aestimandamceterum
753 3468 869 3516 incertam
879 3465 971 3514 codicis
979 3464 1128 3513 altitudidem

160 3537 187 3585 iu
201 3539 284 3600 aprico
299 3546 348 3600 est,
367 3545 447 3586 tumen
462 3537 534 3586 etiem
554 3539 598 3587 hac
613 3540 705 3588 ratione
720 3554 734 3586 a
749 3537 875 3587 statuendo
894 3550 940 3585 uuo
960 3542 1050 3584 tantum
1070 3535 1127 3584 lolio

159 3609 325 3670 prohibemur,
340 3608 403 3672 quod
419 3608 442 3657 id
457 3607 577 3658 insolitam
592 3611 683 3660 codIcis
699 3608 846 3658 altitudidem
861 3607 996 3670 praeheret.
