2542 3909
147 195 212 260 302
448 211 509 246 osrr
528 209 622 244 merra.
641 190 689 244 ΙΙΙ.
709 195 819 244 to-te.

149 355 223 412 solos
245 351 345 408 liberos
361 344 413 406 ex¹
431 350 607 424 {disparibus
622 349 744 424 partihus
760 359 895 424 patronus
909 351 1033 407 heredes
1046 354 1116 409 reli·

146 442 251 512 querit,
274 437 350 509 quod
367 454 422 506 pro
443 435 631 502 helreditorils
649 437 798 508 portibus,
821 453 879 493 non
904 454 960 508 pro
981 438 1116 494 uirilibus

82 538 137 586 145.
149 526 223 580 bono
239 521 338 577 latini
348 513 459 597 peltant
474 520 506 576 ad
522 537 570 576 eos
585 523 733 594 pertinere,
750 522 812 593 quia
824 520 900 576 nullo
915 523 1116 578 interueniente

148 615 276 663 extraneo
296 605 396 662 herede
418 614 527 662 senatus
555 607 683 662 consulto
709 606 787 662 loeus
812 622 867 662 non
893 613 946 662 est.
990 602 1039 662 to.
1064 606 1115 663 Set

148 693 171 747 si
193 707 254 747 oum
276 690 368 746 liberis
392 691 447 746 suis
471 692 551 747 etiam
574 700 732 747 extraneum
747 690 874 746 heredem
897 699 1031 764 patronus
1051 691 1115 747 reli·

148 777 253 850 querit,
277 775 387 832 Caelius
403 774 518 832 Sabinus
535 776 587 846 ait,
611 785 669 832 tota
685 775 755 832 hona
775 792 826 849 pro
848 776 972 832 uirilibus
991 775 1114 849 partibus

148 861 179 917 ad
195 859 296 916 liberos
311 859 431 917 defuncti
448 861 593 934 pertinere,
618 863 681 934 quia
697 877 757 918 eum
773 869 920 917 extraneus
935 860 1016 917 hores
1031 863 1114 917 inter·

148 947 239 1018 uenit,
262 944 420 1002 nonhabet
443 946 484 1001 lex
508 944 582 1001 lunia
604 945 712 1018 locum,
738 946 786 1002 sed
809 954 919 1000 senatus
941 944 1113 1019 consultum3

147 1030 290 1087 lauolenus
306 1039 395 1087 autem
412 1031 466 1102 ait,
487 1039 593 1086 tantum
610 1047 668 1086 eam
689 1040 793 1104 partem
811 1045 842 1084 ea
857 1038 969 1086 senatus
985 1031 1114 1086 consulto

147 1116 248 1172 liberos
273 1117 381 1190 patroni
407 1133 457 1188 pro
484 1114 607 1170 uirilibus
628 1115 752 1189 partibus
774 1114 915 1171 habituros
934 1131 1011 1185 esse,
1033 1132 1113 1189 quam

147 1202 268 1256 extranei
289 1199 404 1256 heredes
425 1208 489 1256 ante
509 1209 619 1256 senatus
641 1201 797 1256 consultum
818 1199 880 1273 lege
900 1198 974 1256 lunia
997 1199 1114 1256 habituri

148 1294 256 1355 essent,
278 1283 396 1356 reliquas
418 1300 486 1339 uero
508 1293 598 1357 partes
618 1301 669 1358 pro
689 1285 858 1340 hereditariis
878 1284 1002 1358 partibus
1017 1285 1050 1340 ad
1065 1301 1114 1341 eos
1266 1322 1267 1359 ᾗ

147 1370 293 1443 pertinere.
330 1363 372 1424 ⁷1.
394 1367 461 1424 ltem
477 1371 635 1442 quaeritur,
660 1387 693 1424 an
709 1370 762 1426 hoo
781 1369 1062 1426 senatusconsultum
1078 1371 1112 1426 ad
1127 1384 1183 1437 [2251
1266 1362 1267 1423 j

147 1469 195 1509 eos
211 1455 320 1527 patroni
335 1452 437 1509 liberos
453 1453 597 1526 pertineat,
614 1455 660 1528 qui
676 1471 707 1509 ea
724 1453 777 1510 tilia
789 1463 906 1528 nepteue
921 1462 1113 1527 procreantur,
1266 1476 1267 1483 ¹

146 1539 246 1609 idest,
268 1547 298 1594 ut
313 1554 399 1611 nepos
414 1554 490 1593 meus
506 1555 537 1594 er
561 1535 614 1593 filia
635 1540 727 1612 potior
746 1541 783 1595 sit
804 1537 930 1594 inbonis
953 1538 1040 1594 Latini
1061 1542 1114 1596 mel

148 1640 227 1696 quam
248 1631 392 1678 extraneus
413 1622 509 1690 heres3
535 1623 599 1678 item
621 1616 687 1702 (an)
714 1623 746 1679 ad
768 1633 906 1679 maternos
927 1623 1036 1680 latinos
1059 1624 1117 1682 hoo.

147 1716 256 1763 senatus
272 1706 427 1763 consultum
443 1709 590 1780 pertineat,
606 1709 761 1782 quaeritur,
775 1708 802 1763 id
818 1717 871 1779 est,
889 1717 920 1765 ut
933 1710 961 1764 iu
974 1709 1053 1765 honis
1064 1709 1112 1764 La·

147 1793 196 1848 tini
211 1793 325 1848 materni
346 1793 437 1865 potior
459 1793 495 1848 sit
516 1801 648 1866 patronae
670 1791 740 1848 filius
763 1809 844 1865 quam
866 1793 946 1850 heres
968 1802 1114 1870 extranens

147 1877 249 1936 matris.
288 1877 380 1932 oussto
395 1875 510 1950 placuit,
526 1886 645 1951 utroque
660 1894 724 1934 casu
739 1878 829 1934 losum
845 1894 905 1934 esse
920 1888 1032 1934 senatus
1047 1895 1113 1934 eon·

147 1961 237 2028 sulto;
254 1961 301 2018 sed
319 1961 400 2016 huius
416 1963 576 2018 sententiam
592 1962 716 2037 plerique
736 1963 899 2036 inprobant,
923 1964 985 2037 quia
1000 1971 1113 2036 senatus

146 2045 180 2101 de
196 2045 237 2100 his
252 2046 344 2102 liberis
359 2039 529 2119 'parentum²
544 2047 612 2103 nihil
627 2048 737 2119 sentiat,
757 2049 804 2122 qui
823 2047 900 2104 aliam
921 2048 1047 2104 familiam
1070 2065 1113 2104 se·

147 2140 311 2204 querentur3
334 2131 415 2204 idque
431 2148 463 2188 ea
480 2147 511 2188 eo
528 2132 650 2206 adparet,
671 2131 745 2205 quod
760 2134 918 2189 nominatim
934 2132 1114 2189 exheredatos

146 2226 317 2292 summouet,
339 2233 400 2272 nam
416 2217 525 2274 uidetur
546 2216 579 2272 de
601 2218 643 2272 his
658 2219 773 2287 sentire,
797 2219 843 2292 qui
864 2218 1022 2274 exheredari
1037 2235 1050 2272 a
1066 2235 1113 2292 pa·

145 2309 223 2356 rente
238 2301 339 2371 solent,
363 2303 386 2356 si
402 2301 515 2357 heredes
531 2317 585 2356 non
607 2303 801 2371 instituantur3
822 2319 912 2375 neque
928 2311 1016 2358 autern
1032 2303 1112 2358 matri

80 2384 135 2432 146.
146 2382 229 2440 hlium
243 2383 371 2456 filiamue,
382 2401 471 2457 neque
484 2401 534 2440 auo
548 2379 552 2459 Ι
566 2393 689 2442 materno
701 2395 829 2460 nepotem
843 2394 998 2461 nepternue,
1015 2388 1038 2444 si
1049 2403 1111 2443 eum

145 2486 238 2524 eamue
255 2469 382 2526 heredem
396 2485 451 2525 non
469 2469 609 2542 instituat,
627 2471 792 2528 exheredare
808 2487 919 2528 neeesse
935 2480 988 2544 est,
1003 2475 1062 2528 siue
1077 2471 1112 2528 de

144 2553 203 2608 iure
219 2552 292 2610 ciuili
308 2569 485 2626 quaeramus
501 2552 561 2610 siue
574 2555 708 2622 ‹leodioto
724 2557 869 2630 praetoris,
885 2573 939 2628 quo
956 2559 1113 2630 praeteritis

144 2637 236 2694 liberis
248 2645 344 2695 eontra
357 2637 459 2695 taltulas
473 2642 626 2698 testamenti
638 2640 774 2698 honorum
785 2641 1110 2714 possesslopromittitur.

207 2718 252 2778 ⁷2.
276 2721 425 2796 Aliquando
448 2718 568 2780 ’tamen³
588 2727 654 2782 ciuis
676 2725 810 2781 llomanus
836 2725 952 2780 libertus
976 2733 1111 2795 tamquam

143 2841 251 2889 stionem
269 2841 362 2889 deinde
382 2843 467 2891 statim
486 2845 534 2905 §us
550 2855 583 2894 os.
603 2844 738 2906 excepisse
756 2842 868 2890 uidetur.
884 2867 915 2876 —
932 2839 977 2888 Er
986 2841 1113 2903 pauentis

144 2910 241 2973 uerbis,
262 2927 326 2975 qnae
340 2911 412 2962 Stolo
428 2915 454 2962 in
466 2931 493 2978 p.
510 2927 557 2965 144.
571 2915 708 2978 superiore
723 2914 808 2977 legere
823 2912 940 2978 corripit,
957 2912 1055 2976 partim
1070 2913 1110 2960 in-

144 2983 232 3041 certis,
247 2985 315 3033 velut
329 2999 351 3033 a.
366 2996 386 3035 2.
447 2986 509 3035 hune
520 2986 584 3034 enim
595 2985 672 3034 solum
687 3020 693 3032 .
709 3020 715 3032 .
732 3020 738 3032 .
753 2999 776 3032 v.
791 2995 812 3034 o.
828 3020 834 3032 .
851 3020 857 3032 .
873 2983 985 3032 eiuntlius
1001 2983 1111 3033 inbonis

143 3053 296 3121 latino(rum)
311 3091 317 3103 .
333 3092 340 3104 .
356 3092 362 3104 .
378 3072 400 3105 u.
415 3068 435 3108 s.
452 3057 559 3120 queritur
578 3071 608 3104 an
627 3054 811 3106 exheredes...
827 3071 849 3104 u.
865 3067 898 3108 ts.
918 3055 965 3104 iam
980 3061 1074 3105 constat
1085 3093 1109 3105 ..

143 3142 166 3175 o.
178 3137 215 3177 nt.
232 3163 237 3174 .
254 3127 392 3190 dueposque
407 3129 469 3176 bona
485 3128 611 3177 latinorum
626 3143 649 3176 v.
664 3137 698 3176 21.
710 3163 715 3174 .
728 3162 734 3174 .
745 3141 789 3175 uec
804 3126 833 3175 ab
850 3127 920 3176 alteri
932 3164 938 3177 .
950 3165 956 3178 .
967 3128 1003 3176 ad
1016 3143 1109 3178 eruen-

143 3198 203 3246 dum
217 3207 393 3263 argumentum
404 3214 556 3262 cursumque
566 3199 695 3248 orationis
704 3198 876 3261 definiendum
888 3201 1005 3263 exeeptis
1015 3199 1114 3262 primis

142 3268 259 3318 uersibus
273 3271 320 3318 uix
334 3271 472 3334 quidquam
486 3270 558 3332 effici
567 3277 661 3332 potest.
715 3266 735 3334 ¹)
750 3269 795 3320 Ex
810 3269 837 3320 V
836 3268 864 3330 st,
879 3273 947 3321 unde
961 3273 988 3320 in
1002 3285 1113 3336 sequen·

143 3339 211 3388 tibus
224 3343 398 3404 supplementa
409 3343 490 3404 paulo
505 3341 627 3390 mutando
637 3342 755 3404 fuerunt.
811 3338 832 3408 ¹)
847 3350 1002 3407 patronarum
1014 3343 1040 3392 0.
1050 3341 1113 3391 edd,

138 3417 248 3473 praeter
267 3409 316 3460 Kr.
332 3423 351 3461 a.
373 3412 417 3473 qui
436 3417 463 3458 ut
479 3410 576 3472 falsum
593 3413 720 3478 plessema
735 3415 804 3465 eier't.
837 3423 993 3479 patronorum
1013 3429 1068 3463 rnen
1087 3423 1108 3462 s.

59 3527 60 3530 ,
144 3477 164 3546 ³)
181 3481 236 3531 Pro
247 3489 279 3529 tm
290 3481 389 3546 (tumen)
401 3481 503 3530 uidetur
517 3483 594 3532 huius
604 3486 656 3534 loei
665 3500 721 3534 esse
730 3494 813 3536 eontra
828 3489 868 3536 uel
883 3488 962 3536 etiam.
989 3486 1027 3548 Cf.
1039 3487 1062 3547 ἓ.
1072 3496 1111 3535 64μ

213 3583 238 3654 §.
255 3590 296 3637 72.
319 3562 356 3649 Cf.
373 3588 395 3648 ἓ.
410 3599 431 3636 4.
453 3586 473 3640 I.
490 3589 521 3638 de
535 3604 647 3642 success.
663 3591 706 3642 tib.
721 3592 758 3659 (o,
773 3593 804 3658 t).
834 3595 903 3643 Ptin.
919 3610 957 3657 ep.
974 3601 1111 3655 1o,4,105.
