2542 3909
157 207 200 265 90
558 214 582 248 n.
601 212 712 248 cmc1vs.

158 360 225 399 oom
237 342 353 414 frupem
367 347 485 411 secani,
505 337 627 409 familiae
641 340 808 410 purponclae
824 352 916 393 causo
935 338 1036 395 Cereri
1051 354 1118 394 coe·

157 428 252 492 ditor,
273 424 460 496 praecidanca
481 424 588 479 dicitnr.
609 451 647 460 -
664 419 737 478 nest.
754 440 778 477 v.
794 420 973 477 Praecidanea
987 440 1014 495 p,
1032 415 1118 477 213.1

212 504 261 566 39.
283 507 394 563 lleirina
413 506 474 562 laba
496 506 611 575 dicitur,
626 513 658 560 ut
673 507 710 560 ait
725 506 848 576 Cincius,
865 505 956 578 ’quom
972 522 1019 574 ea,
1035 498 1119 578 quae²

157 591 189 648 ad
204 590 366 648 sacrificinm
380 590 477 646 referri
499 589 569 646 solet
591 588 700 645 domum
723 606 756 645 ex
778 596 871 663 segete
895 591 1006 661 auspicii
1028 606 1117 657 causa,

157 677 232 749 quasi
247 668 434 731 'reuocantnr3
449 673 557 747 fruges,
578 680 609 728 ut
626 673 736 729 domum
753 674 814 728 ’lala
828 688 915 749 messe
931 674 1034 728 uirtute
1051 667 1120 744 (aiat

158 756 268 829 eadem)
284 752 332 814 ad4
346 775 402 814 rem
419 758 536 813 diuinam
551 757 707 812 faciendam.
725 788 766 797 —
781 756 853 811 l'esi.
863 756 1036 830 v.Reiriuap.
1046 756 1119 813 277.

219 840 270 899 30.
293 841 375 897 Salias
397 844 517 916 uirgines
533 840 640 896 Cincius
661 843 699 897 ait
714 856 774 896 esse
789 839 978 909 conduciiiias,
1001 856 1069 913 quae
1085 840 1120 896 ad

157 925 243 982 Salios
258 926 434 981 adhibeantur
446 925 563 999 apicibus
575 924 725 998 paludatas,
742 940 809 998 quas
822 923 912 979 Aelius
925 922 993 980 snio
1007 926 1169 997 scripsimus]
1201 918 1204 923 ’

157 1008 316 1067 sacrificinm
337 1011 424 1066 iacere
444 1012 472 1065 in
492 1011 567 1083 regia
588 1026 648 1063 cnm
664 1006 791 1081 pontifice
806 1007 947 1082 paludatas
962 1024 1023 1064 cnm
1039 1010 1121 1081 apici·

156 1094 206 1150 bus
222 1096 249 1150 in
265 1094 373 1149 modum
389 1092 532 1148 Saliorum.
551 1122 587 1132 -
604 1093 678 1151 lest.
693 1110 718 1147 v.
735 1092 820 1148 Salias
836 1110 863 1164 p.
880 1090 950 1148 329.

219 1175 266 1235 31.
290 1177 420 1233 Sinistrae
435 1192 499 1231 aues
515 1178 709 1250 sinistrumque
724 1178 781 1231 siue
797 1176 959 1231 sinistimnm
971 1176 1121 1248 auspicium

156 1264 174 1317 i.
191 1261 265 1335 quod
282 1262 353 1315 sinat
369 1258 436 1315 fieri.
465 1260 549 1315 Varro
565 1259 583 1314 l.
601 1260 630 1316 V.
648 1260 848 1333 epistolicarum
865 1261 1055 1332 quaestionum
1069 1261 1121 1315 aii:

156 1342 190 1400 ‘A
205 1344 319 1399 deornm
333 1343 398 1399 sede
413 1359 475 1399 cum
490 1345 517 1398 in
532 1342 669 1398 meridiem
685 1352 807 1417 spectes,
826 1339 921 1415 (quod)
936 1343 968 1398 ad
984 1345 1120 1398 sinisiram

155 1436 220 1485 sunt
233 1436 324 1502 partes
339 1427 432 1483 mundi
447 1429 616 1498 exorientes,
632 1426 665 1481 ad
681 1427 815 1482 desieram
833 1428 1003 1496 occiderim,
1019 1427 1120 1483 iactum

157 1512 289 1583 arbitror,
306 1519 338 1567 ui
351 1513 461 1567 sinistra
475 1510 588 1565 meliora
603 1512 718 1582 auspicia
734 1528 812 1584 quam
829 1510 939 1566 dextera
955 1526 1014 1565 esse
1029 1512 1121 1566 existi·

155 1595 287 1653 mentur'.
321 1594 393 1650 Idem
416 1594 473 1650 iere
494 1596 617 1650 sentiunt
639 1594 748 1650 Sinnius
770 1594 863 1668 Capito
886 1602 915 1650 et
940 1594 1056 1651 Cincius.
1079 1626 1121 1635 —-

155 1680 229 1737 Fosi.
244 1698 270 1735 v.
286 1679 415 1752 sinistrae
430 1697 457 1753 p.
475 1677 546 1735 339.
802 1737 807 1749 ,

219 1760 266 1821 32.
288 1763 423 1818 Vindiciae
443 1804 533 1818 .....
555 1762 665 1835 dequo
686 1778 753 1819 nero
769 1762 875 1819 Cincius
889 1764 930 1817 sio
946 1764 995 1817 ait:
1018 1760 1121 1819 ‘Vindi-

156 1851 212 1905 ciae
227 1842 316 1905 'olim⁵
331 1845 489 1903 dicebamur
503 1846 580 1917 illae,
602 1863 670 1919 quae
686 1864 718 1903 ex
733 1846 818 1902 fundo
834 1856 957 1919 sumptae
971 1848 999 1901 in
1015 1846 1056 1901 ins
1073 1846 1121 1901 ad·

156 1933 225 1989 latae
240 1930 340 1987 erant'.
356 1960 398 1971 -
413 1930 487 1987 nest.
503 1948 527 1985 v.
545 1929 681 1985 Vindiciae
696 1948 722 2003 p.
738 1930 810 1991 376.

219 2012 266 2072 33.
288 2057 294 2069 .
311 2059 317 2071 .
332 2059 339 2072 .
355 2015 417 2078 nin,
434 2021 463 2068 ui
478 2012 595 2084 Cincius,
611 2015 703 2070 dicuni
718 2014 860 2070 delubrum
875 2031 934 2070 esse
949 2014 1041 2071 locum
1056 2024 1120 2071 ante

156 2100 298 2173 templum,
313 2098 359 2153 ubi
374 2115 442 2171 aqua
457 2100 552 2169 currit,
567 2114 582 2153 a
597 2097 732 2154 diluendo.
745 2128 787 2139 -
798 2098 873 2155 Serv.
891 2098 924 2152 ad
935 2100 1002 2153 Aen.
1018 2097 1050 2169 4,
1067 2097 1117 2155 56.

218 2180 269 2240 34.
291 2183 398 2240 Cincius
419 2190 447 2237 el
468 2180 575 2237 Cassius
595 2184 686 2252 aiunt,
707 2180 738 2237 ab
760 2181 885 2238 Euandro
901 2181 1022 2237 Faunum
1037 2181 1119 2237 deum

156 2268 336 2342 appellatum,
365 2267 481 2339 ideoque
508 2265 588 2321 aedes
616 2282 704 2321 sacras
733 2262 826 2321 saunas
848 2267 934 2338 primo
958 2264 1120 2339 appellatas,

154 2361 251 2426 postea
272 2352 333 2406 iana
347 2349 417 2405 dicia
433 2357 461 2403 ei
475 2366 508 2403 en
523 2365 570 2420 eo,
595 2351 641 2421 qui
657 2348 748 2404 sartura
763 2351 966 2422 praecinerent,
986 2349 1119 2406 fanaticos

156 2436 219 2491 dier.
235 2463 276 2474 —
292 2434 366 2488 Serv.
382 2431 415 2486 ad
430 2431 531 2505 Georg.
548 2433 577 2503 1,
594 2433 644 2489 10.

218 2513 266 2575 35.
289 2556 317 2571 ..
332 2556 339 2570 .
356 2513 464 2569 Cincius
475 2517 583 2570 numina
595 2518 738 2588 peregrina
753 2518 875 2571 nouitate
890 2532 922 2571 ex
937 2518 994 2589 ipsa
1006 2510 1053 2591 (sc.
1066 2516 1121 2572 No-

155 2599 284 2671 uensiles)
300 2596 432 2672 appellata
446 2600 621 2670 pronunciat:
644 2615 704 2654 nam
719 2600 808 2655 solere
824 2600 957 2655 Romanos
971 2599 1120 2673 religiones

157 2684 266 2741 urbium
294 2690 481 2754 superatarum
503 2684 600 2753 partim
622 2684 747 2755 priuatim
769 2700 819 2756 per
841 2683 953 2739 laminas
976 2700 1119 2757 spargere,

155 2769 252 2843 parlim
275 2764 381 2839 publice
402 2781 574 2821 consecrare:
597 2783 627 2822 ac
650 2783 683 2822 ne
705 2767 800 2841 aliquis
817 2768 929 2823 deornm
945 2767 1120 2824 multitudine

156 2860 203 2907 aut
217 2852 372 2924 ignorantia
387 2851 590 2922 praeteriretur,
605 2849 747 2907 breuitatis
763 2860 790 2906 et
805 2852 957 2924 compendii
970 2868 1051 2906 cansa
1062 2869 1120 2907 uno

155 2936 259 3008 pariter
280 2935 389 2989 nomine
410 2941 525 2989 cunctos
545 2934 707 2991 Nouensiles
727 2936 857 2991 inuocari.
877 2966 919 2977 -
934 2934 1037 2993 Arnob.
1059 2936 1119 2993 adr.

156 3025 232 3092 gent.
253 3018 280 3088 3,
299 3016 349 3073 38.
365 3017 399 3072 ci.
416 3031 440 3077 c,
452 3011 518 3074 39.⁶

229 3128 250 3197 ¹)
266 3131 375 3180 Mulieri
386 3134 561 3195 supplementa
566 3136 685 3197 paullum
695 3136 800 3183 acolaci.
818 3134 856 3197 Cf.
870 3133 932 3183 Gall.
943 3146 965 3193 ι,
977 3145 996 3185 6.
1023 3130 1043 3198 ²)
1058 3148 1121 3198 qno-

157 3218 202 3266 que
223 3218 288 3267 qnae-
299 3201 343 3251 od.
358 3201 416 3250 edd.
454 3199 476 3268 8)
490 3212 604 3254 reuocant
620 3204 664 3254 Cd.
679 3205 737 3254 edd.
772 3202 793 3269 4)
809 3204 902 3254 Paullo
917 3205 1045 3254 audacius
1060 3220 1120 3255 cor-

156 3276 217 3323 rexi
231 3276 315 3323 locam
329 3272 507 3335 desperatam
522 3276 629 3323 datantes
645 3276 755 3324 ienirtico
771 3276 800 3324 ad
812 3275 856 3324 Cd.
874 3275 912 3337 Cf.
924 3274 1021 3323 Moller
1031 3291 1059 3338 p.
1070 3288 1119 3326 402.

157 3342 178 3407 ὁ)
194 3344 329 3393 Fortasse:
342 3343 409 3404 gleue
423 3342 536 3411 (glebae).
567 3346 631 3395 Nam
646 3348 723 3395 eiiam
733 3346 818 3396 Cincii
827 3353 938 3409 tempore
949 3347 986 3393 ita
996 3345 1120 3395 diceban·

156 3422 207 3463 tur.
236 3413 279 3461 An
290 3421 381 3476 posteo
395 3431 430 3464 ex
444 3431 485 3465 -nr
498 3417 553 3465 iliae
565 3417 715 3479 faciendum
729 3416 852 3479 uirgnlae?
876 3412 898 3481 θ)
910 3416 1030 3465 Paconio
1042 3416 1120 3481 frap-

156 3490 240 3533 menta
250 3491 295 3532 ant
304 3500 372 3534 caere
380 3490 551 3552 prommoiica
561 3494 607 3535 out
616 3488 717 3536 incerto
727 3489 808 3546 omisi,
819 3488 850 3535 de
861 3486 952 3550 quibas
962 3487 1013 3535 vid.
1027 3486 1119 3536 Hertz.

156 3557 174 3603 l.
189 3570 211 3603 c.
223 3569 251 3617 p.
267 3566 293 3605 aa
307 3570 359 3620 seq.
