2542 3909
238 199 297 236 var.
312 198 414 235 arroso.
429 198 514 235 arnse.
529 198 718 236 cousmrsrro.
733 181 778 236 VI.
795 182 923 237 to-Vii.
940 188 964 237 2.
1012 182 1073 249 851

207 324 247 385 to.
269 327 343 384 Idem
358 326 453 384 eodem
467 342 593 400 corpore,
609 328 680 386 titul.
697 328 729 385 de
745 336 815 403 pact.
831 336 859 385 et
874 337 1017 385 transeut:

168 405 270 483 ¹lmpp,
294 410 406 467 ltioclet.
429 418 456 466 et
477 410 581 467 liauim.
604 413 660 471 nl.
683 411 808 469 Eusebio.
850 413 941 469 inter
962 422 1078 471 cetera

165 505 199 552 et
213 494 252 550 ad
268 494 392 551 locum:
408 493 540 550 llaniiesti
552 502 633 568 atque
646 496 779 553 euidentis
791 497 855 553 iuris
872 505 923 567 est,
936 506 1078 569 antequam

169 588 292 636 cerneret
307 578 351 634 uel
367 593 417 651 pro
433 578 532 633 herede
545 587 655 651 gereret
670 578 715 634 uel
729 578 863 636 bonorum
878 583 1078 653 possessionem

165 671 273 735 peteret
283 661 418 733 defuncta,
430 662 631 717 successionem
644 678 702 718 eam
713 678 767 718 nou
780 665 903 735 potuisse
919 662 952 719 ad
963 665 1078 723 heredes

166 762 232 802 suos
247 747 439 801 transmittere.
470 743 522 802 PP.
538 744 569 801 ll.
584 745 635 801 lai.
652 744 728 802 llart.
744 745 839 802 iisdem
855 748 909 803 ΑΛ.
925 764 997 805 coss.

207 824 259 886 20.
283 829 348 885 item
364 828 451 902 leges,
466 845 520 901 qua
534 844 620 902 poena
630 828 837 886 calumniatores
852 830 987 905 plectendi
1004 841 1078 904 sunt,

114 910 180 989 ἵΡ.)
196 911 242 971 lib.
258 913 277 969 i.
293 921 412 969 sentent.
428 912 470 968 tit.
485 912 520 968 de
535 906 758 969 calumniator.:²

166 996 351 1052 calumniosus
366 1004 419 1067 est,
435 998 481 1069 qui
496 997 585 1052 sciens
600 995 774 1071 prudensque
794 1013 844 1071 per
857 997 979 1054 fraudem
994 1014 1078 1073 nego·

166 1082 233 1137 tium
248 1079 327 1136 sicui
342 1087 490 1153 comparat.

208 1161 248 1222 21.
273 1163 343 1219 idem
360 1160 445 1237 (eod.)
463 1161 526 1218 ’tin
542 1170 570 1218 et
585 1155 665 1219 tit.:³

167 1247 215 1303 'Et
235 1251 263 1303 in
286 1248 399 1320 priuatis
420 1254 448 1302 et
469 1250 499 1302 in
521 1243 637 1319 publicis
659 1240 785 1304 iudiciis4
805 1264 899 1305 omues
922 1248 1079 1307 calumniosi

166 1340 241 1387 extra
257 1329 379 1386 ordinem
394 1345 445 1403 pro
461 1329 589 1403 qualitate
604 1329 713 1385 admissi
729 1331 864 1405 plectendi
879 1341 953 1389 sunt.

208 1563 261 1621 Vll.
283 1559 307 1620 l.
331 1561 465 1631 Quartum
480 1562 512 1619 ad
535 1579 585 1621 nos
600 1563 705 1621 delatae
727 1564 859 1637 pactionis
882 1556 993 1621 tertus⁶
1014 1566 1078 1621 iusi·

124 1656 198 1719 nnat,
214 1649 307 1721 potius
322 1656 417 1704 contra
437 1646 524 1704 bonos
540 1663 630 1704 mores
650 1647 771 1704 carthola
791 1648 849 1720 ipsa
870 1647 949 1722 litigii
966 1651 1079 1707 semina·

124 1730 195 1786 rium
209 1732 383 1805 propagauit,
394 1728 483 1804 ’quam
499 1724 658 1787 amicabili⁸
669 1730 862 1787 deliberatione
880 1734 1079 1805 assurgentium

124 1813 275 1886 iurgiorum
290 1813 414 1869 scandala
429 1816 572 1873 resecauit.
588 1814 762 1887 dignoscitur
778 1815 814 1869 lta
826 1813 957 1871 calliditas
969 1814 1079 1872 'dictan-

125 1889 180 1951 tis⁷
195 1911 251 1951 non
274 1895 397 1953 habuisse
418 1897 598 1971 prudentiam.
629 1893 658 1955 2.
681 1896 746 1954 lium
768 1898 853 1971 igitur
873 1906 967 1954 contra
988 1898 1078 1973 legum

53 1989 114 2042 [itit
124 1979 245 2051 iurisque
268 1979 390 2037 ordinem
412 1982 524 2038 ueuieus
545 1983 643 2039 iustam
659 1981 762 2039 arbitrii
782 1982 921 2056 ignorauit
942 1983 1079 2039 custodire

123 2077 285 2128 mensuram,
302 2078 370 2135 quae
385 2071 459 2121 tanta
474 2064 586 2121 duarum
600 2081 778 2139 personarum
794 2065 910 2139 dignitas
925 2068 1015 2139 potuit
1036 2082 1078 2123 re·

124 2146 215 2220 periri,
230 2153 277 2201 aut
292 2162 361 2219 quae
375 2148 444 2203 iutra
459 2150 599 2222 regionem
610 2157 684 2205 tanta
696 2149 747 2204 luit
759 2148 875 2205 deiectio
892 2149 1078 2222 iudicantium,

124 2238 155 2287 ut
170 2245 220 2286 nec
234 2229 402 2286 triumuirale
415 2229 542 2287 iudicium
559 2234 639 2288 etiam
654 2232 686 2288 de
706 2230 786 2288 rebus
801 2232 925 2289 iudicatis
941 2232 1009 2291 male
1029 2250 1077 2308 pa·
1103 2284 1107 2293 .

124 2313 281 2369 eiscentium
302 2328 358 2369 nou
372 2308 572 2385 'temulentia‚⁸
587 2316 646 2388 sed,
663 2315 736 2389 quod
750 2313 851 2372 'uerius
866 2311 940 2373 dici9
961 2325 1078 2388 constat,

126 2395 249 2453 ’facilitas
258 2388 284 2429 ¹⁰
298 2394 430 2469 eligeret?
453 2394 497 2468 (de
519 2397 601 2453 rebus
616 2400 687 2454 enim
708 2398 832 2456 iudicatis
854 2398 914 2456 ’soli
930 2394 1078 2474 principi¹¹

197 2545 299 2612 1μη,
324 2545 350 2594 0.
369 2545 401 2594 de
419 2547 438 2595 i.
457 2546 532 2596 detti.
553 2546 648 2612 (eoo).
668 2558 830 2600 aues-sos.
905 2545 927 2615 ²)
942 2548 963 2599 I.
979 2560 999 2601 o.
1020 2553 1042 2613 i.
1058 2564 1078 2603 1.

126 2613 147 2682 ³)
161 2617 202 2665 lib.
217 2617 242 2668 t.
258 2616 294 2666 tit.
304 2616 361 2666 edd.
413 2611 434 2680 4)
449 2616 478 2664 de
488 2617 574 2679 prluat.
586 2625 609 2665 et
619 2617 683 2680 publ.
695 2618 766 2667 indic.
777 2619 835 2667 edd.
861 2618 968 2670 Cornea.
979 2619 1077 2671 Sonuit.

124 2694 150 2737 et
163 2686 271 2736 Arndte.
286 2686 322 2736 ad
336 2686 411 2735 Paul.
426 2684 453 2735 S.
469 2686 500 2735 R.
516 2686 538 2735 Ι.
557 2697 578 2738 a.
593 2689 616 2749 ξ.
632 2700 652 2738 a.
705 2684 727 2754 ⁶)
741 2688 890 2753 Litipantea
900 2698 988 2752 paeto,
1004 2699 1030 2740 ut
1044 2706 1078 2741 eac

123 2757 286 2822 sequentibus
306 2763 427 2821 apparet,
444 2764 506 2819 post
525 2772 579 2806 rem
601 2772 617 2806 a
639 2757 722 2808 tribus
743 2758 873 2809 iudicibus
894 2757 955 2824 (oid.
976 2761 1078 2827 limes.)

124 2830 265 2878 iudicatam
279 2834 463 2885 conuenerant,
478 2835 506 2876 ut
518 2828 551 2876 de
564 2828 653 2876 eadem
665 2843 696 2877 re
709 2842 761 2891 per
779 2829 844 2878 duos
858 2831 995 2893 retipioaos
1008 2832 1078 2879 uiros

125 2898 239 2948 arbitros
252 2901 404 2948 constitutos
421 2900 513 2947 iterum
532 2899 704 2947 iudicaretur.
768 2894 789 2963 ⁶)
804 2912 874 2961 quam
888 2905 938 2947 tum
952 2899 1004 2947 utili
1019 2900 1076 2951 edd.

124 2968 163 3017 De
177 2968 309 3017 amicabili
322 2970 503 3033 compositione
517 2970 556 3017 oet
570 2969 747 3018 transactione
761 2969 811 3034 aid.
827 2984 869 3017 eac.
878 2984 919 3034 pr.
930 2968 962 3016 L.
973 2979 1006 3019 tu.
1022 2972 1044 3031 §-
1057 2982 1076 3020 1.

126 3037 152 3089 θ.
166 3038 198 3087 aie
211 3053 246 3087 ec.
261 3041 323 3088 ecci.
339 3037 370 3103 (1,
385 3039 416 3104 t).
431 3039 463 3088 L.
477 3051 511 3091 oi.
530 3039 555 3088 0.
570 3040 602 3088 de
615 3040 694 3101 episc.
709 3046 734 3088 et
748 3040 810 3091 oter.
825 3038 858 3103 (1,
872 3039 905 3102 u).
923 3039 955 3088 L.
971 3049 1003 3090 1⁶.
1019 3042 1041 3101 ξ.
1056 3052 1077 3091 o.

126 3107 152 3157 Ο.
167 3108 199 3157 de
212 3109 281 3173 lepit.
296 3108 384 3157 iered.
399 3108 431 3174 (a,
441 3109 486 3175 oe).
513 3109 601 3159 Error
615 3110 676 3159 inde
690 3116 774 3169 natus,
789 3110 858 3177 quod
871 3124 908 3159 am
922 3112 998 3159 semet
1011 3112 1077 3161 seri-

120 3185 192 3241 ptum
206 3179 228 3227 ic
239 3193 290 3241 pro
305 3185 328 3227 tc
343 3200 377 3221 ==
391 3187 446 3229 tuuc
460 3182 500 3229 ael
514 3188 563 3231 tum
576 3187 702 3243 sumptum
715 3187 760 3231 est.
827 3176 847 3245 7)
863 3182 934 3229 iilam
944 3182 1078 3244 pactionis

124 3250 249 3297 cartolam
263 3249 392 3299 causidici
405 3252 444 3300 uel
458 3249 515 3300 Icta
528 3266 563 3301 ea·
577 3265 642 3301 nouo
657 3251 741 3315 litigia
756 3253 855 3301 tucrum
869 3253 1006 3315 captantis.

80 3358 84 3363 .
124 3315 146 3381 Β)
160 3325 207 3367 tam
223 3319 308 3368 eiectio
322 3319 379 3369 edd.
403 3318 470 3370 Nota
485 3336 575 3371 navam
586 3336 621 3371 eea
630 3320 801 3371 barbarorum
810 3321 923 3371 moribus
934 3323 1078 3385 profectam

123 3390 169 3438 sed
187 3390 241 3438 iuri
259 3391 333 3439 cicili
351 3391 496 3454 ignoratam
514 3394 641 3442 rationem
657 3398 738 3456 pacta
757 3398 882 3442 conventa
901 3393 1078 3457 impupnandi,

123 3459 155 3509 de
169 3474 219 3524 qua
234 3461 366 3509 consultor
380 3462 507 3524 cogitasse
521 3463 630 3512 uidetur.
683 3458 704 3528 9)
721 3463 783 3513 Par.
799 3474 832 3514 eo.
852 3463 932 3512 uerius
946 3461 1004 3529 (om.
1020 3461 1079 3528 dici)

125 3529 188 3579 Par.
199 3541 232 3582 tt.
286 3526 319 3595 ¹⁰)
333 3529 408 3597 Erpa
418 3532 652 3583 cannamomum
661 3535 867 3599 persuadentem.
918 3529 950 3600 ¹¹)
965 3532 1021 3597 Ipsi
1031 3535 1078 3592 aet,

825 3617 878 3670 54*
