2542 3909
490 238 513 273 G.
532 236 673 279 Avanvs
692 235 801 272 datvs.

405 474 439 541 G.
462 472 697 550 AQVILLIVS
721 472 900 538 GALLVS.

514 595 621 660 (praetor
639 610 661 644 a.
682 611 703 643 u.
723 595 780 660 118).

229 705 254 764 1.
277 706 443 762 Stomachari
465 702 572 762 Canius.
608 701 661 758 Sed
683 702 749 775 quid
770 702 1038 761 iaceretlnondum
1060 706 1132 760 enim

165 788 315 863 AquilliuS,
339 788 443 860 collega
459 795 486 842 et
501 786 638 841 familiaris
653 802 745 855 meus,
766 786 917 859 protulerat
932 788 965 843 de
981 788 1044 843 dolo
1059 788 1131 844 malo

167 872 306 930 formulas.
337 871 366 925 ln
382 869 478 945 quibus
492 872 560 943 ipsis
575 885 636 925 cum
652 884 684 925 11
707 886 739 925 11
761 879 947 941 quaereretur,
972 871 1036 943 quid
1058 880 1133 928 esset

166 956 244 1011 dolus
267 954 370 1011 malus?
393 953 587 1028 respondebat:
615 970 676 1009 cum
699 963 772 1009 esset
785 953 858 1009 aliud
873 955 1037 1026 simulatum,
1059 956 1132 1011 aliud

166 1046 264 1095 actum.
282 1070 319 1079 -
336 1038 390 1095 Cic.
413 1038 446 1094 de
468 1037 539 1097 oilie.
563 1032 592 1108 3,
616 1037 666 1094 14.
688 1037 718 1109 S.
736 1037 784 1095 60.
817 1036 857 1093 Ci.
879 1054 902 1093 c.
921 1037 970 1095 15.
986 1039 1014 1109 S.
1032 1040 1081 1096 61.
1098 1038 1132 1095 de

165 1131 220 1179 nat.
238 1124 313 1180 deur.
332 1122 362 1194 3,
378 1123 426 1181 30.
444 1122 474 1193 §-
492 1122 543 1179 74.

229 1222 258 1281 2.
282 1222 392 1278 Solebat
419 1222 502 1295 igitur
524 1222 672 1296 Aquillius,
701 1221 805 1295 collega
833 1230 861 1277 et
883 1214 1018 1279 familiaris
1040 1239 1183 1294 meusne]

166 1304 249 1381 quum
272 1307 305 1361 de
328 1304 454 1361 litoribus
478 1314 621 1379 ageretur,
645 1323 714 1379 quae
737 1307 825 1361 omnia
840 1305 946 1379 publiea
962 1323 1022 1363 esse
1036 1307 1131 1378 uultis,

167 1389 358 1465 quaerentibus
380 1390 423 1459 iis,
446 1389 479 1444 ad
502 1406 571 1464 quos
593 1390 620 1445 id
643 1388 806 1463 pertinebat,
830 1390 892 1463 qnid
910 1398 983 1448 esset
998 1392 1074 1463 litus,
1093 1393 1131 1446 ita

166 1474 292 1531 delinire:
317 1476 382 1547 ‘qua
405 1472 504 1529 linctus
525 1472 670 1530 eluderet‘.
686 1503 727 1514 —
743 1472 796 1527 Cic.
817 1472 885 1546 Top.
908 1474 936 1529 7.
959 1475 987 1546 S.
1009 1474 1059 1531 32.
1091 1474 1131 1531 Gi.

166 1560 260 1615 boeth.
276 1558 317 1613 lll.
334 1576 362 1631 p.
378 1556 449 1614 333.
466 1556 548 1612 Orell.
565 1556 677 1624 Quintil.
690 1557 710 1616 l.
727 1555 756 1611 04
773 1553 802 1627 5,
819 1556 869 1611 ult.
886 1557 914 1627 S.
932 1558 981 1615 34.

229 1655 259 1716 8.
283 1686 325 1698 -
342 1657 370 1713 C.
387 1657 511 1713 Visellius
528 1658 619 1727 Varro,
637 1658 714 1730 graui
730 1654 825 1711 morbo
841 1666 1130 1732 correptus„trecenta

167 1742 238 1799 milia
260 1758 399 1798 nummum
423 1740 455 1797 ab
477 1742 588 1797 Otacilia
607 1742 763 1811 Laterensi,
785 1756 846 1795 eum
869 1757 921 1814 qua
942 1745 1131 1801 commercium

167 1826 282 1882 libidinis
297 1825 441 1899 babuerat,
457 1841 573 1900 expensa
589 1825 655 1880 terri
670 1824 721 1879 sibi
736 1840 833 1897 passus
848 1832 891 1879 est
906 1842 938 1881 eo
955 1826 1085 1899 consilio,
1101 1836 1131 1883 nt

168 1913 191 1965 si
206 1910 378 1981 decessisset,
395 1911 427 1967 ab
443 1908 585 1966 heredibus
601 1925 659 1963 eam
675 1925 805 1963 summam
816 1915 938 1981 peteret3
957 1927 1035 1984 quam
1047 1911 1131 1984 legati

168 2010 254 2067 gertus
270 2010 330 2050 1111
345 1994 443 2065 uoluit,
459 1992 626 2050 libidinosam
638 1992 825 2048 liberalitatem
841 1991 924 2047 debiti
936 1996 1045 2049 nomine
1057 1995 1132 2051 colo·

167 2077 261 2134 raudo.
287 2077 377 2133 Euasit
388 2077 485 2133 deinde
497 2075 621 2132 Visellius
634 2092 666 2131 111
681 2076 726 2131 illa
742 2083 903 2150 tempestate
918 2077 1050 2133 aduersus
1067 2089 1131 2135 uota

168 2162 304 2219 Otaciliae.
336 2160 408 2230 Quae
424 2162 532 2232 cllensa,
558 2159 631 2233 quod
654 2176 729 2233 spem
752 2159 867 2232 praedae
888 2176 953 2216 suae
973 2171 1060 2218 morte
1076 2179 1131 2217 non

167 2254 344 2318 maturasset,
375 2262 407 2301 er
430 2246 512 2303 amica
536 2242 696 2318 obsequenti
717 2241 808 2299 subito
832 2242 987 2300 destrictam
1009 2245 1131 2303 foenera-

168 2332 261 2387 tricem
284 2347 366 2405 agere
388 2332 479 2403 coepit
492 2344 616 2383 nummos
636 2328 766 2400 petendo,
789 2343 859 2401 quos
875 2336 904 2383 ut
919 2328 1010 2384 fronte
1024 2331 1131 2384 inuere-

167 2414 265 2486 cunda,
279 2416 317 2469 ita
326 2416 397 2469 inani
409 2412 583 2486 stipulatione
599 2420 760 2484 captauerat.
788 2411 823 2467 lle
841 2428 893 2486 qua
905 2428 934 2468 re
946 2411 974 2469 C.
988 2412 1130 2489 Aquillius,

169 2499 210 2553 uir
224 2513 336 2571 magnae
352 2497 519 2553 auctoritatis
535 2501 562 2550 et
577 2494 690 2551 scientia
704 2497 771 2551 iuris
787 2494 874 2552 ciuilis
890 2495 1034 2567 excellens,
1050 2496 1130 2553 iudex

168 2580 299 2652 addictus,
320 2580 444 2637 adhibitis
459 2582 487 2637 111
499 2579 641 2636 consilium
656 2579 820 2654 principibus
836 2581 964 2652 ciuitatis,
988 2581 1130 2654 prudentia

168 2672 195 2721 et
210 2665 342 2738 religione
357 2681 405 2721 sua
426 2665 564 2735 mulierem
584 2664 694 2737 repulit.
711 2694 752 2704 ——
770 2663 857 2720 Valer.
875 2663 943 2720 llar.
960 2664 989 2735 8,
1008 2664 1036 2719 2.
1055 2665 1084 2736 S.
1101 2664 1130 2721 2.

231 2762 259 2822 4.
273 2759 355 2833 ...ὅς
363 2756 463 2841 (Γάϊος
474 2754 622 2839 Ἀκύλιος)
678 2807 685 2822 .
704 2811 710 2825 .
728 2807 734 2822 .
751 2769 802 2839 qui
812 2764 859 2835 (0.
871 2767 1016 2839 Aquilios)
1026 2766 1129 2839 refert,

168 2842 473 2923 φησινᾶμεληθεισών
483 2866 552 2905 ποτε
565 2854 624 2905 τῶν
675 2852 823 2923 neglectos
838 2850 996 2923 aliquando
1013 2854 1132 2907 cloacas

168 2926 290 3009 τάφρων
305 2929 356 2990 καὶ
374 2928 478 3009 μηκέτι
492 2930 623 3009 droppen·
675 2950 729 2990 nec
751 2936 875 3005 amplius
903 2952 1009 3008 aquom
1035 2943 1131 2991 trans·

167 3012 283 3093 μὲνων,
316 3013 384 3087 τοὺς
416 3012 535 3093 τιμητὰς
568 3011 623 3091 τὴν
675 3021 816 3074 mittentes
837 3036 855 3074 α
876 3019 1044 3075 censoribus
1057 3036 1132 3089 pur·

168 3095 381 3181 ἀνακάθαρσιν
397 3094 497 3159 αὐτῶν
508 3094 559 3157 καὶ
570 3095 625 3176 τὴν
675 3103 788 3175 gendos
817 3109 846 3158 11
870 3104 1043 3174 reficiendos
1067 3103 1132 3156 mile

168 3180 329 3263 ἐπισκευὴν
350 3184 451 3263 χιλίων
471 3186 625 3260 μισθῶσαι
677 3187 792 3243 talentis
805 3188 918 3243 locatos
932 3200 1002 3243 1111.

168 3268 329 3335 ταλάντων,
360 3303 397 3313 -
429 3272 535 3344 Dionys.
565 3267 621 3329 Hal.

171 3356 268 3430 111.
