2542 3909
408 929 643 1021 suasus)
670 927 887 1001 anssvs
913 902 917 911 '

138 1109 144 1120 .
212 1061 474 1127 ’msatsvaosvu²
489 1084 575 1125 mam
591 1060 884 1127 ’snavsn13s1nvso
900 1085 942 1125 nn
957 1084 1093 1128 noamvs

546 1191 587 1243 ita
608 1190 753 1245 disseruit.
1247 1195 1248 1273 l

236 1334 284 1397 ⁴Si
306 1340 452 1397 diuortium
476 1350 518 1397 est
533 1343 695 1398 matrimonii
711 1351 738 1398 et
760 1342 812 1399 hoc
827 1342 886 1399 sine
907 1342 985 1416 culpa
1009 1341 1133 1399 mulieris
1142 1362 1204 1412 [aas]

172 1423 351 1497 factumest,
380 1425 429 1480 dos
458 1426 563 1497 integra
585 1435 732 1499 repetetur.
778 1424 878 1493 Quodsi
908 1426 986 1500 culpa
1009 1426 1134 1483 mulieris
1248 1439 1249 1501 t

172 1507 273 1565 lactum
295 1516 337 1563 'est
359 1507 515 1578 diuortium,
539 1510 565 1564 in
588 1509 712 1583 singulos
735 1508 835 1565 liberos
851 1518 926 1565 sexta
940 1526 1003 1583 pars
1018 1509 1092 1566 datis
1115 1528 1132 1566 a
1248 1502 1249 1511 ’

172 1594 269 1647 marito
285 1593 419 1648 retinetur
434 1608 521 1665 usque
537 1592 568 1649 ad
585 1593 699 1648 mediam
715 1593 844 1649 duntaxat
859 1602 964 1667 partem
979 1593 1063 1653 dotis.

163 1780 166 1787 ·
246 1755 266 1823 ¹)
285 1758 360 1809 Haec
378 1761 499 1825 leguntur
517 1762 545 1810 in
562 1760 666 1811 Boethii
686 1760 819 1815 Commeat.
838 1764 865 1810 iu
886 1762 938 1812 Oia.
962 1761 1022 1825 Tap.
1037 1760 1075 1811 II.
1094 1762 1134 1811 ad

173 1845 194 1881 ο.
209 1843 231 1888 4,
246 1842 279 1882 19.
300 1830 360 1879 Cum
374 1832 467 1880 notitia
481 1833 612 1881 litteraria
627 1839 652 1881 et
661 1832 823 1882 variantibus
832 1832 984 1882 lectionibus
993 1832 1133 1882 nouissime

172 1902 255 1950 edidit
267 1900 408 1967 Boealciny.
423 1904 450 1951 iu
465 1903 504 1951 ed.
524 1901 578 1966 Ulp.
595 1902 698 1967 binam.
713 1912 773 1954 1855.
789 1918 816 1966 p.
832 1914 889 1961 178„
904 1918 975 1967 quem
989 1904 1130 1967 sequimur.

174 1968 195 2038 ¹)
214 1972 301 2021 Etiam
319 1974 346 2021 in
368 1972 424 2022 [nd.
446 1973 516 2023 Flos.
536 1980 574 2022 est
594 1970 766 2031 ‘Instituton',
787 1974 834 2023 sed
852 1972 1015 2023 lastinianus
1035 1972 1132 2037 ubique

167 2050 290 2107 praestat
308 2045 384 2093 etiam
405 2045 432 2092 in
454 2044 502 2093 baa
522 2043 590 2093 libro
609 2041 653 2108 (L.
674 2055 707 2094 41.
734 2044 767 2092 Ι).
787 2044 818 2092 de
839 2059 895 2107 aeq.
917 2060 939 2093 u.
961 2045 1040 2093 amitt.
1056 2058 1131 2107 pass.

185 2126 221 2173 41,
234 2112 267 2179 s].
282 2113 314 2162 L.
328 2126 349 2164 1.
368 2114 401 2162 Ι).
417 2115 448 2163 de
461 2129 527 2163 seru.
538 2129 582 2177 pr.
598 2113 653 2162 urb.
675 2110 712 2180 [s,
726 2110 761 2181 s}
779 2113 811 2163 L.
827 2125 847 2165 s.
866 2114 899 2163 J).
918 2115 950 2163 de
969 2113 1017 2163 obl.
1037 2120 1062 2163 et
1077 2122 1130 2163 aet.

184 2196 219 2247 14,
234 2181 275 2251 t])
297 2181 508 2242 ‘Institutiones’,
528 2186 573 2248 qui
590 2199 667 2233 venus
686 2184 775 2234 titulus
789 2191 834 2234 est.
865 2184 903 2247 Cf.
915 2184 1003 2247 praef.
1018 2184 1055 2233 ad
1070 2183 1130 2233 Gai.

168 2265 260 2319 p.158.
321 2252 419 2319 ³)Aua
432 2256 593 2317 exemplaria
607 2254 701 2303 babent
719 2253 766 2303 XI.
781 2257 820 2305 ael
839 2254 869 2303 V.
897 2253 951 2304 Sed
963 2262 1017 2304 tres
1031 2262 1131 2303 tautum

173 2325 254 2375 libros
264 2325 353 2375 Paulli
365 2325 569 2376 institutionibus
582 2324 674 2374 tribuit
682 2324 769 2374 Index
780 2325 859 2386 blan,
874 2340 909 2373 eu
922 2325 1022 2375 duobus
1031 2332 1131 2374 tantum

169 2394 331 2445 lastinianus
344 2401 469 2457 excerpta
483 2394 563 2452 dedit,
575 2395 679 2442 tertium
693 2395 769 2443 etiam
784 2392 884 2458 Fraym.
894 2391 988 2442 Sinait.
995 2407 1059 2457 pay.
1073 2388 1132 2437 XV

168 2468 290 2530 alleqant.
355 2459 376 2528 ⁴)
393 2462 432 2525 (tf.
452 2464 507 2527 lap.
521 2475 547 2524 6,
562 2476 595 2514 10.
610 2475 645 2513 11.
671 2462 715 2512 Fr.
735 2463 793 2513 Vat.
809 2474 932 2516 lot-lot.

245 2532 355 2580 Paullus
369 2534 400 2592 is,
415 2547 487 2595 quern
502 2530 602 2579 Clanis.
614 2547 642 2593 p.
654 2543 700 2582 193.
715 2542 755 2581 214
769 2531 875 2581 Putscb.
890 2532 989 2590 laudat,
999 2545 1052 2594 pra
1066 2529 1132 2580 lato

175 2603 299 2653 immerita
312 2601 428 2651 babetur.
