2542 3909
165 202 206 259 36
508 208 534 242 ld.
554 207 665 242 utinum
683 206 784 243 omno.

166 340 218 394 uim
233 333 483 407 turpitudinemque
498 332 644 388 uitiorum?
666 333 739 404 quod
760 333 823 388 item
844 331 877 387 ad
892 332 1053 389 contrariam
1067 331 1127 388 lau·

165 419 273 474 demin
294 419 423 474 uirtutem
444 417 495 472 diei
517 423 616 489 potest.
652 411 697 474 ⁶2.
719 416 870 488 Postremo,
895 417 917 471 si
933 423 1046 489 propter
1060 415 1126 472 alias

164 520 208 558 res
225 503 311 557 uirtus
326 502 472 573 expetitur,
488 499 584 556 melius
599 516 660 555 esse
672 499 774 573 aliquid
785 515 863 572 quam
876 502 1004 557 uirtutem
1015 515 1127 555 necesse

164 594 220 642 est:
236 586 410 659 pecuniamne
425 586 511 658 igitur
526 600 560 639 au
575 584 694 640 honores
709 600 743 639 an
759 582 871 639 sormam
886 599 920 638 an
934 582 1127 640 ualitudinem?

165 685 233 742 quae
255 672 293 738 et,
315 684 397 740 quom
419 668 528 737 adsunt,
549 684 682 741 perparuo
696 675 771 738 sunt,
792 675 828 731 et,
846 666 986 740 quamdiu
1002 666 1128 723 adiutura

163 755 230 824 sint,
245 760 349 809 certum
363 753 426 808 sciri
441 752 518 808 nullo
533 752 614 806 modo
629 759 738 827 potest3
754 768 798 822 an,
814 751 841 805 id
856 751 930 824 quod
941 752 1128 823 turpissimum

164 837 238 893 dicto
259 844 313 906 est,
336 835 522 909 uoluptatem?
543 841 568 889 at
591 837 618 891 ln
641 852 672 891 ea
695 835 803 908 quidem
825 834 976 908 spernenda
996 841 1025 890 et
1046 851 1128 909 repu-

164 920 259 976 dianda
274 921 362 975 uirtus
377 920 422 976 uel
437 921 550 977 maxime
565 920 697 976 cernitur.

227 1021 280 1077 Sed
296 1021 429 1077 uidetisne
444 1028 545 1094 quanta
561 1021 645 1075 series
660 1036 750 1076 rerum
773 1022 1023 1091 sententiarumque
1037 1019 1074 1074 sit
1089 1027 1129 1074 at·

164 1122 216 1179 que
238 1113 269 1163 ut
289 1120 322 1161 ex
343 1103 396 1160 alio
417 1103 466 1160 alia
488 1104 652 1160 nectantur?
672 1105 738 1177 quiu
758 1102 866 1159 labebar
880 1103 997 1177 longius,
1019 1104 1128 1159 nisime

164 1191 345 1245 retinuissem.

227 1287 282 1344 llll.
304 1287 338 1357 Q.
363 1286 421 1354 Quo
445 1288 570 1344 taudem?
591 1286 718 1344 lubenter
740 1288 821 1360 enim,
844 1286 937 1359 irater,
960 1286 1035 1360 quod
1049 1287 1129 1343 istam

165 1376 326 1444 orationem,
343 1382 432 1432 tecum
448 1370 614 1446 prolaberer.

228 1474 269 1531 M.
292 1473 332 1530 lid
354 1466 448 1529 tinem¹
471 1471 620 1541 bonorum,
644 1487 699 1543 quo
720 1452 877 1526 reseruntur
904 1479 933 1527 et
953 1471 1052 1544 quoius
1072 1475 1128 1548 api·

164 1558 256 1613 scendi
268 1572 347 1613 causa
360 1564 424 1612 sunt
435 1553 557 1611 iacienda
572 1554 673 1626 omnia,
688 1562 893 1611 controuersam
908 1571 965 1611 rem
980 1563 1008 1611 et
1023 1556 1129 1629 plenam

163 1642 339 1698 dissensionis
354 1643 427 1697 inter
441 1639 624 1709 doctissimos,
640 1638 688 1694 sed
702 1637 848 1712 aliquando
863 1640 915 1695 iam
928 1638 1107 1697 iudicandam.
1171 1692 1177 1703 ,

226 1737 273 1799 53.
294 1741 328 1797 Α.
352 1739 404 1808 Qui
418 1741 488 1796 istuc
502 1737 561 1795 lieri
576 1745 669 1812 potest
683 1736 712 1794 L.
728 1738 814 1795 Gellio
829 1741 955 1796 mortuoi

231 1840 272 1898 M.
296 1839 364 1907 Quid
381 1840 487 1897 tandem
502 1838 531 1895 id
546 1838 578 1894 ad
593 1839 668 1895 rem?

227 1943 261 1998 Α.
286 1940 417 2007 Quoniam
432 1940 543 1996 Athenis
560 1940 652 1996 audire
666 1956 699 1997 er
713 1940 834 1996 Phaedro
850 1958 910 1997 meo
926 1942 1045 2013 memini,
1067 1943 1128 1999 Gel-

164 2026 238 2097 lium,
255 2024 411 2081 familiarem
427 2033 515 2097 tuum,
530 2040 612 2097 quom
627 2041 677 2098 pro
693 2024 805 2081 consule
819 2041 852 2081 ex
866 2033 992 2098 praetura
1006 2026 1034 2081 in
1048 2025 1130 2083 (irae-

164 2112 232 2166 ciam
247 2110 366 2165 uenisset
381 2105 533 2183 (essethue
553 2109 675 2178 Athenis,
695 2108 886 2183 philosophos,
907 2110 1026 2182 quitum
1041 2120 1129 2182 erant,

164 2194 304 2251 inlocum
326 2210 408 2251 unum
432 2208 597 2251 conuocasse
619 2194 740 2267 ipsisque
763 2209 863 2266 magno
885 2209 968 2267 opere
990 2202 1130 2251 auctorem

164 2278 259 2342 luisse,
276 2277 465 2351 utaliquando
481 2279 729 2333 controuersiarum
745 2276 860 2349 aliquem
872 2278 992 2334 lacerent
1003 2276 1129 2334 modum:

165 2361 277 2435 quodsi
298 2368 390 2417 essent
413 2377 445 2417 eo
462 2362 561 2430 animo,
584 2367 615 2415 ut
636 2360 742 2416 nollent
756 2368 872 2416 aetatem
887 2362 915 2417 iu
928 2360 1019 2417 litibus
1035 2368 1129 2418 conte·

164 2460 236 2514 rere,
257 2460 339 2520 posse
354 2460 410 2499 rem
432 2444 590 2512 conuenire,
612 2450 642 2498 et
662 2442 743 2500 simul
765 2460 874 2517 operam
896 2462 972 2502 suam
993 2444 1047 2501 illis
1068 2460 1130 2503 esse

165 2528 327 2601 pollicitum,
344 2529 367 2583 si
381 2534 476 2601 posset
490 2527 562 2582 inter
577 2541 625 2582 eos
641 2527 741 2600 aliquid
755 2530 911 2587 conuenire.

133 2697 135 2701 ι
228 2628 269 2686 M.
292 2628 412 2685 Ioculare
422 2628 499 2707 istuc
514 2626 631 2701 quidem,
648 2627 789 2703 Pomponi,
805 2638 833 2685 et
849 2646 864 2685 a
878 2630 970 2686 multis
985 2647 1068 2706 saepo
1083 2630 1128 2687 de-

165 2714 264 2769 risum:
280 2711 327 2768 sed
343 2728 394 2784 ego
410 2710 489 2785 plane
504 2710 603 2767 uellem
619 2728 662 2767 me
676 2712 806 2770 arbitrum
820 2714 892 2770 iuter
912 2716 1050 2788 antiquam
1065 2715 1131 2772 dca-

165 2796 278 2852 demiam
295 2802 323 2851 et
337 2796 471 2851 Zenonem
486 2794 588 2851 datum.

228 2898 263 2954 A.
286 2895 345 2964 Quo
360 2895 469 2952 tandem
484 2897 556 2953 istuc
569 2894 672 2954 modoi

229 2997 269 3054 M.
293 2995 360 3063 Quia
381 2995 415 3053 de
436 3014 466 3053 re
488 3012 540 3053 una
562 2998 652 3054 solum
673 2998 821 3071 dissident,
844 2998 878 3057 dc
899 3000 998 3058 ceteris
1019 3000 1132 3060 mirilico

165 3088 331 3155 congruunt.

230 3180 263 3239 Α.
286 3182 336 3238 Ain
352 3181 479 3239 tandem?
493 3198 581 3238 unaue
596 3190 641 3239 est
653 3182 743 3239 solum
758 3183 909 3241 dissensio?

228 3278 276 3342 54.
297 3280 338 3342 Μ.
360 3280 432 3349 Quae
448 3282 557 3355 quidem
571 3282 604 3338 ad
618 3299 675 3339 rem
689 3284 835 3357 pertineat,
851 3302 919 3343 uua:
936 3288 1036 3362 quippe
1048 3304 1131 3361 quom

166 3368 270 3439 antiqui
292 3382 382 3439 omne,
404 3366 478 3439 quod
493 3366 641 3423 seeundum
656 3375 781 3425 naturam
801 3376 885 3442 esset,
907 3387 963 3445 quo
977 3372 1133 3429 iuuaremur

169 3482 369 3490 ..α-*οη-

240 3529 261 3598 ¹)
280 3538 339 3585 leoli
349 3531 425 3581 addit
437 3530 468 3581 Β.
