<?xml version="1.0" encoding="UTF-8"?>
<!DOCTYPE html PUBLIC "-//W3C//DTD XHTML 1.0 Transitional//EN"
    "http://www.w3.org/TR/xhtml1/DTD/xhtml1-transitional.dtd">
<html xmlns="http://www.w3.org/1999/xhtml" xml:lang="en" lang="en">
 <head>
  <title>
</title>
<meta http-equiv="Content-Type" content="text/html;charset=utf-8" />
  <meta name='ocr-system' content='tesseract 3.04.00' />
  <meta name='ocr-capabilities' content='ocr_page ocr_carea ocr_par ocr_line ocrx_word'/>
</head>
<body>
  <div class='ocr_page' id='page_1' title='image "./iurisprudentiae01huscgoog_0245.png"; bbox 0 0 2542 3909; ppageno 0'>
   <div class='ocr_carea' id='block_1_1' title="bbox 427 186 1098 253">
    <p class='ocr_par' dir='ltr' id='par_1_1' title="bbox 427 186 1098 253">
     <span class='ocr_line' id='line_1_1' title="bbox 427 186 1098 253; baseline 0.01 -13"><span class='ocrx_word' id='word_1_1' title='bbox 427 205 487 241; x_wconf 78' lang='lat' dir='ltr'>ann</span> <span class='ocrx_word' id='word_1_2' title='bbox 504 206 604 241; x_wconf 82' lang='lat' dir='ltr'>rnsrrr.</span> <span class='ocrx_word' id='word_1_3' title='bbox 624 186 645 240; x_wconf 89' lang='lat'>1.</span> <span class='ocrx_word' id='word_1_4' title='bbox 666 193 809 244; x_wconf 74' lang='lat'><strong>199-200.</strong></span> <span class='ocrx_word' id='word_1_5' title='bbox 1037 189 1098 253; x_wconf 80' lang='grc'>221</span> 
     </span>
    </p>
   </div>
   <div class='ocr_carea' id='block_1_2' title="bbox 129 344 1103 1168">
    <p class='ocr_par' dir='ltr' id='par_1_2' title="bbox 129 344 1103 1168">
     <span class='ocr_line' id='line_1_2' title="bbox 196 344 1100 422; baseline 0 -18"><span class='ocrx_word' id='word_1_6' title='bbox 196 344 261 404; x_wconf 87' lang='grc'>199.</span> <span class='ocrx_word' id='word_1_7' title='bbox 283 347 321 403; x_wconf 87' lang='lat' dir='ltr'>Ne</span> <span class='ocrx_word' id='word_1_8' title='bbox 344 357 432 404; x_wconf 88' lang='lat' dir='ltr'>tamen</span> <span class='ocrx_word' id='word_1_9' title='bbox 455 357 482 404; x_wconf 92' lang='lat' dir='ltr'>et</span> <span class='ocrx_word' id='word_1_10' title='bbox 497 347 663 422; x_wconf 89' lang='lat' dir='ltr'>pupillorum</span> <span class='ocrx_word' id='word_1_11' title='bbox 679 356 707 404; x_wconf 94' lang='lat' dir='ltr'>et</span> <span class='ocrx_word' id='word_1_12' title='bbox 723 364 827 420; x_wconf 79' lang='lat' dir='ltr'>eorum,</span> <span class='ocrx_word' id='word_1_13' title='bbox 851 349 897 422; x_wconf 89' lang='lat' dir='ltr'>qui</span> <span class='ocrx_word' id='word_1_14' title='bbox 916 350 1100 405; x_wconf 91' lang='lat' dir='ltr'>incuratione</span> 
     </span>
     <span class='ocr_line' id='line_1_3' title="bbox 129 431 1101 506; baseline -0.005 -14"><span class='ocrx_word' id='word_1_15' title='bbox 129 441 210 504; x_wconf 91' lang='lat' dir='ltr'>sunt,</span> <span class='ocrx_word' id='word_1_16' title='bbox 226 433 334 506; x_wconf 83' lang='lat' dir='ltr'>negotia</span> <span class='ocrx_word' id='word_1_17' title='bbox 352 449 366 488; x_wconf 88' lang='lat' dir='ltr'>a</span> <span class='ocrx_word' id='word_1_18' title='bbox 382 431 519 489; x_wconf 84' lang='lat' dir='ltr'>tutoribus</span> <span class='ocrx_word' id='word_1_19' title='bbox 535 432 762 504; x_wconf 87' lang='lat' dir='ltr'>curatoribusque</span> <span class='ocrx_word' id='word_1_20' title='bbox 783 442 979 490; x_wconf 88' lang='lat' dir='ltr'>consumantur</span> <span class='ocrx_word' id='word_1_21' title='bbox 999 440 1046 490; x_wconf 92' lang='lat' dir='ltr'>aut</span> <span class='ocrx_word' id='word_1_22' title='bbox 1061 432 1101 488; x_wconf 90' lang='lat' dir='ltr'>di·</span> 
     </span>
     <span class='ocr_line' id='line_1_4' title="bbox 130 509 1101 615; baseline 0 -41"><span class='ocrx_word' id='word_1_23' title='bbox 130 520 301 587; x_wconf 85' lang='lat' dir='ltr'>minuantur,</span> <span class='ocrx_word' id='word_1_24' title='bbox 317 526 392 574; x_wconf 91' lang='lat' dir='ltr'>curat</span> <span class='ocrx_word' id='word_1_25' title='bbox 414 525 539 590; x_wconf 90' lang='lat' dir='ltr'>praetor,</span> <span class='ocrx_word' id='word_1_26' title='bbox 564 524 594 572; x_wconf 93' lang='lat' dir='ltr'>ut</span> <span class='ocrx_word' id='word_1_27' title='bbox 609 525 636 572; x_wconf 89' lang='lat' dir='ltr'>et</span> <span class='ocrx_word' id='word_1_28' title='bbox 653 526 759 573; x_wconf 90' lang='lat' dir='ltr'>tutores</span> <span class='ocrx_word' id='word_1_29' title='bbox 775 509 856 615; x_wconf 89' lang='lat' dir='ltr'>(et)</span> <span class='ocrx_word' id='word_1_30' title='bbox 846 527 987 575; x_wconf 79' lang='lat' dir='ltr'>curatores</span> <span class='ocrx_word' id='word_1_31' title='bbox 1003 533 1036 573; x_wconf 86' lang='lat' dir='ltr'>eo</span> <span class='ocrx_word' id='word_1_32' title='bbox 1052 533 1101 574; x_wconf 88' lang='lat' dir='ltr'>no·</span> 
     </span>
     <span class='ocr_line' id='line_1_5' title="bbox 129 578 1101 677; baseline -0.003 -17"><span class='ocrx_word' id='word_1_33' title='bbox 129 606 204 660; x_wconf 87' lang='lat' dir='ltr'>rnine</span> <span class='ocrx_word' id='word_1_34' title='bbox 228 601 370 658; x_wconf 88' lang='lat' dir='ltr'>satisdent.</span> <span class='ocrx_word' id='word_1_35' title='bbox 407 597 480 660; x_wconf 79' lang='lat'><strong>200.</strong></span> <span class='ocrx_word' id='word_1_36' title='bbox 503 602 550 658; x_wconf 91' lang='lat' dir='ltr'>Set</span> <span class='ocrx_word' id='word_1_37' title='bbox 572 602 624 657; x_wconf 90' lang='lat' dir='ltr'>hoc</span> <span class='ocrx_word' id='word_1_38' title='bbox 645 619 702 659; x_wconf 90' lang='lat' dir='ltr'>non</span> <span class='ocrx_word' id='word_1_39' title='bbox 724 611 767 658; x_wconf 87' lang='lat' dir='ltr'>cst</span> <span class='ocrx_word' id='word_1_40' title='bbox 788 578 967 677; x_wconf 81' lang='lat' dir='ltr'>perpetuum3</span> <span class='ocrx_word' id='word_1_41' title='bbox 991 619 1051 658; x_wconf 91' lang='lat' dir='ltr'>nam</span> <span class='ocrx_word' id='word_1_42' title='bbox 1074 610 1101 657; x_wconf 91' lang='lat' dir='ltr'>et</span> 
     </span>
     <span class='ocr_line' id='line_1_6' title="bbox 130 685 1101 761; baseline -0.002 -17"><span class='ocrx_word' id='word_1_43' title='bbox 130 699 239 745; x_wconf 87' lang='lat' dir='ltr'>tutores</span> <span class='ocrx_word' id='word_1_44' title='bbox 263 696 425 743; x_wconf 87' lang='lat' dir='ltr'>testamento</span> <span class='ocrx_word' id='word_1_45' title='bbox 454 686 510 742; x_wconf 87' lang='lat' dir='ltr'>dati</span> <span class='ocrx_word' id='word_1_46' title='bbox 532 685 663 742; x_wconf 76' lang='lat' dir='ltr'>satisdare</span> <span class='ocrx_word' id='word_1_47' title='bbox 689 702 744 742; x_wconf 89' lang='lat' dir='ltr'>uon</span> <span class='ocrx_word' id='word_1_48' title='bbox 767 695 920 760; x_wconf 77' lang='lat' dir='ltr'>coguntur,</span> <span class='ocrx_word' id='word_1_49' title='bbox 943 688 1012 761; x_wconf 87' lang='lat' dir='ltr'>quia</span> <span class='ocrx_word' id='word_1_50' title='bbox 1034 685 1101 742; x_wconf 85' lang='lat' dir='ltr'>rides</span> 
     </span>
     <span class='ocr_line' id='line_1_7' title="bbox 130 769 1101 845; baseline -0.003 -16"><span class='ocrx_word' id='word_1_51' title='bbox 130 788 227 829; x_wconf 89' lang='lat' dir='ltr'>eorum</span> <span class='ocrx_word' id='word_1_52' title='bbox 243 780 271 828; x_wconf 88' lang='lat' dir='ltr'>et</span> <span class='ocrx_word' id='word_1_53' title='bbox 286 770 427 845; x_wconf 79' lang='lat' dir='ltr'>diligentia</span> <span class='ocrx_word' id='word_1_54' title='bbox 441 771 497 827; x_wconf 92' lang='lat' dir='ltr'>ab&#39;</span> <span class='ocrx_word' id='word_1_55' title='bbox 489 787 549 845; x_wconf 81' lang='lat' dir='ltr'>ipso</span> <span class='ocrx_word' id='word_1_56' title='bbox 563 779 695 827; x_wconf 83' lang='lat' dir='ltr'>testatore</span> <span class='ocrx_word' id='word_1_57' title='bbox 710 769 824 844; x_wconf 89' lang='lat' dir='ltr'>probata</span> <span class='ocrx_word' id='word_1_58' title='bbox 836 780 894 840; x_wconf 82' lang='lat' dir='ltr'>est3</span> <span class='ocrx_word' id='word_1_59' title='bbox 911 780 939 828; x_wconf 90' lang='lat' dir='ltr'>et</span> <span class='ocrx_word' id='word_1_60' title='bbox 949 781 1101 843; x_wconf 82' lang='lat' dir='ltr'>curatores,</span> 
     </span>
     <span class='ocr_line' id='line_1_8' title="bbox 131 853 1102 930; baseline -0.002 -16"><span class='ocrx_word' id='word_1_61' title='bbox 131 860 169 915; x_wconf 85' lang='lat' dir='ltr'>ad</span> <span class='ocrx_word' id='word_1_62' title='bbox 182 873 253 930; x_wconf 87' lang='lat' dir='ltr'>quos</span> <span class='ocrx_word' id='word_1_63' title='bbox 269 872 325 913; x_wconf 89' lang='lat' dir='ltr'>non</span> <span class='ocrx_word' id='word_1_64' title='bbox 340 872 355 911; x_wconf 89' lang='lat' dir='ltr'>e</span> <span class='ocrx_word' id='word_1_65' title='bbox 370 855 433 929; x_wconf 79' lang='lat' dir='ltr'>lege</span> <span class='ocrx_word' id='word_1_66' title='bbox 448 859 553 913; x_wconf 84' lang='lat' dir='ltr'>curatio</span> <span class='ocrx_word' id='word_1_67' title='bbox 570 857 705 930; x_wconf 82' lang='lat' dir='ltr'>pertinet,</span> <span class='ocrx_word' id='word_1_68' title='bbox 724 857 775 912; x_wconf 87' lang='lat' dir='ltr'>sed</span> <span class='ocrx_word' id='word_1_69' title='bbox 790 853 865 930; x_wconf 83' lang='lat' dir='ltr'>(qai)</span> <span class='ocrx_word' id='word_1_70' title='bbox 889 856 933 912; x_wconf 93' lang='lat' dir='ltr'>uel</span> <span class='ocrx_word' id='word_1_71' title='bbox 952 873 968 911; x_wconf 92' lang='lat' dir='ltr'>a</span> <span class='ocrx_word' id='word_1_72' title='bbox 989 855 1102 912; x_wconf 87' lang='lat' dir='ltr'>consule</span> 
     </span>
     <span class='ocr_line' id='line_1_9' title="bbox 132 940 1102 1014; baseline -0.002 -16"><span class='ocrx_word' id='word_1_73' title='bbox 132 942 178 998; x_wconf 92' lang='lat' dir='ltr'>uel</span> <span class='ocrx_word' id='word_1_74' title='bbox 201 949 356 1014; x_wconf 87' lang='lat' dir='ltr'>apraetare</span> <span class='ocrx_word' id='word_1_75' title='bbox 372 940 416 997; x_wconf 92' lang='lat' dir='ltr'>uel</span> <span class='ocrx_word' id='word_1_76' title='bbox 439 957 453 996; x_wconf 90' lang='lat' dir='ltr'>a</span> <span class='ocrx_word' id='word_1_77' title='bbox 473 940 596 1014; x_wconf 87' lang='lat' dir='ltr'>praeside</span> <span class='ocrx_word' id='word_1_78' title='bbox 618 940 776 1013; x_wconf 86' lang='lat' dir='ltr'>prouinciae</span> <span class='ocrx_word' id='word_1_79' title='bbox 797 941 918 1010; x_wconf 83' lang='lat' dir='ltr'>dantur,</span> <span class='ocrx_word' id='word_1_80' title='bbox 942 940 1102 1013; x_wconf 88' lang='lat' dir='ltr'>plerumque</span> 
     </span>
     <span class='ocr_line' id='line_1_10' title="bbox 132 1019 1103 1099; baseline -0.003 -16"><span class='ocrx_word' id='word_1_81' title='bbox 132 1043 190 1083; x_wconf 88' lang='lat' dir='ltr'>non</span> <span class='ocrx_word' id='word_1_82' title='bbox 213 1034 350 1099; x_wconf 83' lang='lat' dir='ltr'>coguntur</span> <span class='ocrx_word' id='word_1_83' title='bbox 372 1025 518 1097; x_wconf 86' lang='lat' dir='ltr'>satisdare,</span> <span class='ocrx_word' id='word_1_84' title='bbox 548 1025 653 1081; x_wconf 84' lang='lat' dir='ltr'>scilicet</span> <span class='ocrx_word' id='word_1_85' title='bbox 679 1025 741 1096; x_wconf 85' lang='lat' dir='ltr'>quia</span> <span class='ocrx_word' id='word_1_86' title='bbox 768 1025 834 1080; x_wconf 87' lang='lat' dir='ltr'>satis</span> <span class='ocrx_word' id='word_1_87' title='bbox 855 1024 977 1081; x_wconf 72' lang='lat' dir='ltr'>’hareni</span> <span class='ocrx_word' id='word_1_88' title='bbox 985 1019 994 1056; x_wconf 86' lang='lat'><strong>¹</strong></span> <span class='ocrx_word' id='word_1_89' title='bbox 1016 1027 1103 1080; x_wconf 78' lang='lat' dir='ltr'>electi</span> 
     </span>
     <span class='ocr_line' id='line_1_11' title="bbox 131 1103 223 1168; baseline -0.022 0"><span class='ocrx_word' id='word_1_90' title='bbox 131 1103 223 1168; x_wconf 84' lang='lat' dir='ltr'>sunt.²</span> 
     </span>
    </p>
   </div>
   <div class='ocr_carea' id='block_1_3' title="bbox 132 1237 348 1246">
    <p class='ocr_par' dir='ltr' id='par_1_3' title="bbox 132 1237 348 1246">
     <span class='ocr_line' id='line_1_12' title="bbox 132 1237 348 1246; baseline -0.009 0"><span class='ocrx_word' id='word_1_91' title='bbox 132 1237 348 1246; x_wconf 78' lang='lat'><em>————-—-—-</em></span> 
     </span>
    </p>
   </div>
   <div class='ocr_carea' id='block_1_4' title="bbox 127 1295 1103 1578">
    <p class='ocr_par' dir='ltr' id='par_1_4' title="bbox 127 1295 1103 1578">
     <span class='ocr_line' id='line_1_13' title="bbox 132 1295 1101 1360; baseline -0.007 -9"><span class='ocrx_word' id='word_1_92' title='bbox 132 1303 215 1357; x_wconf 81' lang='lat' dir='ltr'>loeus,</span> <span class='ocrx_word' id='word_1_93' title='bbox 234 1299 281 1348; x_wconf 81' lang='lat' dir='ltr'>aed</span> <span class='ocrx_word' id='word_1_94' title='bbox 295 1300 436 1357; x_wconf 64' lang='lat' dir='ltr'>confirmat,</span> <span class='ocrx_word' id='word_1_95' title='bbox 458 1298 550 1347; x_wconf 80' lang='lat' dir='ltr'>Gaium</span> <span class='ocrx_word' id='word_1_96' title='bbox 569 1297 639 1347; x_wconf 77' lang='lat' dir='ltr'>daec</span> <span class='ocrx_word' id='word_1_97' title='bbox 648 1295 780 1346; x_wconf 81' lang='lat' dir='ltr'>Antonino</span> <span class='ocrx_word' id='word_1_98' title='bbox 804 1296 854 1346; x_wconf 86' lang='lat' dir='ltr'>Pio</span> <span class='ocrx_word' id='word_1_99' title='bbox 873 1298 1015 1360; x_wconf 83' lang='lat' dir='ltr'>imperante</span> <span class='ocrx_word' id='word_1_100' title='bbox 1033 1297 1101 1345; x_wconf 85' lang='lat' dir='ltr'>seri·</span> 
     </span>
     <span class='ocr_line' id='line_1_14' title="bbox 127 1367 1102 1436; baseline -0.006 -15"><span class='ocrx_word' id='word_1_101' title='bbox 127 1374 225 1436; x_wconf 79' lang='lat' dir='ltr'>prisce.</span> <span class='ocrx_word' id='word_1_102' title='bbox 264 1369 372 1420; x_wconf 83' lang='lat' dir='ltr'>Marcus</span> <span class='ocrx_word' id='word_1_103' title='bbox 395 1371 462 1419; x_wconf 86' lang='lat' dir='ltr'>enim</span> <span class='ocrx_word' id='word_1_104' title='bbox 485 1370 583 1418; x_wconf 82' lang='lat' dir='ltr'>demam</span> <span class='ocrx_word' id='word_1_105' title='bbox 607 1369 749 1426; x_wconf 84' lang='lat' dir='ltr'>conutituit,</span> <span class='ocrx_word' id='word_1_106' title='bbox 773 1374 802 1416; x_wconf 88' lang='lat' dir='ltr'>ut</span> <span class='ocrx_word' id='word_1_107' title='bbox 819 1369 895 1417; x_wconf 85' lang='lat' dir='ltr'>etiam</span> <span class='ocrx_word' id='word_1_108' title='bbox 919 1383 969 1417; x_wconf 83' lang='lat' dir='ltr'>roa</span> <span class='ocrx_word' id='word_1_109' title='bbox 991 1367 1102 1416; x_wconf 84' lang='lat' dir='ltr'>redditis</span> 
     </span>
     <span class='ocr_line' id='line_1_15' title="bbox 133 1434 1103 1504; baseline -0.006 -12"><span class='ocrx_word' id='word_1_110' title='bbox 133 1444 224 1492; x_wconf 68' lang='lat' dir='ltr'>cauus</span> <span class='ocrx_word' id='word_1_111' title='bbox 239 1443 351 1491; x_wconf 83' lang='lat' dir='ltr'>minores</span> <span class='ocrx_word' id='word_1_112' title='bbox 365 1448 502 1491; x_wconf 82' lang='lat' dir='ltr'>curatores</span> <span class='ocrx_word' id='word_1_113' title='bbox 517 1441 675 1504; x_wconf 84' lang='lat' dir='ltr'>acciperent</span> <span class='ocrx_word' id='word_1_114' title='bbox 702 1439 811 1503; x_wconf 82' lang='lat' dir='ltr'>Capitol.</span> <span class='ocrx_word' id='word_1_115' title='bbox 826 1439 912 1488; x_wconf 90' lang='lat' dir='ltr'>Marc</span> <span class='ocrx_word' id='word_1_116' title='bbox 928 1448 962 1490; x_wconf 79' lang='lat'>16.</span> <span class='ocrx_word' id='word_1_117' title='bbox 1024 1434 1043 1502; x_wconf 88' lang='lat'>¹)</span> <span class='ocrx_word' id='word_1_118' title='bbox 1058 1437 1103 1486; x_wconf 77' lang='lat' dir='ltr'>Ex</span> 
     </span>
     <span class='ocr_line' id='line_1_16' title="bbox 138 1507 951 1578; baseline -0.004 -16"><span class='ocrx_word' id='word_1_119' title='bbox 138 1514 166 1562; x_wconf 92' lang='lat' dir='ltr'><em>V</em></span> <span class='ocrx_word' id='word_1_120' title='bbox 168 1509 196 1566; x_wconf 63' lang='lat' dir='ltr'>⁵i.</span> <span class='ocrx_word' id='word_1_121' title='bbox 262 1507 283 1578; x_wconf 78' lang='lat'>²)</span> <span class='ocrx_word' id='word_1_122' title='bbox 300 1512 410 1577; x_wconf 82' lang='lat' dir='ltr'>Reliqua</span> <span class='ocrx_word' id='word_1_123' title='bbox 420 1514 535 1578; x_wconf 73' lang='lat' dir='ltr'>popinae</span> <span class='ocrx_word' id='word_1_124' title='bbox 546 1527 614 1577; x_wconf 81' lang='lat' dir='ltr'>pars</span> <span class='ocrx_word' id='word_1_125' title='bbox 627 1527 645 1562; x_wconf 91' lang='lat' dir='ltr'>a</span> <span class='ocrx_word' id='word_1_126' title='bbox 657 1513 794 1573; x_wconf 73' lang='lat' dir='ltr'>scriptura</span> <span class='ocrx_word' id='word_1_127' title='bbox 807 1525 891 1559; x_wconf 84' lang='lat' dir='ltr'>uacua</span> <span class='ocrx_word' id='word_1_128' title='bbox 904 1517 951 1559; x_wconf 81' lang='lat' dir='ltr'>eet</span> 
     </span>
    </p>
   </div>
   <div class='ocr_carea' id='block_1_5' title="bbox 137 1683 1101 1826">
    <p class='ocr_par' dir='ltr' id='par_1_5' title="bbox 137 1683 1101 1826">
     <span class='ocr_line' id='line_1_17' title="bbox 207 1683 1101 1760; baseline -0.01 -17"><span class='ocrx_word' id='word_1_129' title='bbox 207 1688 234 1760; x_wconf 64' lang='grc' dir='ltr'>ξ.</span> <span class='ocrx_word' id='word_1_130' title='bbox 251 1693 309 1742; x_wconf 85' lang='grc'><strong>199.</strong></span> <span class='ocrx_word' id='word_1_131' title='bbox 329 1692 390 1741; x_wconf 81' lang='lat'><strong>200.</strong></span> <span class='ocrx_word' id='word_1_132' title='bbox 406 1711 440 1732; x_wconf 86' lang='lat'>-·-=</span> <span class='ocrx_word' id='word_1_133' title='bbox 451 1705 494 1752; x_wconf 88' lang='lat' dir='ltr'>pr.</span> <span class='ocrx_word' id='word_1_134' title='bbox 514 1690 536 1739; x_wconf 93' lang='lat' dir='ltr'>I.</span> <span class='ocrx_word' id='word_1_135' title='bbox 556 1691 588 1740; x_wconf 86' lang='lat' dir='ltr'>de</span> <span class='ocrx_word' id='word_1_136' title='bbox 607 1697 653 1739; x_wconf 85' lang='lat' dir='ltr'>tat.</span> <span class='ocrx_word' id='word_1_137' title='bbox 672 1688 704 1752; x_wconf 90' lang='lat'>(1,</span> <span class='ocrx_word' id='word_1_138' title='bbox 724 1686 770 1753; x_wconf 75' lang='lat' dir='ltr'>aa).</span> <span class='ocrx_word' id='word_1_139' title='bbox 807 1703 820 1736; x_wconf 92' lang='lat' dir='ltr'>a</span> <span class='ocrx_word' id='word_1_140' title='bbox 839 1683 951 1754; x_wconf 83' lang='lat' dir='ltr'>consule]</span> <span class='ocrx_word' id='word_1_141' title='bbox 974 1686 1012 1750; x_wconf 76' lang='lat' dir='ltr'>Cf.</span> <span class='ocrx_word' id='word_1_142' title='bbox 1032 1684 1101 1735; x_wconf 82' lang='lat' dir='ltr'>Suet.</span> 
     </span>
     <span class='ocr_line' id='line_1_18' title="bbox 137 1757 1101 1826; baseline -0.007 -12"><span class='ocrx_word' id='word_1_143' title='bbox 137 1765 210 1814; x_wconf 83' lang='lat' dir='ltr'>Clau.</span> <span class='ocrx_word' id='word_1_144' title='bbox 225 1775 259 1814; x_wconf 76' lang='lat' dir='ltr'>aa.</span> <span class='ocrx_word' id='word_1_145' title='bbox 288 1763 357 1812; x_wconf 82' lang='lat' dir='ltr'>Ptin.</span> <span class='ocrx_word' id='word_1_146' title='bbox 374 1777 414 1824; x_wconf 85' lang='lat' dir='ltr'>ep.</span> <span class='ocrx_word' id='word_1_147' title='bbox 428 1773 450 1825; x_wconf 78' lang='grc'>9,</span> <span class='ocrx_word' id='word_1_148' title='bbox 465 1772 498 1812; x_wconf 78' lang='grc'>13.</span> <span class='ocrx_word' id='word_1_149' title='bbox 525 1761 632 1826; x_wconf 84' lang='lat' dir='ltr'>Capitol.</span> <span class='ocrx_word' id='word_1_150' title='bbox 649 1760 735 1810; x_wconf 89' lang='lat' dir='ltr'>Mare.</span> <span class='ocrx_word' id='word_1_151' title='bbox 751 1772 784 1810; x_wconf 90' lang='lat'>10.</span> <span class='ocrx_word' id='word_1_152' title='bbox 805 1760 864 1821; x_wconf 72' lang='lat' dir='ltr'>§.a</span> <span class='ocrx_word' id='word_1_153' title='bbox 892 1757 1040 1808; x_wconf 80' lang='lat' dir='ltr'>LdeAtr&#39;l.</span> <span class='ocrx_word' id='word_1_154' title='bbox 1056 1764 1101 1808; x_wconf 85' lang='lat' dir='ltr'>tut.</span> 
     </span>
    </p>
   </div>
   <div class='ocr_carea' id='block_1_6' title="bbox 135 1833 237 1902">
    <p class='ocr_par' dir='ltr' id='par_1_6' title="bbox 135 1833 237 1902">
     <span class='ocr_line' id='line_1_19' title="bbox 135 1833 237 1902; baseline -0.059 -14"><span class='ocrx_word' id='word_1_155' title='bbox 135 1835 173 1902; x_wconf 86' lang='lat'>(1,</span> <span class='ocrx_word' id='word_1_156' title='bbox 192 1833 237 1900; x_wconf 79' lang='lat' dir='ltr'>ro).</span> 
     </span>
    </p>
   </div>
   <div class='ocr_carea' id='block_1_7' title="bbox 0 0 1292 3909">
    <p class='ocr_par' dir='ltr' id='par_1_7' title="bbox 0 0 1292 3909">
     <span class='ocr_line' id='line_1_20' title="bbox 0 0 1292 3909; baseline 0 0"><span class='ocrx_word' id='word_1_157' title='bbox 0 0 1292 3909; x_wconf 95' lang='lat' dir='ltr'> </span> 
     </span>
    </p>
   </div>
  </div>
 </body>
</html>
