2542 3909
470 238 505 273 na
523 237 636 275 moeurs
654 238 734 273 mea
750 240 770 275 1.
1060 231 1100 289 29

135 366 260 434 serimus,
277 361 438 421 conficimus
451 362 562 436 aliquid,
577 362 774 435 concludimus,
795 373 871 421 certe
880 373 928 419 est
943 366 1102 437 communis,

134 449 259 507 doctrina
275 446 412 517 differens,
429 446 549 503 discendi
564 446 675 519 quidem
689 446 819 506 facultate
832 464 891 521 par.
921 464 982 505 nam
995 458 1025 505 et
1039 464 1101 506 sen·

134 532 208 591 sibus
225 531 321 589 eadem
337 532 426 587 omnia
440 531 709 603 conprehenduntur,
728 539 757 587 et
772 548 813 602 ea,
831 549 901 605 quae
915 540 1027 591 mouent
1039 547 1101 589 scn-

133 634 191 687 aos,
215 614 311 673 itidem
331 623 444 671 mouent
466 616 596 686 omniurn,
617 630 741 688 quaeque
755 617 783 671 in
798 617 894 673 animis
908 618 1101 689 inprimuntur,

134 700 169 773 de
190 698 289 772 quihus
304 707 368 755 ante
382 698 453 768 disi,
474 699 615 757 inchoatae
630 698 850 772 intellegentiae,
864 700 988 757 similiter
1002 702 1029 757 in
1045 716 1101 757 om·

134 783 214 841 nibus
228 784 421 854 inprimuntur,
437 784 626 855 interpresque
642 783 739 839 mentm
755 785 844 839 oratio
860 783 951 842 uerbis
967 784 1102 856 discrepat

133 868 278 925 sententiis
292 882 464 939 congruerrs3
485 882 538 923 nec
551 875 594 921 est
608 868 752 940 quisquam
766 869 857 941 gentis
872 867 963 939 ullius,
986 869 1032 939 qui
1052 868 1101 924 du·

134 967 193 1009 cetu
214 958 311 1007 nactus
333 949 365 1004 ad
386 950 518 1007 uirtutem
537 952 683 1023 peruenire
706 967 762 1007 non
784 952 881 1023 possit.
914 952 956 1007 lll.
984 948 1030 1007 31.
1052 966 1102 1007 nec

134 1034 225 1091 solum
240 1034 382 1105 intectis,
405 1032 454 1089 sed
474 1034 553 1092 etiam
574 1036 602 1094 in
616 1034 796 1106 probitatibus
810 1034 924 1104 insignis
938 1042 980 1089 est
993 1034 1101 1089 bomani

134 1120 245 1193 generis
267 1116 424 1176 similitudo.
454 1132 515 1176 nam
538 1125 567 1175 et
589 1117 730 1190 uoluptate
749 1119 894 1191 capiuntur
909 1133 1012 1187 omnes,
1032 1133 1101 1190 quae

134 1204 186 1259 etsi
209 1211 254 1257 est
274 1199 409 1257 inlecebra
431 1200 624 1274 turpitudinis,
653 1211 742 1260 tamen
768 1201 848 1262 babet
869 1200 994 1274 quiddam
1015 1199 1102 1257 simile

134 1282 363 1348 octoteuchum
384 1284 516 1359 'ingenita
530 1293 572 1341 cst
588 1276 673 1341 cnim¹
687 1293 717 1341 et
734 1287 869 1343 suauitate
889 1285 1040 1343 delectans:
1063 1285 1102 1341 sic

137 1370 172 1427 ab
186 1383 282 1425 errore
294 1371 391 1425 mentis
407 1378 542 1441 tamquam
557 1368 676 1424 salutare
690 1368 792 1444 aliquid
814 1370 988 1437 adsciscitur;
1010 1369 1102 1426 simili·

137 1468 193 1527 que
208 1452 313 1519 inscitia
332 1470 406 1509 mors
426 1452 532 1525 sugitur
552 1454 629 1526 quasi
643 1452 789 1511 dissolutio
803 1462 928 1523 adurae,
951 1455 1007 1511 uita
1020 1469 1101 1525 espe-

134 1540 217 1607 titur,
239 1536 303 1608 quia
324 1553 375 1593 nos
395 1539 424 1595 in
444 1553 500 1610 quo
514 1538 571 1593 nati
586 1553 679 1596 sumus
694 1539 827 1607 continet,
847 1536 928 1593 dolor
940 1539 968 1595 in
981 1536 1101 1593 maximis

133 1621 212 1679 malis
234 1620 353 1692 ducitur,
368 1638 429 1677 cum
444 1637 493 1677 sua
508 1622 666 1693 asperitate,
687 1629 746 1680 tum
760 1621 835 1695 quod
848 1629 960 1677 naturae
974 1622 1101 1677 interitus

134 1705 245 1763 uidetur
266 1706 358 1777 sequi:
384 1700 433 1763 32.
453 1712 621 1777 propterque
643 1705 792 1763 honestatis
812 1713 841 1761 ct
861 1704 963 1779 gloriae
977 1704 1101 1764 similitu·

135 1790 225 1845 dinem
240 1787 313 1845 beati
328 1789 377 1861 qui
388 1789 517 1847 honorati
531 1798 595 1845 sunt
611 1787 747 1859 uidentur,
766 1790 859 1845 miseri
871 1798 964 1848 autem
977 1790 1024 1862 qni
1038 1795 1102 1844 suot

135 1872 257 1947 inglorii.
304 1872 457 1943 molestiae,
479 1872 613 1942 laetitiae,
636 1871 815 1946 cupiditates,
843 1873 955 1931 timores
977 1872 1102 1929 similiter

138 1958 257 2033 omnium
271 1966 377 2012 mentes
391 1965 586 2031 perungantur,
600 1972 661 2028 nec,
676 1958 700 2013 si
714 1959 856 2033 opiniones
871 1957 939 2015 aliae
957 1965 1022 2014 sunt
1037 1964 1103 2030 aput

138 2040 221 2110 alios,
240 2040 341 2097 idcirco
356 2042 404 2113 qui
418 2057 510 2100 canem
525 2049 554 2097 et
568 2040 666 2097 faelem
681 2050 711 2097 ut
725 2041 792 2097 deos
806 2041 917 2111 colunt,
939 2058 995 2099 nun
1009 2040 1102 2095 eadem

137 2125 345 2197 superstitione,
368 2141 421 2199 qua
443 2132 549 2181 ceterae
571 2131 679 2199 gentes,
701 2125 901 2181 conflictantur.
929 2141 997 2198 quae
1011 2133 1101 2204 autem

137 2208 212 2264 natio
234 2224 290 2263 non
311 2210 474 2279 comitatem,
498 2225 553 2265 non
573 2206 778 2280 benignitatem,
792 2224 847 2263 non
863 2216 970 2281 gratum
986 2208 1102 2261 animum

138 2300 167 2348 et
180 2289 304 2348 beneficii
318 2308 464 2348 memorem
485 2292 591 2367 diligiti
614 2308 683 2365 quae
702 2290 844 2365 superbos,
865 2305 934 2365 quae
954 2288 1101 2361 maleficos,

139 2392 205 2449 quae
227 2375 364 2448 crudeles,
386 2392 455 2450 quae
476 2378 598 2450 ingratos
612 2392 668 2431 non
683 2383 853 2449 aspernatur,
875 2391 930 2431 non
946 2372 1021 2429 odit?
1042 2375 1102 2445 qui·

137 2458 189 2515 bus
202 2476 236 2515 cx
249 2458 333 2517 rebus
348 2476 410 2517 cum
424 2476 504 2516 omne
519 2476 607 2533 genus
621 2460 761 2517 bominum
772 2461 904 2517 sociatum
919 2461 990 2514 inter
1000 2474 1030 2513 se
1041 2473 1102 2513 esse

138 2542 324 2616 tutellegatur,
345 2544 411 2601 illud
426 2553 575 2600 extremum
589 2554 644 2616 est,
664 2544 739 2618 quod
750 2554 825 2600 recte
840 2543 949 2599 uiuendi
962 2542 1031 2598 ratio
1046 2558 1100 2598 me-

138 2626 221 2685 liores
236 2626 328 2685 efficit.
360 2644 429 2702 quae
444 2630 467 2683 si
482 2627 646 2702 adprobatis,
660 2643 772 2703 pergam
785 2628 820 2683 ad
834 2628 954 2701 reliqua:
971 2628 1014 2683 sin
1035 2626 1101 2700 quid

136 2712 286 2786 requiritis,
300 2711 329 2767 id
341 2712 507 2787 explicemus
521 2710 606 2786 prius.

199 2797 235 2855 A.
258 2795 314 2852 Nos
329 2812 396 2853 uero
411 2796 490 2867 nibil,
504 2805 536 2853 ut
549 2814 600 2871 pro
615 2806 735 2871 utroque
746 2795 934 2871 respondeam.

199 2879 255 2937 xli.
288 2876 337 2938 83.
368 2882 410 2938 Μ.
442 2880 571 2953 Sequitur
602 2883 688 2956 igitur
713 2882 747 2938 ad
774 2879 988 2956 participandum
1020 2880 1102 2937 abum

137 2958 240 3039 lcum?
265 2964 320 3021 alio
340 2965 645 3039 communicandamque
665 2968 738 3023 inter
757 2982 852 3022 omnes
872 2966 916 3021 ius
935 2980 986 3021 nos
1007 2974 1102 3021 natura

137 3064 197 3105 esse
212 3050 311 3105 iactos.
340 3058 422 3123 atque
442 3050 494 3106 boc
514 3052 542 3106 in
564 3052 636 3107 omni
658 3052 708 3107 bae
728 3049 912 3124 disputatione
927 3050 1102 3123 siciutcllegi

138 3132 311 3207 uolo,'qnod
327 3133 412 3190 dicam
427 3143 564 3205 naturam,
584 3128 633 3193 *qa
648 3150 723 3202 esse,
744 3144 845 3191 tantam
861 3143 951 3191 autem
965 3152 1027 3192 esse
1040 3151 1101 3191 cor·

136 3217 272 3291 ruptelam
287 3216 373 3275 malae
387 3218 607 3289 consuetudinis,
631 3228 661 3275 ut
681 3218 715 3273 ab
729 3235 760 3275 ea
774 3228 912 3293 nmquam
926 3220 1039 3293 igniculi
1054 3236 1101 3274 en·

210 3424 231 3491 ¹)
246 3426 351 3477 lenitatis
367 3433 404 3475 est
417 3426 478 3477 enim
493 3425 545 3475 AB
555 3426 651 3477 leuitate
666 3434 705 3477 est
717 3429 781 3478 enim
794 3429 834 3478 ed.
854 3426 885 3475 V.
920 3420 942 3488 ²)
956 3424 1064 3476 Addidi.

136 3493 349 3618 :lafflplcodum
368 3497 468 3547 videtur
487 3498 603 3547 iustitiam
618 3506 758 3560 ceterasque
777 3500 879 3549 uinntes
898 3496 1015 3556 ingenitus
1031 3497 1101 3547 nobis
