2542 3909
493 256 516 291 c.
534 253 629 290 arms
648 254 757 289 uauuvs.
1061 247 1101 305 95

136 389 265 457 possunt.
296 398 357 437 oum
378 382 486 455 populis
505 379 599 437 liberis
619 381 673 437 ’set
691 398 745 437 nou
766 374 925 437 foederatis¹
941 390 1044 439 etcum
1060 398 1103 439 re·

137 466 218 540 gibus
240 466 437 539 postliminium
452 465 531 521 uobis
546 472 588 521 est
604 466 657 537 ita,
679 466 794 521 uticum
810 464 943 533 hostibus.
975 482 1042 539 quae
1058 482 1103 521 ua·

137 551 227 605 tiones
241 547 283 604 in'
301 589 329 608 ..
343 590 351 605 .
366 543 487 605 dicioue²
500 557 594 605 nostra
605 556 679 623 sunt,
694 549 809 605 cumbis
823 548 1034 623 (postliminium
1045 568 1103 607 non

139 634 203 705 est).
221 664 261 673 -
279 634 352 690 uest.
369 651 394 689 r.
409 633 581 689 Postliminio
596 650 623 705 p.
642 632 712 689 218.

200 714 229 775 2.
253 717 347 773 Gallus
361 716 454 772 Aelius
470 715 539 772 libro
554 717 585 773 ll.
600 715 828 791 significationum
851 716 1012 790 uerborum,
1032 732 1102 791 quae

137 801 170 858 ad
185 805 227 857 ius
243 804 394 875 pertinent,
409 803 461 856 ait:
483 797 567 856 ‘Reus
582 809 638 869 cst,
661 804 788 874 quicum
809 802 894 857 altaro
915 802 988 857 litem
1010 810 1102 858 conte·

137 895 234 941 statam
250 884 343 955 habet,
357 887 418 941 siue
433 884 455 940 is
471 886 539 957 egit,
554 887 613 940 siue
627 902 688 941 cnm
704 902 737 941 eo
753 893 841 941 actum
857 893 908 941 est.
931 885 1002 941 licus
1017 888 1104 960 stipu-

137 963 234 1026 lando³
249 977 292 1025 est
306 971 395 1038 idem,
416 970 462 1041 qui
477 968 622 1041 stipulator
635 970 749 1037 dicitur,
766 970 866 1041 quippe
881 985 931 1023 suo
947 970 1055 1025 nomine
1070 969 1102 1026 ab

138 1053 225 1110 altero
249 1054 315 1127 quid
337 1053 482 1125 stipulatus
497 1061 548 1123 est,
571 1069 627 1107 nou
642 1054 676 1122 is,
699 1054 745 1124 qui
765 1052 843 1107 alteri
857 1051 1035 1125 adstipulatus
1051 1061 1102 1109 est.

137 1136 210 1193 lleus
232 1136 421 1211 promittendo
444 1144 496 1208 est,
519 1137 565 1209 qui
587 1152 639 1191 suo
661 1139 770 1191 nomine
793 1135 870 1191 alteri
886 1136 950 1208 quid
969 1137 1101 1208 promisit,

140 1218 217 1296 (non)
234 1223 281 1295 qui
302 1238 352 1294 pro
368 1220 454 1277 altero
471 1222 535 1293 quid
549 1218 699 1293 promisit'.
716 1250 753 1261 --
769 1218 842 1275 uest.
862 1238 885 1275 v.
899 1220 970 1277 Reus
985 1238 1012 1293 p.
1030 1220 1099 1277 273.

202 1301 234 1362 3.
256 1305 360 1361 Saltum
378 1304 469 1360 Gallus
487 1304 578 1360 delius
590 1304 610 1360 l.
621 1304 653 1363 ll.
669 1302 907 1378 significationum,
924 1321 993 1378 quae
1011 1304 1102 1360 adius

139 1390 291 1462 pertinent,
303 1390 341 1445 ita
356 1387 465 1444 delinit:
482 1387 585 1445 ‘Saltus
601 1396 654 1460 est,
669 1388 714 1444 ubi
730 1388 813 1445 siluae
829 1396 856 1443 et
870 1391 1009 1461 pastiones
1024 1398 1097 1460 suut,

141 1479 256 1545 quarum
276 1488 354 1528 causa
375 1488 452 1529 casae
471 1489 595 1548 quoque:
617 1474 641 1528 si
662 1489 714 1546 qna
734 1472 863 1546 particula
878 1474 905 1528 iu
920 1490 953 1528 eo
969 1472 1041 1528 saltu
1055 1490 1102 1545 pa-

139 1564 247 1612 storum
263 1566 309 1611 aut
324 1557 470 1613 custodum
484 1573 565 1612 causa
581 1566 683 1627 aratur,
699 1573 729 1611 ea
744 1572 787 1611 res
803 1573 858 1611 non
873 1558 988 1629 peremit
1003 1572 1102 1612 nomen

88 1641 242 1712 [aonaltui,
264 1656 320 1695 non
341 1641 426 1713 magis
448 1658 527 1713 quam
547 1639 641 1710 lundi,
663 1642 709 1713 qui
730 1648 770 1695 est
786 1642 813 1695 in
829 1656 895 1713 agro
911 1641 985 1697 culto
1001 1648 1029 1696 et
1044 1642 1101 1696 eins

140 1741 219 1782 causa
241 1724 323 1779 babet
343 1722 507 1794 aedilicium,
528 1726 552 1779 si
572 1740 626 1797 qua
645 1724 779 1797 particula
796 1725 824 1779 iu
838 1740 871 1780 ec
887 1723 968 1780 habat
982 1724 1100 1781 siluam'.

139 1838 182 1850 -
193 1810 268 1864 dest.
285 1826 310 1862 r.
329 1808 434 1863 Saltum
449 1825 476 1882 p.
493 1807 566 1865 302.

202 1890 233 1950 4.
256 1893 377 1947 Torrens
398 1934 483 1949 .....
506 1890 640 1964 significat
656 1894 734 1947 etlam
751 1891 880 1964 lluuium,
901 1891 996 1948 subitis
1011 1892 1102 1948 imbri·

140 1975 193 2031 bus
207 1978 381 2047 concitatum,
398 1978 444 2049 qui
458 1976 558 2048 alioqui
573 1976 738 2032 siccitatibus
755 1978 899 2046 exarescit,
914 1978 991 2032 cuius
1006 1993 1103 2049 aquam

140 2060 238 2133 ipsam,
261 2076 330 2133 quae
353 2058 429 2131 linit,
452 2060 552 2115 llumen
573 2066 648 2116 recte
670 2060 722 2115 dici
744 2062 781 2115 ait
801 2060 893 2116 delius
916 2059 1007 2116 Gallus
1029 2060 1047 2116 l.
1070 2060 1101 2117 ll.

141 2137 440 2217 ’(sipnificationum),⁴
455 2160 525 2216 quae
538 2143 571 2199 ad
585 2146 628 2200 ius
644 2146 794 2216 pertinent3
810 2152 929 2199 ceterum
946 2145 1022 2217 uolgi
1039 2161 1102 2201 oon·

141 2228 285 2283 suetudine
304 2229 356 2283 iam
377 2226 430 2284 dici
450 2228 552 2283 llumeu
566 2235 595 2283 et
608 2244 754 2302 perennem
770 2227 884 2282 lluuium
899 2234 926 2281 et
942 2235 1101 2284 torrentem.

142 2340 184 2350 -
198 2310 270 2367 Fest.
290 2329 315 2367 v.
333 2311 451 2367 Turrem
467 2330 494 2385 p.
510 2310 582 2368 352.

203 2390 231 2452 b.
255 2394 283 2452 G.
304 2394 398 2451 delius
417 2394 509 2450 Gallus
529 2396 557 2451 in
576 2395 646 2451 libro
668 2394 701 2451 de
728 2393 925 2469 significatione
945 2394 1102 2468 uerborum,

142 2495 211 2553 quae
225 2478 259 2534 ad
272 2481 316 2535 ius
330 2479 412 2535 ciuile
426 2481 575 2553 pertinent,
590 2480 710 2535 secundo
725 2478 890 2535 uestibulum
902 2496 962 2536 esse
973 2481 1038 2537 dicit
1047 2498 1103 2537 uon

142 2564 171 2619 in
184 2564 254 2635 ipsis
268 2562 379 2619 aedibus
394 2578 483 2635 neque
497 2571 601 2636 partem
616 2563 737 2634 aedium,
752 2564 800 2619 sed
814 2563 904 2621 locum
920 2574 982 2621 ante
996 2567 1103 2621 ianuam

142 2646 241 2702 domus
262 2663 386 2718 uacuum,
409 2664 459 2720 per
481 2663 560 2722 quem
582 2663 598 2702 a
620 2648 664 2703 uia
686 2646 773 2703 aditus
789 2663 966 2722 aocessusque
981 2649 1014 2705 ad
1029 2650 1102 2707 aedis

140 2738 194 2801 est,
216 2746 278 2787 oum
298 2731 391 2787 dextra
412 2733 575 2804 sinistraque
594 2733 700 2786 ianuam
721 2740 791 2787 tecta
806 2727 914 2805 '(sont),
935 2728 1018 2806 quac⁵
1038 2742 1103 2789 sunt

140 2816 200 2871 uiae
219 2816 324 2887 iuncta,
344 2824 426 2889 atque
446 2818 503 2889 ipsa
523 2811 602 2871 ianua
621 2814 752 2888 procula
772 2817 815 2871 uia
835 2824 893 2888 est,
915 2833 976 2873 area
996 2820 1103 2874 uacauti

139 2900 275 2956 intersita.
296 2930 334 2940 -
354 2900 423 2961 Gell.
442 2900 492 2972 16,
509 2898 539 2959 5.
557 2900 584 2971 8.
602 2900 633 2960 3.
649 2899 689 2957 Gl.
707 2899 822 2957 llacrob.
840 2899 896 2957 Sat.
913 2900 943 2972 6,
959 2901 988 2959 8.
1004 2902 1034 2974 3.
1052 2902 1100 2959 16.

203 2978 232 3042 6.
254 2983 284 3044 G.
305 2976 428 3041 delius⁶:
453 2983 590 3057 ‘impubes
610 2984 739 3057 libripens
761 3001 821 3042 esse
837 3002 891 3041 non
906 2993 998 3059 potest
1014 3002 1102 3060 neque

214 3153 235 3222 ¹)
248 3156 353 3221 Scripsi
355 3175 367 3215 ,·
381 3164 406 3206 et
419 3158 603 3207 cumloederaiis
615 3158 659 3207 od.
671 3164 695 3207 et
703 3172 750 3208 nou
760 3160 889 3209 loederatis
903 3163 936 3223 ej.
947 3160 979 3208 E.
992 3159 1020 3208 F.
1030 3160 1103 3209 Hace

141 3227 180 3279 ‘d
195 3230 239 3279 iria
248 3226 374 3293 pontino!
387 3244 415 3292 p.
426 3240 460 3280 ae.
481 3228 521 3292 Gf.
535 3227 568 3277 L.
582 3240 603 3280 t.
619 3231 642 3291 ἕ.
653 3242 674 3279 n.
689 3230 721 3278 J..
736 3241 803 3293 apr.
819 3232 842 3292 5.
858 3242 878 3279 1.
888 3230 921 3281 L.
936 3242 962 3281 19
972 3246 1015 3293 pr.
1027 3230 1059 3279 D.
1070 3231 1103 3279 de

138 3308 208 3364 capt.
219 3307 245 3349 et
253 3302 365 3363 postlim.
382 3298 427 3365 (49,
442 3296 488 3365 15).
518 3296 540 3366 ¹)
554 3301 666 3363 opinione
683 3300 726 3349 od.
743 3302 879 3351 Fortasse:
893 3302 1029 3367 ol(0is1cio,
1045 3298 1102 3365 tide)

138 3373 244 3422 dicione.
263 3368 384 3439 [ditiora
394 3370 525 3420 arbitratu
535 3373 651 3421 amicitia
660 3368 823 3438 ir]ospicioue
832 3379 914 3421 nostro
925 3375 958 3435 ej.
969 3372 1041 3420 Hase
1051 3372 1068 3419 l.
1079 3385 1101 3419 o.

133 3458 164 3508 p.
177 3454 214 3494 tu.
244 3439 265 3503 ⁸)
281 3440 347 3493 Nolo
361 3442 406 3491 bio
419 3449 445 3491 et
458 3442 533 3503 infra
545 3450 645 3494 mutare
662 3442 705 3491 (ld.
720 3446 893 3507 scripturomr
903 3448 996 3506 posteo
1003 3442 1103 3506 penati-

137 3529 196 3565 vum
209 3514 380 3578 usurpabant.
409 3509 432 3578 ⁴)
447 3512 577 3576 Suppieoi.
607 3511 756 3579 ⁶)Scripsi;
770 3522 833 3563 tecta
847 3527 908 3575 quae
920 3512 1103 3573 codicemque

137 3586 180 3636 ed.
186 3586 276 3636 Hertz.
306 3582 433 3652 ⁶)Dubito
440 3599 519 3643 nuno,
527 3600 587 3634 num
595 3591 667 3635 recte
675 3584 718 3634 bic
728 3586 894 3649 intellepatur
901 3583 994 3633 Aetius
1005 3582 1103 3636 Gallam,
