2542 3909
168 202 231 267 816
408 218 569 254 rasorum
586 220 643 256 sva.
661 218 723 254 rou.
743 216 887 253 srusmrcs.

169 352 250 424 gulas
263 352 372 421 aliquas
384 353 606 415 constitutiones,
621 352 735 435 Ulpiani
749 352 897 420 (librorum
906 367 942 409 00,
953 351 989 405 ad
1000 351 1139 420 edictum)

168 425 269 488 πρῶτα
287 423 317 474 01
334 437 470 489 responsa
487 421 556 475 1100
574 420 667 474 Paulli
685 421 721 474 ad
736 419 872 473 Sabinum
891 420 920 473 et
937 436 1140 489 responsorum

169 488 250 556 libri,
275 487 414 542 Marciani
435 484 642 556 ὑποθηκαρίας
665 486 850 558 μονόβιβλος,
875 486 1020 555 (librorum
1039 487 1074 541 de
1092 488 1140 541 tu-

170 555 235 611 telis
248 556 379 622 auctoris,
398 555 543 610 Darestius
559 556 692 635 opinatur
705 553 776 619 Gaii,
795 570 898 607 nomen
909 554 1005 623 periit)
1023 554 1140 609 Floren-

170 623 224 676 tini
242 623 441 689 institutiones,
460 623 612 677 Modestrni
630 622 746 692 regulae
766 623 795 675 01
813 621 998 677 differentiae.
1036 622 1138 676 Ambi-

170 693 233 744 100
250 691 339 745 101100
357 707 373 744 o
396 690 460 756 eris,
480 707 515 745 ex
533 707 589 760 qno
607 706 681 757 quae
700 690 812 744 servata
824 691 890 743 sunt
902 689 1009 745 scholia
1020 689 1140 768 Ulpiani

171 759 207 812 ad
226 758 362 813 Sabinum
394 759 430 817 'b.
448 765 481 812 36
500 760 579 814 0137
598 758 738 828 00001001,
757 774 791 811 ex
809 774 926 811 numero
945 758 1140 824 quaternionis

171 822 221 880 λα’
239 826 259 884 1.
272 842 295 885 e.
308 825 445 891 vigesimo
463 828 554 895 primo
567 826 602 880 fr.
616 831 632 880 8
645 826 681 879 ad
700 824 807 879 calcem
825 825 968 895 adscripto
986 826 1139 880 aestimare

170 895 247 948 licet.
277 894 385 948 Auctor
396 894 443 947 vel
455 897 584 949 auctores
602 893 690 947 totius
709 892 801 961 operis
819 894 848 946 01
865 893 1039 962 singulorum
1058 893 1139 947 scho-

171 962 272 1016 liorum
289 961 399 1015 incerti.
436 961 544 1029 Siglam
562 960 638 1015 snss.
664 960 833 1029 quibusdam
856 960 1140 1031 0000001010οΐ0-

170 1031 245 1083 tasse
268 1029 424 1098 significare
448 1030 607 1094 Sabatium,
634 1044 720 1094 quem
746 1028 817 1083 Nov.
842 1034 883 1082 31.
905 1028 971 1082 0001
994 1034 1052 1083 536.
1076 1027 1139 1081 Tri·

173 1098 287 1151 boniani
304 1096 334 1149 in
352 1097 500 1151 condenda
517 1096 695 1175 legislatione
719 1096 819 1151 laudat
838 1096 1008 1163 adiutorem,
1033 1096 1139 1151 Zacha-

171 1165 242 1219 riaei
261 1166 303 1219 est
321 1182 353 1219 su
388 1164 449 1219 icio.
485 1164 584 1218 Tutius
603 1164 744 1233 coniicias,
763 1163 837 1217 huuc
855 1164 1038 1218 novissimum
1057 1164 1139 1218 scho-

170 1232 284 1287 liastam
311 1235 341 1287 et
379 1234 485 1287 ortasse
512 1233 600 1287 totius
621 1248 638 1285 o
660 1231 714 1285 eris
741 1231 915 1286 conditorem
943 1233 973 1285 et
1000 1231 1139 1285 editorem

170 1299 264 1357 fuisse.
299 1299 490 1354 Professorem
507 1300 588 1366 iuris,
606 1249 658 1353 sed
675 1300 762 1353 etiam
781 1299 816 1353 ds
833 1302 894 1353 iure
912 1299 1055 1376 interdum
1072 1314 1139 1353 con·

171 1368 276 1421 sultum
295 1369 342 1435 (01.
362 1368 395 1422 fr.
414 1368 453 1435 2),
471 1382 527 1421 non
546 1368 656 1432 desunt,
675 1383 747 1435 quae
764 1366 885 1437 prodere
902 1382 966 1421 eum
979 1366 1139 1423 videantur.

241 1434 343 1489 Omnia
354 1434 462 1489 scholia
474 1434 510 1488 ad
528 1435 571 1488 ius
582 1434 756 1489 matrimonii
769 1436 799 1489 et
815 1434 891 1503 quod
903 1435 989 1489 01100
1000 1434 1138 1504 Ulpianus

171 1503 202 1555 in
221 1502 379 1557 Sabinianis
396 1502 476 1555 libris
494 1503 628 1570 posthoc
646 1503 791 1570 tractavit,
809 1501 917 1556 tutelae
929 1502 1082 1572 pertinent,
1102 1502 1139 1556 ad

172 1569 244 1624 illud
261 1570 295 1624 fr.
316 1576 408 1635 1-13,
428 1569 464 1623 ad
481 1569 534 1623 hoc
548 1576 656 1627 14—20.
688 1569 818 1625 Ceterum
837 1568 914 1635 ordo,
934 1584 1081 1638 quoquae
1102 1586 1138 1624 ue

173 1637 316 1706 descripta
327 1637 435 1706 pagina
446 1636 564 1689 alteram
578 1637 607 1690 in
620 1636 716 1691 codice
735 1638 831 1692 secuta
843 1637 887 1704 sit,
906 1653 958 1707 pro
970 1653 1025 1705 apo
1078 1655 1097 1707 p
1119 1637 1139 1704 i,

172 1720 228 1773 quo
257 1705 377 1772 utimur,
403 1704 516 1773 habitu,
546 1705 581 1758 de
608 1720 665 1773 quo
691 1706 748 1761 vid.
772 1705 884 1761 Zachar.
910 1721 938 1774 p.
960 1710 1010 1758 621
1058 1721 1136 1775 rueg.

171 1789 200 1842 p.
211 1777 228 1824 2
240 1788 311 1841 000,
331 1772 361 1825 in
378 1772 520 1842 plerisque
533 1772 657 1841 quidem,
674 1772 724 1827 sed
741 1789 797 1827 non
815 1772 919 1841 ubique
933 1773 1009 1827 certo
1028 1772 1138 1827 definiri

171 1840 281 1909 potest,
301 1842 331 1895 et
348 1840 456 1895 diverse
475 1840 597 1894 aditores
617 1839 774 1895 rationibus
813 1842 896 1893 00110
917 1856 952 1893 ex
971 1855 1002 1893 ar
1042 1840 1137 1894 mento

172 1909 308 1987 cuiusque
338 1908 461 1978 paginae
493 1925 537 1963 res
558 1909 622 1963 0010
650 1907 755 1962 ordinis
787 1858 931 1963 gabiniani
958 1924 992 1961 ex
1040 1908 1138 1962 iestis

172 1976 253 2029 nobis
271 1975 450 2043 ahquatenus
467 1976 529 2031 noti
567 1975 778 2053 011110Ιο00110
797 1975 859 2029 01110
872 1992 906 2029 ex
917 1975 1029 2030 indiciis
1047 1924 1138 2029 ductis

173 2058 238 2096 eum
261 2044 481 2112 constituerunt,
505 2042 582 2110 quod
604 2043 634 2097 01
655 2058 685 2095 sn
708 2059 820 2112 quaque
846 2045 952 2113 pagina
976 2043 1138 2113 significavi.
1253 2082 1254 2086 η

172 2110 239 2179 1000
265 2112 333 2165 11001
360 2112 389 2164 10
417 2109 586 2177 quibusdam
607 2111 644 2164 ab
665 2110 700 2163 iis
728 2110 903 2178 dissentiam,
930 2114 1027 2165 tamen
1050 2111 1086 2164 ob
1107 2109 1138 2163 id

172 2196 267 2231 rursus
279 2195 383 2233 novum
395 2178 524 2233 ordinem
536 2178 631 2232 taedio
645 2178 757 2235 lectoris
769 2178 923 2247 periclitari
931 2178 1018 2233 nolui.
1037 2178 1153 2247 Neque·

174 2247 249 2299 onim
262 2247 375 2300 omnino
392 2247 544 2314 tantopere
561 2246 632 2301 haec
644 2263 688 2301 res
700 2246 797 2311 refert,
816 2262 878 2299 curn
891 2248 986 2300 tamen
999 2261 1138 2324 nusquam

172 2313 245 2367 banc
268 2314 314 2368 vel
336 2313 416 2367 illam
437 2314 571 2434 0001000
594 2313 715 2369 alteram
739 2312 817 2367 nullo
842 2314 991 2368 interiecto
1010 2328 1136 2384 exc1pare

173 2381 282 2434 ostendi
306 2381 403 2449 possit.
456 2383 543 2448 taque
565 2383 750 2436 novissimum
773 2381 922 2448 editorem,
947 2383 1137 2501 001000000-

172 2449 264 2503 tiones
285 2467 313 2519 p.
337 2454 370 2504 28
392 2464 451 2516 seq.
475 2449 616 2519 exposuit,
643 2450 709 2519 quia
736 2449 795 2504 0100
822 2448 911 2503 editio
937 2449 1078 2519 perisque
1100 2448 1137 2501 ad

173 2532 273 2569 manus
291 2517 354 2582 erit,
374 2516 381 2527 ’
414 2517 577 2571 universum
590 2519 710 2583 secutus,
729 2518 839 2571 tantum
858 2517 886 2571 in
899 2517 973 2571 notis
984 2516 1136 2584 interdum,

174 2583 223 2636 ubi
247 2600 318 2651 opus
339 2582 368 2638 vi
390 2584 505 2649 ebatur,
533 2585 619 2639 etiam
642 2585 677 2638 de
699 2584 753 2638 hac
775 2601 805 2639 re
827 2586 860 2637 ut
887 2584 922 2638 de
949 2584 1011 2638 aliis
1033 2583 1136 2637 monui.

174 2650 312 2703 Hiatuum
331 2651 376 2705 vel
393 2650 553 2704 litterarum
572 2651 762 2706 deficientium
780 2652 998 2721 significationes
1017 2652 1136 2721 (utiun-

174 2717 231 2771 cini
249 2718 377 2786 angulati
392 2719 506 2771 tantum
525 2718 665 2797 suppleta,
688 2720 766 2773 curvi
783 2721 864 2774 notas
882 2718 1036 2790 explicatas
1054 2719 1137 2773 deno·

174 2787 262 2907 0101010,
289 2787 323 2840 01
344 2786 506 2853 scrupulose
530 2788 621 2856 accipi
642 2803 700 2843 non
728 2786 865 2856 debeant,
891 2787 1049 2858 apographi
1070 2786 1137 2841 facit

195 2870 297 2907 arus.

243 2920 373 2990 Denique
391 2919 459 2974 licet
476 2937 601 2990 sperem,
647 2924 690 2977 001
712 2923 837 2992 priorum
860 2922 998 2977 editorum
1016 2922 1134 2987 labores,

175 3005 193 3043 a
211 2988 313 3056 quibus
331 2988 444 3056 saepius
463 2988 584 3057 discessi,
602 3006 618 3045 0
644 3008 690 3045 00
708 3006 784 3045 0000
801 3007 881 3045 curas
898 2991 941 3044 his
958 2990 1067 3045 miseris
1085 3005 1135 3044 000

174 3060 272 3111 10000
290 3056 504 3111 contemnendis
520 3058 648 3127 reliquiis
660 3058 718 3113 sive
730 3058 835 3113 rectius
848 3057 976 3127 legendis
988 3057 1033 3111 vel
1045 3074 1135 3113 emen·

176 3123 277 3179 dandis
296 3126 326 3177 et
342 3122 507 3193 supplendis
524 3127 583 3180 sive
601 3125 799 3195 intellegendis
811 3141 867 3180 non
879 3126 938 3180 sine
951 3126 1027 3180 omni
1044 3125 1135 3179 fructu

175 3191 316 3261 impensas
335 3207 404 3259 esse,
422 3192 544 3247 multum
562 3196 658 3249 tamen
676 3193 766 3259 abest,
785 3194 886 3247 utiam
899 3194 1002 3261 00010,
1019 3194 1050 3247 id
1062 3192 1135 3261 quod

174 3258 298 3335 maxime
321 3275 355 3313 ex
377 3276 449 3315 nova
466 3274 638 3330 papyrorum
658 3260 808 3315 collatione
828 3261 976 3331 pendebit,
1000 3262 1086 3329 sarta,
1103 3262 1134 3315 ut

175 3328 264 3393 arunt,
283 3329 312 3381 et
329 3328 407 3381 tecta
423 3329 456 3381 01
473 3328 597 3396 oportet,
617 3326 716 3381 haberi
733 3328 849 3395 possint.
