2542 3909
180 207 243 274 642
342 230 446 266 noman
463 229 571 266 vuumut
589 214 622 281 (i)
641 229 739 266 anuum
758 231 793 266 un
811 229 873 266 1an
891 229 968 266 nauca

144 375 171 416 ra
244 355 286 418 lt.
309 358 361 414 Pro
377 358 420 414 his
435 357 522 429 bonis,
538 375 606 431 quae
618 357 699 416 fiscus
713 360 864 433 iniquietent,
877 374 972 415 munus
984 355 1139 433 oppoinere

73 445 261 499 iul.2.v.nemo
285 442 392 514 quidem
414 435 619 515 proitittetur3'1
641 473 683 483 -
699 472 737 484 —
753 472 794 484 -
819 454 824 502 t
847 471 889 484 -
904 473 942 483 -
961 470 999 483 -
1016 471 1055 484 -
1070 449 1136 506 turi

87 515 421 583 ⁰⁰¹·⁸·-——-e**i
445 521 450 598 1
474 529 714 584 --—riuua
736 527 741 595 i
764 526 1137 602 --upeliuuii--

178 611 205 666 io
216 626 234 667 *
244 612 254 666 i
264 627 281 666 a
291 627 309 667 a
319 609 348 666 ri
365 613 369 677 Ι
385 652 391 666 .

243 688 288 751 16.
307 687 461 752 ²Aduoeati
471 696 533 766 fisci
549 698 633 752 etiam
650 698 654 761 Ι
669 702 736 765 post
749 697 907 766 depositum
919 691 1038 751 officium
1051 697 1056 762 Ι
1069 709 1136 752 cou-

180 786 227 835 tra
240 781 349 850 fiscum,
365 794 445 851 aquo
460 777 607 848 ’sutulrium
619 786 791 852 aeceperunt,
806 779 859 836 nisi
870 780 905 840 ini
918 781 1017 836 causis
1023 793 1135 850 pareu-

180 868 253 933 tum,
277 860 409 934 filiorum,
433 863 438 935 i
461 862 665 935 pupillorumue
686 879 816 933 suorum,
838 879 917 919 eausa
941 865 946 928 Ι
969 861 1136 919 libertorum

144 955 170 996 1⁵
179 937 284 1017 etium,³
304 945 397 1002 adesse
411 944 614 1018 prohibeuitur,
633 947 698 1002 etsi
713 946 863 1016 adfuerint,
877 941 996 1010 iuieimia
1010 943 1136 1019 plectun-

180 1036 237 1087 tur.
253 1030 399 1092 sauethoe
409 1029 548 1105 principaii
559 1028 1134 1104 beneficiolimpetrarenonprohibenttur.

144 1124 170 1163 20
243 1109 285 1170 17.
309 1108 392 1169 ⁴tisci
407 1113 538 1184 aduocati,
555 1117 559 1180 Ι
576 1113 674 1188 quihus
689 1113 722 1169 ad
738 1122 846 1187 tempus
861 1113 987 1186 ospicium
1003 1118 1009 1183 Ι
1024 1110 1135 1170 mauda-

180 1207 237 1256 tum
252 1205 307 1268 eu,
332 1199 393 1269 quia
408 1196 545 1269 salustium
559 1213 613 1255 non
629 1199 774 1272 accipiunt,
790 1201 795 1259 t
817 1206 913 1254 cauus
926 1194 1022 1254 fissum
1037 1195 1132 1253 adesse
1142 1214 1206 1263 [su]

178 1299 233 1340 uon
248 1281 443 1355 prohitbentur.

144 1370 169 1410 ²5
242 1361 287 1421 18.
317 1365 407 1438 Capite
435 1360 527 1437 'leigis
550 1358 709 1420 censoriue⁵
732 1373 864 1436 cuneum,
891 1373 923 1421 ut
944 1381 998 1420 non
1021 1370 1135 1431 tentum,

88 1448 241 1507 tribuum
264 1448 327 1522 quid
351 1453 355 1514 Ι
378 1451 449 1520 fiseo
472 1447 619 1519 aufertur,
642 1449 742 1504 sedet
764 1465 828 1506 eum
849 1441 922 1505 non⁶
944 1452 950 1515 Ι
969 1456 1131 1522 praestatur,

179 1534 255 1589 euius
278 1533 317 1587 rei
340 1533 447 1591 omisisu
468 1524 616 1606 professio⁷
639 1533 792 1598 commistso
811 1525 898 1590 intru⁸
921 1532 1134 1607 quinquennium

254 1800 273 1868 ¹)
294 1803 352 1853 Vid.
364 1804 480 1866 praefat.
508 1802 577 1864 Quae
591 1813 741 1868 sequuntur,
756 1806 814 1855 edd.
829 1819 849 1858 1.
864 1817 885 1856 u.
900 1821 935 1855 ea·
949 1806 1132 1864 Paul.e,1n,s.

180 1878 207 1926 in
222 1890 277 1925 eum
290 1875 441 1924 sententiam
454 1877 591 1924 restituere
605 1883 776 1925 tentaveram:
789 1877 869 1925 tutius
883 1883 966 1926 tamen
975 1883 1132 1940 procurato·

179 1962 233 1996 rem
247 1946 331 2003 adiri,
346 1952 374 1994 ut
388 1947 411 1994 is
425 1947 562 2004 iniuriam,
576 1960 651 2010 quam
667 1946 820 1996 Caesariani
834 1949 1029 2005 committerent,
1044 1949 1132 2010 eupet-

180 2020 252 2068 leret.
284 2015 353 2077 Quae
368 2022 395 2065 ut
409 2031 471 2066 uera
484 2018 527 2074 sit,
542 2032 610 2066 nuno
624 2032 659 2066 eu
675 2014 731 2066 0¹⁷.
747 2032 811 2081 quae
825 2019 892 2066 lecta
905 2024 974 2076 suat,
986 2031 1132 2080 proponere

179 2089 266 2138 nutat.
332 2083 351 2152 ἵ)
367 2085 535 2136 Etiamnunc
549 2088 572 2148 5.
588 2094 684 2136 mutata
698 2087 737 2136 ed.
753 2100 773 2137 1.
787 2099 808 2138 ε.
824 2102 893 2137 nuno
906 2103 941 2137 eu
956 2085 1013 2137 OK'.
1033 2089 1134 2137 rectius

179 2159 294 2216 restitui,
314 2157 464 2222 quibusdam
478 2173 494 2206 a
508 2156 557 2205 Kr.
572 2160 728 2206 monstratis.
759 2157 890 2207 Caeterum
903 2158 939 2220 of.
954 2157 986 2207 L.
1000 2169 1034 2209 to.
1053 2157 1085 2207 D.
1100 2159 1133 2207 de

175 2231 270 2293 pastui.
286 2226 318 2292 (t,
334 2226 364 2293 1).
385 2243 441 2277 eum
458 2227 538 2277 sciat.
561 2226 731 2277 Tleateiaeono
750 2228 787 2277 od
803 2227 1009 2286 Basil.8,1,uo.
1027 2228 1059 2277 L.
1075 2240 1096 2279 1.
1110 2240 1131 2279 2.

181 2300 206 2349 C.
221 2300 253 2348 de
267 2299 358 2347 advoc.
370 2299 431 2360 fissi
444 2296 476 2362 (t,
490 2296 521 2363 8).
536 2297 567 2346 L.
579 2309 612 2349 13.
627 2298 660 2346 L.
669 2309 704 2348 22.
719 2300 743 2359 §-
757 2311 779 2348 1.
793 2299 825 2346 L.
835 2310 868 2349 24.
884 2300 906 2360 §-
917 2311 938 2348 1.
955 2298 981 2348 C.
996 2299 1027 2348 de
1041 2299 1131 2348 aduae.

179 2370 230 2419 diu.
247 2369 299 2418 iud.
316 2367 346 2434 (2,
362 2366 384 2431 a)
399 2375 423 2416 et
433 2369 548 2430 praefat.
608 2364 628 2433 8)
643 2370 738 2418 salaria
752 2366 797 2433 (es.
813 2370 836 2430 ἕ.
852 2367 886 2432 tr)
901 2376 927 2418 et
939 2369 1033 2418 deinde
1046 2369 1092 2418 nisi
1108 2369 1132 2417 iu

178 2441 234 2489 suis
252 2441 294 2488 uei
307 2435 442 2501 parentum
461 2438 477 2486 i.
496 2452 519 2500 p.
542 2452 644 2487 suorum
665 2454 749 2497 causa,
770 2440 909 2487 libertorum
930 2439 1001 2488 etium
1021 2439 1061 2488 ed.
1080 2438 1130 2488 Kr.

175 2511 274 2573 partim
288 2510 368 2557 inuito
385 2505 441 2556 Μ’.
457 2523 503 2556 neo
517 2509 544 2556 in
559 2523 607 2557 sua
621 2524 702 2558 eausa
715 2510 857 2559 advocatus
870 2510 928 2572 quis
937 2510 1027 2559 adesse
1036 2516 1130 2572 potest.

180 2577 201 2645 ⁴)
218 2579 256 2642 Cf.
267 2578 299 2627 L.
310 2591 330 2628 1.
347 2577 372 2626 C.
388 2578 420 2626 de
434 2578 523 2627 aduae.
534 2579 591 2640 fisa.
602 2576 633 2643 (u,
643 2579 674 2644 s).
722 2577 742 2643 ⁶)
752 2580 902 2638 Domitiani,
912 2587 940 2628 ut
949 2582 1049 2643 opinor,
1059 2595 1132 2644 quem

180 2650 371 2712 Pomponio.
390 2655 508 2710 spectare
527 2649 635 2696 uidetur.
701 2645 722 2713 ⁰)
736 2648 782 2699 Sia
799 2651 913 2713 primum
930 2665 1031 2699 uersum
1041 2652 1093 2700 eoi.
1108 2649 1131 2700 b.

180 2721 282 2769 collatis
296 2734 318 2767 o.
333 2729 353 2768 t.
368 2729 389 2770 s.
404 2719 514 2774 restitui,
525 2726 661 2782 postquam
674 2722 806 2782 apparuit,
820 2722 1012 2785 uersusuiqinti
1020 2723 1131 2785 quinque

180 2804 303 2854 quumque
318 2791 458 2838 columnam
472 2787 598 2837 habuisse.
622 2787 753 2852 Scriptum
759 2790 844 2853 fuerit
852 2792 911 2839 usco
921 2792 1004 2840 uuieut'
1015 2791 1035 2839 s'
1046 2798 1069 2840 et
1077 2793 1130 2840 a'u.

179 2859 232 2910 Sed
252 2861 328 2910 etiam
349 2861 376 2907 in
397 2858 558 2923 sequentibus
579 2861 746 2910 aestimandis
766 2866 790 2909 et
809 2862 989 2920 restituendis,
1010 2861 1059 2911 hoo
1080 2877 1132 2911 uon

180 2938 307 2994 comperto
322 2936 419 2979 etanta
435 2925 698 2980 otn'conmemavet
716 2938 814 2980 tentato
832 2934 912 2980 irrito
926 2932 1043 2995 fuerunt.
1073 2926 1131 2980 ‘uun

180 3009 270 3052 tautum
285 3015 338 3050 cum
348 3001 404 3065 quid
422 3003 425 3060 Ι
441 3008 583 3063 praestatur,
594 3002 662 3049 cuius
677 3001 711 3050 rei
722 3002 819 3059 omislsu
828 3003 947 3064 professio
958 3003 1050 3065 fuerit,
1065 3002 1131 3052 aetio

180 3067 312 3122 commisisi
326 3073 387 3120 intua
402 3071 586 3135 quinquennium
601 3071 678 3121 iocum
694 3075 698 3131 Ι
714 3071 806 3122 lrabeat
818 3072 866 3122 sed
877 3073 910 3121 et
923 3072 1029 3122 Laetam.
1044 3080 1069 3123 et
1082 3071 1130 3137 Bp.

179 3144 237 3193 edd.
254 3139 314 3191 ‘tum
322 3149 427 3201 tanum,
442 3157 462 3191 c.
474 3157 496 3205 q.
507 3156 530 3204 p.
542 3157 562 3191 e.
577 3156 597 3190 r.
613 3157 635 3192 o.
650 3143 768 3206 professio
783 3143 845 3192 intru
859 3142 1004 3199 commisisis
1018 3148 1131 3192 statutum

179 3213 363 3277 quinquennium
378 3212 456 3261 iocum
467 3214 531 3274 fiseo
546 3209 601 3262 dat’
618 3229 672 3262 mea
686 3213 725 3265 ed.
740 3225 760 3263 1.
776 3214 882 3263 laudato
896 3212 963 3263 libro
977 3228 1008 3262 m.
1023 3209 1131 3262 ‘Census

180 3299 204 3334 u.
223 3282 380 3345 Steueruerf.
401 3283 425 3331 ri.
445 3280 577 3331 Kaiserz.'
594 3299 621 3346 p.
637 3294 684 3333 194.
703 3298 726 3332 u.
746 3290 765 3332 t.
780 3298 800 3332 o.
816 3299 839 3347 q.
857 3298 881 3346 p.
902 3284 968 3332 euius
987 3283 1024 3331 rei
1042 3283 1130 3332 omissa

179 3353 297 3416 professio
312 3351 364 3417 (sit,
378 3353 425 3402 sed
438 3359 462 3402 et
475 3351 542 3416 eum)
552 3353 673 3401 commissi
687 3367 764 3416 poena
779 3354 841 3402 intra
855 3353 1040 3417 quinquennium
1053 3353 1131 3401 iocum

180 3422 211 3472 ob
226 3423 255 3471 id
267 3421 349 3471 iubet
364 3423 403 3471 ed.
419 3433 439 3472 u.
491 3419 513 3487 7)
529 3421 599 3481 Quae
613 3423 657 3472 ieie
670 3425 697 3471 in
713 3421 771 3473 δῖ’.
785 3426 902 3488 sequitur
915 3439 937 3472 u.
953 3423 1015 3471 intre
1029 3421 1061 3471 ab
1075 3423 1132 3485 urso

180 3492 290 3541 librario
304 3495 343 3541 uei
357 3499 505 3542 correctore
519 3501 649 3555 euprncta
662 3500 707 3542 est.
759 3491 780 3558 ⁸)
794 3508 829 3544 ea
838 3493 988 3544 Mommseui
996 3494 1029 3556 qi.
1040 3493 1132 3542 literae

180 3574 220 3610 ·so
235 3563 272 3610 in·
282 3563 463 3626 perforatione
474 3562 536 3624 solii
544 3565 689 3624 perierunt.
