<?xml version="1.0" encoding="UTF-8"?>
<!DOCTYPE html PUBLIC "-//W3C//DTD XHTML 1.0 Transitional//EN"
    "http://www.w3.org/TR/xhtml1/DTD/xhtml1-transitional.dtd">
<html xmlns="http://www.w3.org/1999/xhtml" xml:lang="en" lang="en">
 <head>
  <title>
</title>
<meta http-equiv="Content-Type" content="text/html;charset=utf-8" />
  <meta name='ocr-system' content='tesseract 3.04.00' />
  <meta name='ocr-capabilities' content='ocr_page ocr_carea ocr_par ocr_line ocrx_word'/>
</head>
<body>
  <div class='ocr_page' id='page_1' title='image "./iurisprudentiae01huscgoog_0093.png"; bbox 0 0 2542 3909; ppageno 0'>
   <div class='ocr_carea' id='block_1_1' title="bbox 462 222 1102 279">
    <p class='ocr_par' dir='ltr' id='par_1_1' title="bbox 462 222 1102 279">
     <span class='ocr_line' id='line_1_1' title="bbox 462 222 1102 279; baseline 0.002 -16"><span class='ocrx_word' id='word_1_1' title='bbox 462 228 499 265; x_wconf 78' lang='lat' dir='ltr'><strong>ns</strong></span> <span class='ocrx_word' id='word_1_2' title='bbox 515 227 629 265; x_wconf 74' lang='lat' dir='ltr'><strong>memes</strong></span> <span class='ocrx_word' id='word_1_3' title='bbox 646 228 780 266; x_wconf 77' lang='lat' dir='ltr'><strong>omnam.</strong></span> <span class='ocrx_word' id='word_1_4' title='bbox 1062 222 1102 279; x_wconf 83' lang='grc'><strong>69</strong></span> 
     </span>
    </p>
   </div>
   <div class='ocr_carea' id='block_1_2' title="bbox 129 349 1104 3277">
    <p class='ocr_par' dir='ltr' id='par_1_2' title="bbox 135 349 1104 511">
     <span class='ocr_line' id='line_1_2' title="bbox 135 349 1104 429; baseline 0.003 -21"><span class='ocrx_word' id='word_1_5' title='bbox 135 352 266 409; x_wconf 80' lang='lat' dir='ltr'><strong>domum</strong></span> <span class='ocrx_word' id='word_1_6' title='bbox 292 368 367 410; x_wconf 90' lang='lat' dir='ltr'><strong>cum</strong></span> <span class='ocrx_word' id='word_1_7' title='bbox 393 354 498 413; x_wconf 82' lang='lat' dir='ltr'><strong>lande</strong></span> <span class='ocrx_word' id='word_1_8' title='bbox 525 349 712 411; x_wconf 85' lang='lat' dir='ltr'><strong>redeunto.</strong></span> <span class='ocrx_word' id='word_1_9' title='bbox 761 355 812 411; x_wconf 89' lang='lat' dir='ltr'><strong>rei</strong></span> <span class='ocrx_word' id='word_1_10' title='bbox 841 369 925 411; x_wconf 87' lang='lat' dir='ltr'><strong>suae</strong></span> <span class='ocrx_word' id='word_1_11' title='bbox 952 369 1039 429; x_wconf 75' lang='lat' dir='ltr'><strong>erqo</strong></span> <span class='ocrx_word' id='word_1_12' title='bbox 1065 371 1104 411; x_wconf 93' lang='lat' dir='ltr'><strong>ne</strong></span> 
     </span>
     <span class='ocr_line' id='line_1_3' title="bbox 135 436 652 511; baseline 0.008 -19"><span class='ocrx_word' id='word_1_13' title='bbox 135 439 211 510; x_wconf 90' lang='lat' dir='ltr'><strong>quis</strong></span> <span class='ocrx_word' id='word_1_14' title='bbox 234 436 383 511; x_wconf 75' lang='lat' dir='ltr'><strong>legatus</strong></span> <span class='ocrx_word' id='word_1_15' title='bbox 404 446 493 495; x_wconf 86' lang='lat' dir='ltr'><strong>esto.</strong></span> <span class='ocrx_word' id='word_1_16' title='bbox 649 448 652 453; x_wconf 87' lang='lat'>&#39;</span> 
     </span>
    </p>

    <p class='ocr_par' dir='ltr' id='par_1_3' title="bbox 129 519 1104 935">
     <span class='ocr_line' id='line_1_4' title="bbox 197 519 1103 597; baseline 0.003 -21"><span class='ocrx_word' id='word_1_17' title='bbox 197 519 322 577; x_wconf 85' lang='lat' dir='ltr'><strong>Plebes</strong></span> <span class='ocrx_word' id='word_1_18' title='bbox 352 539 438 595; x_wconf 86' lang='lat' dir='ltr'><strong>quoa</strong></span> <span class='ocrx_word' id='word_1_19' title='bbox 465 539 528 595; x_wconf 88' lang='lat' dir='ltr'><strong>pro</strong></span> <span class='ocrx_word' id='word_1_20' title='bbox 556 539 591 579; x_wconf 92' lang='lat' dir='ltr'><strong>se</strong></span> <span class='ocrx_word' id='word_1_21' title='bbox 619 530 744 580; x_wconf 88' lang='lat' dir='ltr'><strong>eontra</strong></span> <span class='ocrx_word' id='word_1_22' title='bbox 772 523 838 579; x_wconf 88' lang='lat' dir='ltr'><strong>uim</strong></span> <span class='ocrx_word' id='word_1_23' title='bbox 865 521 988 579; x_wconf 86' lang='lat' dir='ltr'><strong>auxilii</strong></span> <span class='ocrx_word' id='word_1_24' title='bbox 1017 538 1103 597; x_wconf 80' lang='lat' dir='ltr'><strong>ergo</strong></span> 
     </span>
     <span class='ocr_line' id='line_1_5' title="bbox 135 604 1104 680; baseline 0 -19"><span class='ocrx_word' id='word_1_25' title='bbox 135 604 250 662; x_wconf 79' lang='lat' dir='ltr'><strong>decem</strong></span> <span class='ocrx_word' id='word_1_26' title='bbox 277 608 446 677; x_wconf 69' lang='lat' dir='ltr'><strong>creauit,</strong></span> <span class='ocrx_word' id='word_1_27' title='bbox 476 607 505 662; x_wconf 86' lang='lat' dir='ltr'><strong>ei</strong></span> <span class='ocrx_word' id='word_1_28' title='bbox 533 607 671 663; x_wconf 86' lang='lat' dir='ltr'><strong>tribuni</strong></span> <span class='ocrx_word' id='word_1_29' title='bbox 693 607 770 663; x_wconf 90' lang='lat' dir='ltr'><strong>eius</strong></span> <span class='ocrx_word' id='word_1_30' title='bbox 793 614 914 677; x_wconf 91' lang='lat' dir='ltr'><strong>sunto,</strong></span> <span class='ocrx_word' id='word_1_31' title='bbox 943 606 1104 680; x_wconf 86' lang='lat' dir='ltr'><strong>qnodque</strong></span> 
     </span>
     <span class='ocr_line' id='line_1_6' title="bbox 136 687 1103 764; baseline 0.002 -21"><span class='ocrx_word' id='word_1_32' title='bbox 136 690 161 744; x_wconf 90' lang='lat' dir='ltr'><strong>ii</strong></span> <span class='ocrx_word' id='word_1_33' title='bbox 181 687 606 763; x_wconf 85' lang='lat' dir='ltr'><strong>probibessintqnodque</strong></span> <span class='ocrx_word' id='word_1_34' title='bbox 620 689 974 764; x_wconf 79' lang='lat' dir='ltr'><strong>piebemrogassint‚</strong></span> <span class='ocrx_word' id='word_1_35' title='bbox 989 698 1103 747; x_wconf 89' lang='lat' dir='ltr'><strong>ratum</strong></span> 
     </span>
     <span class='ocr_line' id='line_1_7' title="bbox 135 767 1104 849; baseline 0.001 -21"><span class='ocrx_word' id='word_1_36' title='bbox 135 779 225 829; x_wconf 87' lang='lat' dir='ltr'><strong>esto:</strong></span> <span class='ocrx_word' id='word_1_37' title='bbox 254 776 440 847; x_wconf 78' lang='lat' dir='ltr'><strong>sanctique</strong></span> <span class='ocrx_word' id='word_1_38' title='bbox 467 782 571 831; x_wconf 91' lang='lat' dir='ltr'><strong>sunto</strong></span> <span class='ocrx_word' id='word_1_39' title='bbox 593 767 715 847; x_wconf 88' lang='lat' dir='ltr'><strong>neque¹</strong></span> <span class='ocrx_word' id='word_1_40' title='bbox 736 772 874 849; x_wconf 79' lang='lat' dir='ltr'>plebem</span> <span class='ocrx_word' id='word_1_41' title='bbox 898 772 1013 831; x_wconf 91' lang='lat' dir='ltr'><strong>orbam</strong></span> <span class='ocrx_word' id='word_1_42' title='bbox 1036 775 1104 831; x_wconf 89' lang='lat' dir='ltr'><strong>tri·</strong></span> 
     </span>
     <span class='ocr_line' id='line_1_8' title="bbox 129 855 505 935; baseline 0.013 -24"><span class='ocrx_word' id='word_1_43' title='bbox 129 855 240 935; x_wconf 12' lang='lat' dir='ltr'><strong>‘bunis</strong></span> <span class='ocrx_word' id='word_1_44' title='bbox 261 855 505 930; x_wconf 88' lang='lat' dir='ltr'><strong>relinquunto.</strong></span> 
     </span>
    </p>

    <p class='ocr_par' dir='ltr' id='par_1_4' title="bbox 133 935 1103 1349">
     <span class='ocr_line' id='line_1_9' title="bbox 197 935 1103 1015; baseline 0.002 -18"><span class='ocrx_word' id='word_1_45' title='bbox 197 935 247 997; x_wconf 92' lang='lat'><strong>10.</strong></span> <span class='ocrx_word' id='word_1_46' title='bbox 279 939 401 998; x_wconf 81' lang='lat' dir='ltr'>Omnes</span> <span class='ocrx_word' id='word_1_47' title='bbox 434 943 667 1015; x_wconf 75' lang='lat' dir='ltr'>magistratus</span> <span class='ocrx_word' id='word_1_48' title='bbox 695 942 888 1014; x_wconf 75' lang='lat' dir='ltr'><strong>auspicium</strong></span> <span class='ocrx_word' id='word_1_49' title='bbox 914 940 1103 999; x_wconf 84' lang='lat' dir='ltr'><strong>iudicium·</strong></span> 
     </span>
     <span class='ocr_line' id='line_1_10' title="bbox 135 1022 1103 1098; baseline 0.002 -19"><span class='ocrx_word' id='word_1_50' title='bbox 135 1039 201 1097; x_wconf 90' lang='lat' dir='ltr'><strong>que</strong></span> <span class='ocrx_word' id='word_1_51' title='bbox 232 1022 400 1095; x_wconf 82' lang='lat' dir='ltr'><strong>habento,</strong></span> <span class='ocrx_word' id='word_1_52' title='bbox 433 1042 541 1098; x_wconf 87' lang='lat' dir='ltr'><strong>exque</strong></span> <span class='ocrx_word' id='word_1_53' title='bbox 570 1026 599 1082; x_wconf 90' lang='lat' dir='ltr'><strong>is</strong></span> <span class='ocrx_word' id='word_1_54' title='bbox 626 1032 771 1082; x_wconf 87' lang='lat' dir='ltr'><strong>senatus</strong></span> <span class='ocrx_word' id='word_1_55' title='bbox 803 1030 892 1081; x_wconf 90' lang='lat' dir='ltr'><strong>esto.</strong></span> <span class='ocrx_word' id='word_1_56' title='bbox 942 1026 1016 1081; x_wconf 89' lang='lat' dir='ltr'><strong>eius</strong></span> <span class='ocrx_word' id='word_1_57' title='bbox 1045 1024 1103 1081; x_wconf 88' lang='lat' dir='ltr'><strong>de·</strong></span> 
     </span>
     <span class='ocr_line' id='line_1_11' title="bbox 135 1102 1103 1182; baseline -0.001 -18"><span class='ocrx_word' id='word_1_58' title='bbox 135 1116 228 1164; x_wconf 87' lang='lat' dir='ltr'><strong>creta</strong></span> <span class='ocrx_word' id='word_1_59' title='bbox 250 1116 323 1163; x_wconf 86' lang='lat' dir='ltr'><strong>rata</strong></span> <span class='ocrx_word' id='word_1_60' title='bbox 345 1116 466 1179; x_wconf 91' lang='lat' dir='ltr'><strong>sunto,</strong></span> <span class='ocrx_word' id='word_1_61' title='bbox 496 1116 548 1164; x_wconf 88' lang='lat' dir='ltr'><strong>ast</strong></span> <span class='ocrx_word' id='word_1_62' title='bbox 576 1102 651 1182; x_wconf 69' lang='grc' dir='ltr'><strong>(εἰ)2</strong></span> <span class='ocrx_word' id='word_1_63' title='bbox 673 1115 833 1181; x_wconf 82' lang='lat' dir='ltr'><strong>potestas</strong></span> <span class='ocrx_word' id='word_1_64' title='bbox 861 1123 922 1180; x_wconf 89' lang='lat' dir='ltr'><strong>par</strong></span> <span class='ocrx_word' id='word_1_65' title='bbox 949 1108 1103 1165; x_wconf 87' lang='lat' dir='ltr'><strong>maiorne</strong></span> 
     </span>
     <span class='ocr_line' id='line_1_12' title="bbox 133 1188 1103 1266; baseline -0.001 -19"><span class='ocrx_word' id='word_1_66' title='bbox 133 1189 372 1265; x_wconf 82' lang='lat' dir='ltr'><strong>probibessit,</strong></span> <span class='ocrx_word' id='word_1_67' title='bbox 398 1192 597 1266; x_wconf 79' lang='lat' dir='ltr'><strong>perscripta</strong></span> <span class='ocrx_word' id='word_1_68' title='bbox 624 1198 797 1249; x_wconf 87' lang='lat' dir='ltr'><strong>seruante.</strong></span> <span class='ocrx_word' id='word_1_69' title='bbox 841 1191 870 1246; x_wconf 87' lang='lat' dir='ltr'><strong>is</strong></span> <span class='ocrx_word' id='word_1_70' title='bbox 901 1188 984 1247; x_wconf 88' lang='lat' dir='ltr'><strong>crdo</strong></span> <span class='ocrx_word' id='word_1_71' title='bbox 1010 1192 1103 1247; x_wconf 89' lang='lat' dir='ltr'><strong>uitio</strong></span> 
     </span>
     <span class='ocr_line' id='line_1_13' title="bbox 134 1275 730 1349; baseline -0.003 -19"><span class='ocrx_word' id='word_1_72' title='bbox 134 1282 274 1345; x_wconf 84' lang='lat' dir='ltr'><strong>necato,</strong></span> <span class='ocrx_word' id='word_1_73' title='bbox 297 1275 428 1331; x_wconf 88' lang='lat' dir='ltr'><strong>ceteris</strong></span> <span class='ocrx_word' id='word_1_74' title='bbox 450 1276 624 1349; x_wconf 76' lang='lat' dir='ltr'><strong>specimen</strong></span> <span class='ocrx_word' id='word_1_75' title='bbox 647 1282 730 1331; x_wconf 89' lang='lat' dir='ltr'><strong>esto.</strong></span> 
     </span>
    </p>

    <p class='ocr_par' dir='ltr' id='par_1_5' title="bbox 134 1356 1102 1599">
     <span class='ocr_line' id='line_1_14' title="bbox 202 1356 1102 1433; baseline 0.003 -21"><span class='ocrx_word' id='word_1_76' title='bbox 202 1356 336 1414; x_wconf 77' lang='lat' dir='ltr'><strong>creatio</strong></span> <span class='ocrx_word' id='word_1_77' title='bbox 365 1360 647 1432; x_wconf 80' lang='lat' dir='ltr'><strong>magistratuum,</strong></span> <span class='ocrx_word' id='word_1_78' title='bbox 683 1358 811 1415; x_wconf 83' lang='lat' dir='ltr'><strong>iudicia</strong></span> <span class='ocrx_word' id='word_1_79' title='bbox 838 1358 974 1433; x_wconf 81' lang='lat' dir='ltr'><strong>populi,</strong></span> <span class='ocrx_word' id='word_1_80' title='bbox 1007 1360 1102 1415; x_wconf 86' lang='lat' dir='ltr'><strong>iussa</strong></span> 
     </span>
     <span class='ocr_line' id='line_1_15' title="bbox 136 1435 1101 1516; baseline 0 -19"><span class='ocrx_word' id='word_1_81' title='bbox 136 1441 254 1497; x_wconf 89' lang='lat' dir='ltr'><strong>uetita</strong></span> <span class='ocrx_word' id='word_1_82' title='bbox 276 1458 345 1497; x_wconf 89' lang='lat' dir='ltr'><strong>eum</strong></span> <span class='ocrx_word' id='word_1_83' title='bbox 366 1445 628 1514; x_wconf 90' lang='lat' dir='ltr'><strong>coseiseentur,</strong></span> <span class='ocrx_word' id='word_1_84' title='bbox 652 1435 839 1516; x_wconf 74' lang='lat' dir='ltr'><strong>suffragia³</strong></span> <span class='ocrx_word' id='word_1_85' title='bbox 865 1442 1101 1516; x_wconf 83' lang='lat' dir='ltr'><strong>optumatibus</strong></span> 
     </span>
     <span class='ocr_line' id='line_1_16' title="bbox 134 1525 599 1599; baseline 0 -17"><span class='ocrx_word' id='word_1_86' title='bbox 134 1532 236 1594; x_wconf 84' lang='lat' dir='ltr'><strong>nota,</strong></span> <span class='ocrx_word' id='word_1_87' title='bbox 250 1525 343 1599; x_wconf 82' lang='lat' dir='ltr'><strong>plebi</strong></span> <span class='ocrx_word' id='word_1_88' title='bbox 356 1525 469 1583; x_wconf 85' lang='lat' dir='ltr'><strong>libera</strong></span> <span class='ocrx_word' id='word_1_89' title='bbox 484 1535 599 1583; x_wconf 88' lang='lat' dir='ltr'><strong>sunto.</strong></span> 
     </span>
    </p>

    <p class='ocr_par' dir='ltr' id='par_1_6' title="bbox 133 1609 1102 1838">
     <span class='ocr_line' id='line_1_17' title="bbox 199 1609 1102 1709; baseline 0.003 -45"><span class='ocrx_word' id='word_1_90' title='bbox 199 1609 245 1670; x_wconf 83' lang='lat' dir='ltr'><strong>W.</strong></span> <span class='ocrx_word' id='word_1_91' title='bbox 265 1610 431 1683; x_wconf 81' lang='lat' dir='ltr'><strong>itstquid</strong></span> <span class='ocrx_word' id='word_1_92' title='bbox 452 1612 538 1681; x_wconf 88' lang='lat' dir='ltr'><strong>erit,</strong></span> <span class='ocrx_word' id='word_1_93' title='bbox 563 1610 1102 1709; x_wconf 77' lang='lat' dir='ltr'><strong>quodextramegistratoscoe·</strong></span> 
     </span>
     <span class='ocr_line' id='line_1_18' title="bbox 133 1693 1101 1768; baseline 0.002 -18"><span class='ocrx_word' id='word_1_94' title='bbox 133 1695 206 1750; x_wconf 86' lang='lat' dir='ltr'><strong>rari</strong></span> <span class='ocrx_word' id='word_1_95' title='bbox 231 1709 333 1750; x_wconf 90' lang='lat' dir='ltr'><strong>oesus</strong></span> <span class='ocrx_word' id='word_1_96' title='bbox 359 1696 421 1764; x_wconf 89' lang='lat' dir='ltr'><strong>sit,</strong></span> <span class='ocrx_word' id='word_1_97' title='bbox 451 1695 507 1767; x_wconf 89' lang='lat' dir='ltr'><strong>qui</strong></span> <span class='ocrx_word' id='word_1_98' title='bbox 534 1701 657 1751; x_wconf 81' lang='lat' dir='ltr'><strong>coenet</strong></span> <span class='ocrx_word' id='word_1_99' title='bbox 678 1693 831 1768; x_wconf 90' lang='lat' dir='ltr'><strong>populus</strong></span> <span class='ocrx_word' id='word_1_100' title='bbox 853 1701 974 1751; x_wconf 86' lang='lat' dir='ltr'><strong>creato</strong></span> <span class='ocrx_word' id='word_1_101' title='bbox 1002 1696 1101 1767; x_wconf 91' lang='lat' dir='ltr'><strong>eique</strong></span> 
     </span>
     <span class='ocr_line' id='line_1_19' title="bbox 134 1777 473 1838; baseline 0.006 -4"><span class='ocrx_word' id='word_1_102' title='bbox 134 1777 473 1838; x_wconf 84' lang='lat' dir='ltr'><strong>inseoerandidato.</strong></span> 
     </span>
    </p>

    <p class='ocr_par' dir='ltr' id='par_1_7' title="bbox 133 1860 1102 2355">
     <span class='ocr_line' id='line_1_20' title="bbox 196 1860 1101 1936; baseline 0.002 -19"><span class='ocrx_word' id='word_1_103' title='bbox 196 1860 279 1917; x_wconf 83' lang='lat' dir='ltr'><strong>Cum</strong></span> <span class='ocrx_word' id='word_1_104' title='bbox 295 1860 672 1936; x_wconf 85' lang='lat' dir='ltr'><strong>populopatribusque</strong></span> <span class='ocrx_word' id='word_1_105' title='bbox 693 1860 820 1936; x_wconf 77' lang='lat' dir='ltr'><strong>agendi</strong></span> <span class='ocrx_word' id='word_1_106' title='bbox 842 1863 896 1918; x_wconf 91' lang='lat' dir='ltr'><strong>ius</strong></span> <span class='ocrx_word' id='word_1_107' title='bbox 918 1870 996 1919; x_wconf 88' lang='lat' dir='ltr'><strong>esto</strong></span> <span class='ocrx_word' id='word_1_108' title='bbox 1018 1879 1101 1920; x_wconf 91' lang='lat' dir='ltr'><strong>con-</strong></span> 
     </span>
     <span class='ocr_line' id='line_1_21' title="bbox 135 1944 1101 2020; baseline 0 -19"><span class='ocrx_word' id='word_1_109' title='bbox 135 1945 221 2011; x_wconf 86' lang='lat' dir='ltr'><strong>suli,</strong></span> <span class='ocrx_word' id='word_1_110' title='bbox 249 1946 427 2019; x_wconf 87' lang='lat' dir='ltr'><strong>praetori,</strong></span> <span class='ocrx_word' id='word_1_111' title='bbox 461 1947 630 2020; x_wconf 74' lang='lat' dir='ltr'><strong>magistro</strong></span> <span class='ocrx_word' id='word_1_112' title='bbox 659 1944 784 2020; x_wconf 90' lang='lat' dir='ltr'><strong>populi</strong></span> <span class='ocrx_word' id='word_1_113' title='bbox 806 1948 1030 2019; x_wconf 83' lang='lat' dir='ltr'><strong>equitumque</strong></span> <span class='ocrx_word' id='word_1_114' title='bbox 1052 1949 1101 2003; x_wconf 88' lang='lat' dir='ltr'><strong>ei·</strong></span> 
     </span>
     <span class='ocr_line' id='line_1_22' title="bbox 135 2029 1102 2104; baseline 0.002 -19"><span class='ocrx_word' id='word_1_115' title='bbox 135 2044 218 2103; x_wconf 90' lang='lat' dir='ltr'><strong>qne,</strong></span> <span class='ocrx_word' id='word_1_116' title='bbox 240 2045 337 2102; x_wconf 93' lang='lat' dir='ltr'><strong>quem</strong></span> <span class='ocrx_word' id='word_1_117' title='bbox 359 2030 647 2103; x_wconf 80' lang='lat' dir='ltr'><strong>petresprodnnt</strong></span> <span class='ocrx_word' id='word_1_118' title='bbox 662 2029 846 2088; x_wconf 90' lang='lat' dir='ltr'><strong>consulum</strong></span> <span class='ocrx_word' id='word_1_119' title='bbox 862 2030 1102 2104; x_wconf 75' lang='lat' dir='ltr'><strong>rogandarum</strong></span> 
     </span>
     <span class='ocr_line' id='line_1_23' title="bbox 133 2107 1101 2187; baseline 0 -18"><span class='ocrx_word' id='word_1_120' title='bbox 133 2129 235 2187; x_wconf 74' lang='lat' dir='ltr'><strong>ergo;</strong></span> <span class='ocrx_word' id='word_1_121' title='bbox 265 2107 451 2184; x_wconf 84' lang='lat' dir='ltr'><strong>tribunis‚⁴</strong></span> <span class='ocrx_word' id='word_1_122' title='bbox 478 2130 566 2187; x_wconf 81' lang='lat' dir='ltr'><strong>qnos</strong></span> <span class='ocrx_word' id='word_1_123' title='bbox 593 2112 659 2171; x_wconf 88' lang='lat' dir='ltr'><strong>sibi</strong></span> <span class='ocrx_word' id='word_1_124' title='bbox 686 2112 808 2187; x_wconf 89' lang='lat' dir='ltr'><strong>plebes</strong></span> <span class='ocrx_word' id='word_1_125' title='bbox 837 2108 1026 2186; x_wconf 78' lang='lat' dir='ltr'><strong>creassit‚⁵</strong></span> <span class='ocrx_word' id='word_1_126' title='bbox 1046 2116 1101 2170; x_wconf 90' lang='lat' dir='ltr'><strong>ius</strong></span> 
     </span>
     <span class='ocr_line' id='line_1_24' title="bbox 134 2190 1102 2271; baseline 0 -18"><span class='ocrx_word' id='word_1_127' title='bbox 134 2204 213 2254; x_wconf 86' lang='lat' dir='ltr'><strong>esto</strong></span> <span class='ocrx_word' id='word_1_128' title='bbox 241 2212 313 2253; x_wconf 85' lang='lat' dir='ltr'><strong>cnm</strong></span> <span class='ocrx_word' id='word_1_129' title='bbox 340 2196 497 2271; x_wconf 88' lang='lat' dir='ltr'><strong>patribus</strong></span> <span class='ocrx_word' id='word_1_130' title='bbox 524 2198 664 2271; x_wconf 79' lang='lat' dir='ltr'><strong>agendi:</strong></span> <span class='ocrx_word' id='word_1_131' title='bbox 696 2190 872 2270; x_wconf 75' lang='lat' dir='ltr'><strong>idemque⁶</strong></span> <span class='ocrx_word' id='word_1_132' title='bbox 899 2195 939 2251; x_wconf 83' lang='lat' dir='ltr'><strong>cd</strong></span> <span class='ocrx_word' id='word_1_133' title='bbox 965 2195 1102 2271; x_wconf 89' lang='lat' dir='ltr'><strong>plebem</strong></span> 
     </span>
     <span class='ocr_line' id='line_1_25' title="bbox 134 2279 619 2355; baseline 0 -20"><span class='ocrx_word' id='word_1_134' title='bbox 134 2279 229 2355; x_wconf 84' lang='lat' dir='ltr'><strong>qnod</strong></span> <span class='ocrx_word' id='word_1_135' title='bbox 252 2296 354 2337; x_wconf 88' lang='lat' dir='ltr'><strong>oesus</strong></span> <span class='ocrx_word' id='word_1_136' title='bbox 376 2282 446 2337; x_wconf 85' lang='lat' dir='ltr'><strong>erit</strong></span> <span class='ocrx_word' id='word_1_137' title='bbox 466 2281 619 2338; x_wconf 85' lang='lat' dir='ltr'><strong>ierunto.</strong></span> 
     </span>
    </p>

    <p class='ocr_par' dir='ltr' id='par_1_8' title="bbox 136 2362 1102 2510">
     <span class='ocr_line' id='line_1_26' title="bbox 200 2362 1102 2439; baseline -0.001 -19"><span class='ocrx_word' id='word_1_138' title='bbox 200 2362 294 2432; x_wconf 84' lang='lat' dir='ltr'><strong>Quae</strong></span> <span class='ocrx_word' id='word_1_139' title='bbox 320 2381 396 2421; x_wconf 90' lang='lat' dir='ltr'><strong>eum</strong></span> <span class='ocrx_word' id='word_1_140' title='bbox 422 2365 553 2439; x_wconf 89' lang='lat' dir='ltr'><strong>populo</strong></span> <span class='ocrx_word' id='word_1_141' title='bbox 581 2380 738 2438; x_wconf 88' lang='lat' dir='ltr'><strong>quaeque</strong></span> <span class='ocrx_word' id='word_1_142' title='bbox 761 2366 794 2420; x_wconf 88' lang='lat' dir='ltr'><strong>in</strong></span> <span class='ocrx_word' id='word_1_143' title='bbox 814 2362 972 2438; x_wconf 87' lang='lat' dir='ltr'><strong>patribus</strong></span> <span class='ocrx_word' id='word_1_144' title='bbox 996 2378 1102 2437; x_wconf 77' lang='lat' dir='ltr'><strong>agen·</strong></span> 
     </span>
     <span class='ocr_line' id='line_1_27' title="bbox 136 2447 500 2510; baseline 0 -7"><span class='ocrx_word' id='word_1_145' title='bbox 136 2455 209 2510; x_wconf 89' lang='lat' dir='ltr'><strong>tur,</strong></span> <span class='ocrx_word' id='word_1_146' title='bbox 232 2447 364 2505; x_wconf 85' lang='lat' dir='ltr'><strong>modica</strong></span> <span class='ocrx_word' id='word_1_147' title='bbox 385 2456 500 2504; x_wconf 88' lang='lat' dir='ltr'><strong>sunto.</strong></span> 
     </span>
    </p>

    <p class='ocr_par' dir='ltr' id='par_1_9' title="bbox 133 2527 1103 2773">
     <span class='ocr_line' id='line_1_28' title="bbox 199 2527 1103 2607; baseline -0.002 -18"><span class='ocrx_word' id='word_1_148' title='bbox 199 2527 242 2589; x_wconf 87' lang='lat'><strong>11.</strong></span> <span class='ocrx_word' id='word_1_149' title='bbox 265 2530 443 2600; x_wconf 77' lang='lat' dir='ltr'><strong>Senatori‚</strong></span> <span class='ocrx_word' id='word_1_150' title='bbox 475 2532 532 2603; x_wconf 90' lang='lat' dir='ltr'><strong>qui</strong></span> <span class='ocrx_word' id='word_1_151' title='bbox 564 2548 629 2588; x_wconf 88' lang='lat' dir='ltr'><strong>nec</strong></span> <span class='ocrx_word' id='word_1_152' title='bbox 662 2530 791 2607; x_wconf 87' lang='lat' dir='ltr'><strong>aderit,</strong></span> <span class='ocrx_word' id='word_1_153' title='bbox 824 2539 883 2588; x_wconf 86' lang='lat' dir='ltr'><strong>aut</strong></span> <span class='ocrx_word' id='word_1_154' title='bbox 911 2547 1013 2589; x_wconf 84' lang='lat' dir='ltr'><strong>causa</strong></span> <span class='ocrx_word' id='word_1_155' title='bbox 1044 2540 1103 2588; x_wconf 90' lang='lat' dir='ltr'><strong>ant</strong></span> 
     </span>
     <span class='ocr_line' id='line_1_29' title="bbox 136 2612 1102 2687; baseline 0.002 -16"><span class='ocrx_word' id='word_1_156' title='bbox 136 2612 243 2687; x_wconf 80' lang='lat' dir='ltr'><strong>culpa</strong></span> <span class='ocrx_word' id='word_1_157' title='bbox 262 2623 354 2671; x_wconf 88' lang='lat' dir='ltr'><strong>esto:</strong></span> <span class='ocrx_word' id='word_1_158' title='bbox 375 2614 454 2671; x_wconf 87' lang='lat' dir='ltr'><strong>ioco</strong></span> <span class='ocrx_word' id='word_1_159' title='bbox 475 2624 621 2672; x_wconf 87' lang='lat' dir='ltr'><strong>senator</strong></span> <span class='ocrx_word' id='word_1_160' title='bbox 643 2624 677 2673; x_wconf 88' lang='lat' dir='ltr'><strong>et</strong></span> <span class='ocrx_word' id='word_1_161' title='bbox 704 2614 803 2673; x_wconf 90' lang='lat' dir='ltr'><strong>modo</strong></span> <span class='ocrx_word' id='word_1_162' title='bbox 832 2622 951 2687; x_wconf 87' lang='lat' dir='ltr'><strong>orato,</strong></span> <span class='ocrx_word' id='word_1_163' title='bbox 978 2631 1102 2673; x_wconf 82' lang='lat' dir='ltr'><strong>causas</strong></span> 
     </span>
     <span class='ocr_line' id='line_1_30' title="bbox 133 2697 416 2773; baseline 0.007 -20"><span class='ocrx_word' id='word_1_164' title='bbox 133 2697 261 2773; x_wconf 89' lang='lat' dir='ltr'><strong>populi</strong></span> <span class='ocrx_word' id='word_1_165' title='bbox 283 2705 416 2755; x_wconf 88' lang='lat' dir='ltr'><strong>teneto.</strong></span> 
     </span>
    </p>

    <p class='ocr_par' dir='ltr' id='par_1_10' title="bbox 133 2779 1102 3101">
     <span class='ocr_line' id='line_1_31' title="bbox 202 2779 1102 2858; baseline 0.003 -22"><span class='ocrx_word' id='word_1_166' title='bbox 202 2781 256 2838; x_wconf 88' lang='lat' dir='ltr'><strong>Vis</strong></span> <span class='ocrx_word' id='word_1_167' title='bbox 277 2784 312 2839; x_wconf 92' lang='lat' dir='ltr'><strong>in</strong></span> <span class='ocrx_word' id='word_1_168' title='bbox 333 2779 466 2856; x_wconf 89' lang='lat' dir='ltr'><strong>populo</strong></span> <span class='ocrx_word' id='word_1_169' title='bbox 493 2781 625 2841; x_wconf 88' lang='lat' dir='ltr'><strong>abesto.</strong></span> <span class='ocrx_word' id='word_1_170' title='bbox 668 2799 727 2857; x_wconf 93' lang='lat' dir='ltr'><strong>par</strong></span> <span class='ocrx_word' id='word_1_171' title='bbox 753 2784 913 2840; x_wconf 88' lang='lat' dir='ltr'><strong>maiorue</strong></span> <span class='ocrx_word' id='word_1_172' title='bbox 939 2790 1102 2858; x_wconf 89' lang='lat' dir='ltr'><strong>potestas</strong></span> 
     </span>
     <span class='ocr_line' id='line_1_32' title="bbox 133 2865 1100 2941; baseline 0.001 -19"><span class='ocrx_word' id='word_1_173' title='bbox 133 2865 216 2939; x_wconf 85' lang='lat' dir='ltr'><strong>pins</strong></span> <span class='ocrx_word' id='word_1_174' title='bbox 246 2865 376 2923; x_wconf 84' lang='lat' dir='ltr'><strong>unleto.</strong></span> <span class='ocrx_word' id='word_1_175' title='bbox 424 2875 481 2923; x_wconf 87' lang='lat' dir='ltr'><strong>ast</strong></span> <span class='ocrx_word' id='word_1_176' title='bbox 512 2867 597 2941; x_wconf 82' lang='lat' dir='ltr'><strong>quid</strong></span> <span class='ocrx_word' id='word_1_177' title='bbox 628 2865 852 2923; x_wconf 87' lang='lat' dir='ltr'><strong>turbassitnr</strong></span> <span class='ocrx_word' id='word_1_178' title='bbox 883 2868 918 2923; x_wconf 89' lang='lat' dir='ltr'><strong>in</strong></span> <span class='ocrx_word' id='word_1_179' title='bbox 950 2867 1100 2939; x_wconf 82' lang='lat' dir='ltr'><strong>agendo,</strong></span> 
     </span>
     <span class='ocr_line' id='line_1_33' title="bbox 133 2949 1101 3009; baseline 0.001 -4"><span class='ocrx_word' id='word_1_180' title='bbox 133 2949 232 3005; x_wconf 78' lang='lat' dir='ltr'><strong>trans</strong></span> <span class='ocrx_word' id='word_1_181' title='bbox 254 2951 388 3005; x_wconf 84' lang='lat' dir='ltr'><strong>actoris</strong></span> <span class='ocrx_word' id='word_1_182' title='bbox 409 2957 498 3006; x_wconf 90' lang='lat' dir='ltr'><strong>esto.</strong></span> <span class='ocrx_word' id='word_1_183' title='bbox 542 2953 769 3009; x_wconf 85' lang='lat' dir='ltr'><strong>intercessor</strong></span> <span class='ocrx_word' id='word_1_184' title='bbox 794 2953 848 3008; x_wconf 86' lang='lat' dir='ltr'><strong>rei</strong></span> <span class='ocrx_word' id='word_1_185' title='bbox 874 2951 980 3007; x_wconf 88' lang='lat' dir='ltr'><strong>maiae</strong></span> <span class='ocrx_word' id='word_1_186' title='bbox 1007 2951 1101 3007; x_wconf 85' lang='lat' dir='ltr'><strong>salu·</strong></span> 
     </span>
     <span class='ocr_line' id='line_1_34' title="bbox 134 3035 553 3101; baseline 0.002 -12"><span class='ocrx_word' id='word_1_187' title='bbox 134 3035 227 3090; x_wconf 82' lang='lat' dir='ltr'><strong>taris</strong></span> <span class='ocrx_word' id='word_1_188' title='bbox 249 3035 340 3090; x_wconf 88' lang='lat' dir='ltr'><strong>einis</strong></span> <span class='ocrx_word' id='word_1_189' title='bbox 361 3041 450 3091; x_wconf 89' lang='lat' dir='ltr'><strong>esto</strong></span> <span class='ocrx_word' id='word_1_190' title='bbox 548 3088 553 3101; x_wconf 79' lang='grc'><strong><em>,</em></strong></span> 
     </span>
    </p>

    <p class='ocr_par' dir='ltr' id='par_1_11' title="bbox 133 3116 1102 3277">
     <span class='ocr_line' id='line_1_35' title="bbox 199 3116 1102 3193; baseline 0 -20"><span class='ocrx_word' id='word_1_191' title='bbox 199 3116 265 3186; x_wconf 80' lang='lat' dir='ltr'><strong>cor</strong></span> <span class='ocrx_word' id='word_1_192' title='bbox 286 3126 406 3191; x_wconf 70' lang='lat' dir='ltr'><strong>agent,</strong></span> <span class='ocrx_word' id='word_1_193' title='bbox 427 3120 584 3193; x_wconf 85' lang='lat' dir='ltr'><strong>auspicia</strong></span> <span class='ocrx_word' id='word_1_194' title='bbox 605 3126 790 3191; x_wconf 82' lang='lat' dir='ltr'><strong>seruante,</strong></span> <span class='ocrx_word' id='word_1_195' title='bbox 813 3120 937 3193; x_wconf 82' lang='lat' dir='ltr'><strong>auguri</strong></span> <span class='ocrx_word' id='word_1_196' title='bbox 959 3117 1102 3192; x_wconf 90' lang='lat' dir='ltr'><strong>publico</strong></span> 
     </span>
     <span class='ocr_line' id='line_1_36' title="bbox 133 3202 1101 3277; baseline 0 -21"><span class='ocrx_word' id='word_1_197' title='bbox 133 3209 301 3275; x_wconf 80' lang='lat' dir='ltr'><strong>parente,</strong></span> <span class='ocrx_word' id='word_1_198' title='bbox 336 3202 559 3277; x_wconf 77' lang='lat' dir='ltr'><strong>promulgata</strong></span> <span class='ocrx_word' id='word_1_199' title='bbox 589 3206 773 3277; x_wconf 80' lang='lat' dir='ltr'><strong>proposito</strong></span> <span class='ocrx_word' id='word_1_200' title='bbox 806 3205 840 3260; x_wconf 91' lang='lat' dir='ltr'><strong>in</strong></span> <span class='ocrx_word' id='word_1_201' title='bbox 877 3203 1011 3259; x_wconf 88' lang='lat' dir='ltr'><strong>aerario</strong></span> <span class='ocrx_word' id='word_1_202' title='bbox 1047 3217 1101 3256; x_wconf 90' lang='lat' dir='ltr'><strong>eo·</strong></span> 
     </span>
    </p>
   </div>
   <div class='ocr_carea' id='block_1_3' title="bbox 133 3404 1102 3615">
    <p class='ocr_par' dir='ltr' id='par_1_12' title="bbox 133 3404 1102 3615">
     <span class='ocr_line' id='line_1_37' title="bbox 209 3404 1102 3474; baseline -0.002 -17"><span class='ocrx_word' id='word_1_203' title='bbox 209 3406 230 3472; x_wconf 79' lang='grc' dir='ltr'><strong>ι)</strong></span> <span class='ocrx_word' id='word_1_204' title='bbox 243 3422 306 3457; x_wconf 87' lang='lat' dir='ltr'><strong>uene</strong></span> <span class='ocrx_word' id='word_1_205' title='bbox 322 3407 380 3457; x_wconf 87' lang='lat' dir='ltr'><strong>AB</strong></span> <span class='ocrx_word' id='word_1_206' title='bbox 390 3408 473 3459; x_wconf 70' lang='lat' dir='ltr'><strong>ectr</strong></span> <span class='ocrx_word' id='word_1_207' title='bbox 512 3405 585 3469; x_wconf 75' lang='lat' dir='ltr'><strong>²)ast</strong></span> <span class='ocrx_word' id='word_1_208' title='bbox 599 3408 656 3458; x_wconf 84' lang='lat' dir='ltr'><strong>AB</strong></span> <span class='ocrx_word' id='word_1_209' title='bbox 667 3411 707 3461; x_wconf 85' lang='lat' dir='ltr'><strong>ed.</strong></span> <span class='ocrx_word' id='word_1_210' title='bbox 723 3409 754 3461; x_wconf 98' lang='lat' dir='ltr'><strong>V.</strong></span> <span class='ocrx_word' id='word_1_211' title='bbox 793 3404 815 3474; x_wconf 75' lang='lat'><strong>⁸)</strong></span> <span class='ocrx_word' id='word_1_212' title='bbox 833 3406 946 3466; x_wconf 78' lang='lat' dir='ltr'><strong>suffragio</strong></span> <span class='ocrx_word' id='word_1_213' title='bbox 965 3405 1102 3455; x_wconf 86' lang='lat' dir='ltr'><strong>cosciacen-</strong></span> 
     </span>
     <span class='ocr_line' id='line_1_38' title="bbox 133 3476 1102 3545; baseline -0.001 -18"><span class='ocrx_word' id='word_1_214' title='bbox 133 3486 175 3528; x_wconf 89' lang='lat' dir='ltr'><strong>tnr</strong></span> <span class='ocrx_word' id='word_1_215' title='bbox 186 3477 245 3529; x_wconf 75' lang='lat' dir='ltr'><strong>AB</strong></span> <span class='ocrx_word' id='word_1_216' title='bbox 255 3479 298 3529; x_wconf 80' lang='lat' dir='ltr'><strong>ed.</strong></span> <span class='ocrx_word' id='word_1_217' title='bbox 307 3478 339 3528; x_wconf 93' lang='lat' dir='ltr'><strong>V.</strong></span> <span class='ocrx_word' id='word_1_218' title='bbox 378 3476 400 3545; x_wconf 84' lang='lat'><strong>⁴)</strong></span> <span class='ocrx_word' id='word_1_219' title='bbox 419 3480 567 3545; x_wconf 83' lang='lat' dir='ltr'><strong>tribunisque</strong></span> <span class='ocrx_word' id='word_1_220' title='bbox 586 3478 612 3527; x_wconf 90' lang='lat' dir='ltr'><em>B</em></span> <span class='ocrx_word' id='word_1_221' title='bbox 627 3480 686 3529; x_wconf 86' lang='lat' dir='ltr'><strong>edd.</strong></span> <span class='ocrx_word' id='word_1_222' title='bbox 725 3477 747 3545; x_wconf 76' lang='lat'><strong>⁶)</strong></span> <span class='ocrx_word' id='word_1_223' title='bbox 763 3478 825 3529; x_wconf 77' lang='lat' dir='ltr'><strong>Cum</strong></span> <span class='ocrx_word' id='word_1_224' title='bbox 842 3479 928 3530; x_wconf 75' lang='lat' dir='ltr'><strong>Balsio</strong></span> <span class='ocrx_word' id='word_1_225' title='bbox 946 3476 1044 3539; x_wconf 75' lang='lat' dir='ltr'><strong>scripsi</strong></span> <span class='ocrx_word' id='word_1_226' title='bbox 1061 3492 1102 3526; x_wconf 93' lang='lat' dir='ltr'><strong>ro·</strong></span> 
     </span>
     <span class='ocr_line' id='line_1_39' title="bbox 134 3544 822 3615; baseline 0 -16"><span class='ocrx_word' id='word_1_227' title='bbox 134 3550 211 3610; x_wconf 65' lang='lat' dir='ltr'><strong>gessit</strong></span> <span class='ocrx_word' id='word_1_228' title='bbox 222 3548 281 3599; x_wconf 85' lang='lat' dir='ltr'><strong>AB</strong></span> <span class='ocrx_word' id='word_1_229' title='bbox 292 3548 351 3599; x_wconf 81' lang='lat' dir='ltr'><strong>edd.</strong></span> <span class='ocrx_word' id='word_1_230' title='bbox 389 3544 470 3615; x_wconf 69' lang='lat' dir='ltr'><strong>‘ique</strong></span> <span class='ocrx_word' id='word_1_231' title='bbox 483 3551 534 3602; x_wconf 84' lang='lat' dir='ltr'><strong>buo</strong></span> <span class='ocrx_word' id='word_1_232' title='bbox 547 3552 670 3601; x_wconf 80' lang='lat' dir='ltr'><strong>reuocant</strong></span> <span class='ocrx_word' id='word_1_233' title='bbox 683 3552 718 3615; x_wconf 79' lang='lat' dir='ltr'><strong>ef.</strong></span> <span class='ocrx_word' id='word_1_234' title='bbox 734 3556 785 3601; x_wconf 84' lang='lat' dir='ltr'><strong>not.</strong></span> <span class='ocrx_word' id='word_1_235' title='bbox 800 3560 822 3599; x_wconf 81' lang='lat'><strong>4.</strong></span> 
     </span>
    </p>
   </div>
   <div class='ocr_carea' id='block_1_4' title="bbox 0 0 1276 3909">
    <p class='ocr_par' dir='ltr' id='par_1_13' title="bbox 0 0 1276 3909">
     <span class='ocr_line' id='line_1_40' title="bbox 0 0 1276 3909; baseline 0 0"><span class='ocrx_word' id='word_1_236' title='bbox 0 0 1276 3909; x_wconf 95' lang='lat' dir='ltr'><strong> </strong></span> 
     </span>
    </p>
   </div>
  </div>
 </body>
</html>
