2542 3909
171 201 237 268 ⁴130
405 221 502 256 onnon.
522 219 574 255 rvs.
594 217 657 255 sorr.
676 219 762 257 ramo.
782 207 896 256 uri-tt.

239 346 280 407 39
282 389 389 406 .....
406 352 506 423 emptio
528 358 555 405 ot
576 350 696 405 uenditio
717 347 802 405 bonae
822 347 883 405 iidei
898 348 1001 405 auctori
1014 388 1128 405 ......

175 433 258 508 plicet
281 441 445 505 memorant,
471 434 554 506 raptis
577 440 658 504 atque
674 472 801 488 ......
819 440 829 488 t
854 433 966 488 terroris
988 432 1129 501 iniectum,

175 525 207 572 ut
228 517 253 572 ei
275 515 366 572 casula
382 556 513 573 ......
531 516 666 573 scinderet
689 517 813 589 uitesque
834 516 981 589 inspectori
998 554 1128 572 ......

175 599 272 656 bonam
295 597 374 656 fldem
397 610 501 674 gestam
522 601 549 656 iu
572 601 751 673 possessionis
768 640 899 655 ......
915 598 1047 655 auritium
1068 599 1129 654 iure

173 699 326 756 congruum
338 685 375 740 ita
388 684 466 740 iaciat
479 724 591 740 ......
605 700 633 738 as
646 683 778 741 aestimet.
795 682 853 738 bat.
863 682 934 756 prid.
944 699 998 738 nou
1012 724 1018 738 .
1034 722 1041 737 .
1055 721 1062 739 .
1076 723 1083 738 .
1098 723 1105 737 .
1119 722 1125 737 .

238 762 280 824 40
284 806 383 823 .....
402 775 428 824 te
450 770 545 842 patris,
569 776 599 824 ut
619 766 745 822 Maximus
768 766 869 823 adserit
886 807 1014 824 ......
1030 781 1128 839 conpa-

172 857 233 907 rata
248 852 366 907 omnium
389 851 517 908 heredum
533 866 639 907 commu
656 889 784 906 ......
800 865 875 907 suam
891 865 1000 923 quoque
1013 863 1128 906 consor·

173 942 218 990 tes
234 933 370 991 obtineant
388 929 391 1013 i
442 1012 601 1082 [Complures
616 1016 732 1079 rapinae
750 1010 863 1081 desunt-b

528 1429 569 1468 DE
585 1427 774 1470 VSVFBVGTV.

66 1521 167 1622 widh·
237 1528 282 1592 41.
306 1530 486 1587 Diocletianus
509 1538 535 1585 et
558 1530 624 1586 Mar.
648 1522 837 1586 Constantius¹
860 1529 1014 1587 'Pannoniae
1036 1527 1128 1589 Iuliae.

81 1591 168 1693 „1322'
176 1613 377 1669 Usumiructum
393 1614 475 1670 locari
492 1622 518 1668 et
535 1612 682 1668 uenundari
699 1630 780 1686 posse
792 1631 806 1668 a
818 1613 985 1687 fructuario,
1001 1613 1068 1670 uuili
1081 1613 1130 1668 du·

68 1696 249 1752 arnanbpum
266 1704 316 1752 est.
360 1697 474 1770 proinde
496 1698 519 1751 si
542 1697 675 1751 uendente
692 1695 746 1752 iiiia
764 1707 810 1753 tuo
831 1699 1031 1771 possessionem
1050 1697 1130 1754 etiam

178 1789 207 1836 tu
223 1786 298 1837 certo
313 1782 400 1852 pretio
420 1781 563 1837 usufructu
586 1771 698 1853 proprio
721 1781 841 1849 cessisti,
865 1797 944 1856 quem
967 1787 1129 1837 testamento

176 1864 265 1920 mariti
287 1858 364 1920 'tibi²
379 1864 503 1921 relictum
518 1880 577 1920 esse
593 1865 733 1937 proponis,
750 1863 965 1937 quandoquidem
981 1872 1130 1938 emptorem

176 1955 331 2005 contractus
347 1947 426 2004 iidem
442 1963 634 2004 commemores
651 1948 758 2003 minime
772 1948 919 2018 custodire,
935 1947 1023 2003 aditus
1039 1948 1129 2004 delius

176 2031 331 2105 Dionysius,
348 2034 389 2088 uir
400 2032 572 2101 clarissimus,
590 2031 690 2087 amicus
705 2038 809 2105 noster,
825 2031 853 2087 id
868 2030 917 2087 tibi
933 2031 1012 2088 saciet
1023 2046 1130 2105 reprae-

176 2117 288 2187 sentari,
312 2116 383 2189 quod
401 2125 427 2172 te
442 2116 597 2172 constiterit
617 2115 676 2170 iure
691 2113 845 2187 deposcere.
882 2114 931 2176 PP.
948 2113 989 2172 Vi.
1005 2114 1039 2171 id.
1052 2113 1127 2170 biart.

176 2193 355 2273 ’Carthagini’
370 2199 469 2254 Fausto
485 2198 513 2259 u.
531 2207 558 2255 et
572 2196 648 2253 Gailo
664 2192 769 2257 conss.⁴

240 2278 290 2340 42.
312 2283 401 2340 Iidem
420 2281 537 2338 'Aurelio
553 2281 640 2337 boreo
655 2282 699 2337 cui
714 2289 741 2336 et
757 2276 945 2338 bnuceutri0.⁶
971 2279 1128 2337 Fructuario
1198 2280 1203 2288 “

178 2368 335 2438 superstite,
350 2366 412 2422 licet
427 2365 551 2422 dominus
568 2365 740 2438 proprietatis
755 2363 835 2421 rebus
852 2365 975 2421 humanis
989 2365 1129 2438 eximatur,

177 2451 219 2505 ius
244 2450 334 2505 utendi
354 2449 461 2505 fruendi
481 2465 535 2505 uon
556 2441 686 2504 colitiani
728 2445 883 2522 Subscripta
899 2449 929 2508 V.
945 2448 982 2505 id.
997 2447 1061 2507 Feb.
1076 2447 1129 2504 Sir·

177 2533 234 2590 mii.
257 2535 344 2606 dugp.
361 2533 390 2589 V.
408 2540 435 2589 et
451 2532 502 2589 itti.
519 2549 608 2588 conss.

240 2612 290 2673 48.
315 2609 416 2672 ⁷Iidem
431 2614 539 2671 Claudio
563 2613 714 2674 Theodoto.
758 2614 891 2672 Habitatio
912 2623 1000 2672 morte
1022 2613 1198 2689 buiturncss]

253 2781 272 2850 ¹)
290 2783 402 2833 Turbata
421 2784 521 2847 quidem
539 2783 676 2846 inscriptio
695 2779 740 2846 (cs.
760 2781 873 2833 Mamms.
889 2798 918 2846 p.
937 2781 1005 2847 toa).
1037 2781 1133 2834 Sedet

178 2854 338 2908 Maximiani
352 2861 377 2904 et
392 2853 534 2904 Constantii
548 2868 636 2904 nornen
651 2853 812 2903 retinendum
825 2860 870 2902 est.
895 2853 949 2904 Hie
962 2854 1029 2903 enim
1042 2868 1067 2903 a.
1082 2862 1130 2905 tot.

180 2926 277 2976 Caesar
290 2927 442 2988 appellatus,
456 2923 602 2973 obtinuerat
615 2925 691 2973 etiam
706 2923 901 2982 Mauritaniam,
916 2931 944 2974 ut
958 2926 985 2974 in
994 2923 1036 2973 bis
1045 2924 1131 2989 repie-

179 2996 254 3046 nibus
272 3011 327 3045 eum
346 3011 401 3045 eum
421 2993 594 3052 Martiniano,
614 2995 658 3043 aui
676 2993 772 3058 Africa
790 2993 938 3052 obvenerat,
957 2994 1131 3058 rescripsisse,

179 3067 273 3116 mirari
287 3080 337 3116 non
353 3068 436 3116 liceat.
489 3061 510 3131 ²)
526 3065 559 3114 tui
578 3064 636 3113 Vat.
652 3063 709 3114 edd.
724 3077 759 3114 em
774 3063 816 3113 tini
830 3079 866 3114 se.
882 3071 976 3114 natum.
1032 3059 1131 3132 ⁸)Vat.

179 3136 320 3198 Carthagine
331 3137 370 3186 ed.
378 3135 470 3186 Hoilw.
522 3132 544 3200 ⁴)
555 3151 578 3184 a.
589 3145 635 3186 298.
683 3131 705 3200 ⁸)
717 3133 876 3197 Corruptum.
898 3131 1016 3200 dur(elio)
1026 3131 1133 3202 (rectius

181 3205 248 3271 dog.)
265 3206 393 3256 Heliodoro
408 3205 446 3255 oni
462 3211 486 3255 et
499 3205 643 3263 Educentrio
658 3206 690 3268 ej.
703 3204 815 3254 Momms.
831 3206 888 3255 coli.
901 3203 1132 3257 Fabrettittt.1to.

186 3276 245 3325 Via.
265 3277 341 3325 etiam
362 3273 569 3325 Orelli-Hennam
592 3285 653 3325 erno.
673 3285 733 3326 saco.
753 3284 813 3325 sarr.
832 3285 972 3327 aras.tr1o.
991 3284 1052 3327 soor.
1071 3284 1131 3326 caso.

184 3345 345 3395 Nominatiuo
360 3345 495 3395 binominis
510 3343 657 3393 adiciebant
675 3343 715 3407 qui
735 3350 771 3404 et,
792 3345 859 3393 uelut
873 3345 952 3394 inser.
967 3343 999 3393 L.
1014 3356 1034 3395 1.
1050 3355 1085 3396 81.
1098 3351 1132 3395 25.

181 3415 214 3462 Ι).
229 3414 261 3463 de
275 3421 330 3464 test.
346 3412 390 3479 (aa,
401 3413 431 3479 a).
483 3411 504 3477 8)
519 3413 601 3462 Extat
614 3413 663 3462 boc
676 3414 829 3475 rescriptum
843 3415 892 3463 alii
904 3415 1092 3478 apptatinatum
1106 3415 1134 3463 in

182 3484 213 3531 L.
230 3495 249 3534 a.
265 3485 288 3544 ξ.
304 3495 323 3530 r.
346 3484 370 3533 0.
387 3485 418 3533 de
433 3484 516 3547 ususr.
532 3481 563 3547 (a,
577 3481 621 3546 ss).
642 3481 689 3530 Est
703 3498 727 3530 a.
742 3493 789 3533 aet.
811 3482 849 3545 Cf.
863 3481 1012 3533 Buobboltr.
1028 3484 1065 3534 ad
1076 3483 1101 3536 b.
1117 3485 1133 3532 i.

184 3549 205 3618 1)
223 3551 377 3611 Quibusdam
392 3555 491 3602 amissis
506 3559 577 3601 extat
592 3551 623 3600 L.
639 3564 672 3601 11.
693 3552 718 3603 (i.
734 3552 765 3601 de
779 3553 862 3616 neustr.
877 3552 909 3618 (a,
923 3553 967 3619 aa).
