2542 3909
160 209 225 274 278
439 226 498 263 em
515 226 607 263 nom.
625 208 661 262 ΙΙ.
680 213 829 264 ent-noe.

159 366 253 430 tatem,
268 359 346 431 quasi
355 357 446 413 heredi
458 364 486 413 et
500 358 528 412 in
539 356 666 413 heredem
683 357 746 412 dare
757 356 858 429 eoepit,
870 371 971 428 eaeque
983 355 1012 412 in
1024 355 1113 412 edicto

160 450 361 515 proponuntur.
397 438 465 498 254.
489 440 543 496 Sed
557 457 653 497 rursus
669 442 730 514 quia
745 439 860 496 heredes
875 441 979 513 scripti,
995 455 1055 496 oum
1068 448 1115 497 aut

162 534 246 582 totam
259 525 435 581 hereditatem
450 532 497 580 aut
512 540 598 599 paene
609 531 694 580 totam
706 524 866 597 plerumque
877 525 1021 580 restituere
1035 540 1115 598 roga·

160 609 275 680 huntur,
300 607 373 665 adire
398 608 575 665 hereditatem
596 607 632 665 ob
654 608 757 664 nullum
777 614 824 664 aut
845 609 983 664 minimum
1008 606 1114 664 luorum

160 691 332 764 recusabant,
347 701 428 766 atque
443 692 478 748 ob
492 692 521 748 id
535 691 762 766 extinguebantur
778 689 994 762 fideicommissa,
1006 690 1114 765 ’postea

160 771 281 850 Pegaso¹
304 783 333 832 et
353 776 470 832 Pusione
486 772 670 848 (consulibus)
690 784 802 833 senatus
823 777 945 847 censuit,
966 781 997 831 ut
1013 777 1051 846 ei,
1068 777 1116 849 qui

160 869 273 934 rogatus
288 868 363 918 esset
377 861 556 917 hereditatem
570 862 732 930 restituere,
755 859 870 934 proinde
885 859 979 916 liceret
992 868 1114 932 quartam

160 952 263 1018 partem
277 947 406 1017 retinere,
423 953 504 1018 atque
518 960 534 1001 e
548 943 611 1017 lege
623 943 738 999 Falcidia
748 945 777 999 in
788 943 884 1017 legatis
894 943 1040 1002 'retinendi
1051 936 1115 1001 ins²

160 1028 332 1086 conceditur:
353 1044 384 1084 ex
399 1028 516 1102 singulis
532 1044 643 1101 quoqne
657 1027 757 1100 rebus,
779 1043 848 1101 quae
863 1043 912 1102 per
927 1027 1115 1086 fideicommis-

160 1129 220 1168 sum
240 1113 449 1186 relinqnuntur,
476 1111 570 1168 eadem
589 1113 708 1168 retentio
733 1113 864 1185 permissa
883 1119 934 1168 est.
971 1130 1020 1187 per
1041 1112 1113 1186 quod
1125 1118 1187 1166 [201]
1265 1187 1266 1190 Ἴ

159 1204 268 1252 senatus
283 1196 439 1252 consultum
454 1197 513 1270 lpse
530 1192 632 1269 (heres)
651 1211 733 1252 onera
743 1194 905 1253 hereditaria
919 1199 1052 1265 sustinet;
1068 1196 1115 1253 ille

160 1288 265 1350 antem,
285 1281 333 1352 qul
347 1296 379 1337 er
401 1277 609 1336 fideicommisso
625 1279 755 1353 reliquam
775 1287 880 1354 partem
895 1280 1055 1338 hereditatis
1070 1297 1113 1336 re-

160 1364 235 1436 cipit,
250 1363 374 1436 legatarli
386 1364 510 1437 partiario·
522 1363 585 1420 loco
601 1372 653 1436 est,
667 1364 695 1420 id
710 1371 753 1420 est
767 1365 825 1421 eius
841 1363 977 1438 legatarii,
992 1367 1037 1422 cui
1051 1381 1113 1439 pars

158 1445 292 1503 honorum
306 1445 427 1522 legatum
450 1463 518 1521 quae
537 1449 643 1521 species
664 1447 748 1520 legati
767 1449 878 1522 partitio
900 1457 1030 1520 uocatur,
1052 1450 1115 1522 quia

159 1547 220 1588 cum
235 1531 335 1588 herede
348 1531 495 1606 legatarius
511 1532 626 1603 partitur
634 1531 827 1589 hereditatem:
842 1531 914 1588 unde
926 1533 1048 1590 ellectum
1061 1541 1113 1602 est,

160 1621 191 1671 ut
205 1630 274 1687 quae
289 1614 379 1671 solent
393 1615 582 1689 stipulationes
597 1617 669 1673 inter
683 1615 810 1672 heredem
825 1623 854 1673 et
868 1618 1022 1690 partiarinm
1038 1616 1112 1690 lega-

158 1700 257 1755 tarium
270 1700 417 1773 Internum,
428 1699 538 1756 eaedem
548 1700 758 1774 interponantur
768 1702 840 1757 inter
850 1715 923 1772 eum,
938 1703 983 1775 qul
995 1716 1027 1757 er
1038 1697 1113 1756 fidei-

159 1785 295 1839 commissi
310 1799 390 1840 oausa
405 1786 502 1857 recipit
516 1783 703 1856 hereditatem,
718 1792 747 1840 et
761 1784 905 1857 heredem,
921 1784 948 1841 id
964 1792 1018 1858 est,
1040 1793 1071 1840 ut
1086 1791 1113 1840 et

158 1865 263 1923 lucrum
278 1875 306 1925 et
321 1867 446 1924 damnum
461 1866 652 1924 hereditarium
667 1885 719 1942 pro
733 1876 791 1924 rata
806 1878 882 1943 parte
894 1869 966 1925 inter
980 1885 1028 1926 eos
1040 1884 1114 1925 com·

160 1967 241 2007 mnne
260 1953 306 2009 sit.
349 1946 415 2010 26⁶.
431 1950 510 2024 flirgo
529 1951 662 2026 siquidem
683 1968 737 2008 non
753 1952 815 2025 plus
831 1968 910 2026 quam
925 1952 1083 2010 dodrantem
1107 1945 1111 2030 Ι

91 2040 149 2090 120.
160 2035 318 2092 hereditatis
339 2037 456 2110 scriptus
470 2036 550 2092 heres
563 2044 675 2109 rogatus
695 2038 733 2092 sit
747 2038 907 2109 restituere,
927 2045 986 2094 tum
1002 2054 1034 2094 en
1049 2037 1113 2093 Tre·

160 2119 274 2175 helliauo
289 2128 400 2176 senatus
415 2119 541 2177 consulto
555 2121 710 2176 restituitur
724 2120 869 2191 hereditas,
887 2128 915 2177 et
928 2121 956 2177 ln
966 2129 1113 2194 utrumque

160 2204 280 2260 actiones
290 2203 469 2260 hereditariae
479 2221 530 2278 pro
543 2212 601 2260 rata
612 2212 689 2277 parte
702 2203 810 2275 dantur,
825 2206 853 2260 ln
865 2204 992 2262 heredem
1004 2205 1112 2279 quidem

158 2289 217 2343 iure
237 2288 325 2358 ciuili,
341 2288 369 2344 in
384 2304 446 2344 enm
460 2304 544 2358 uero,
566 2289 613 2360 qui
625 2289 722 2361 recipit
736 2288 928 2361 hereditatem,
950 2305 983 2345 es
1002 2298 1112 2346 senatus

159 2372 286 2428 consulto
305 2371 491 2440 Trebellian03
518 2387 680 2445 quamquam
699 2371 779 2429 ireres
798 2373 877 2428 etiam
899 2389 949 2446 pro
970 2389 1001 2430 ea
1024 2381 1111 2447 parte,

160 2447 238 2528 quam
253 2456 384 2526 restituit,
399 2455 478 2512 heres
494 2464 642 2529 permanet,
660 2457 739 2530 eique
753 2457 823 2512 etin
839 2472 900 2513 eum
912 2456 1019 2514 solidae
1031 2459 1113 2513 actio·

159 2554 208 2594 nes
228 2546 399 2612 competnut3
419 2537 467 2596 sed
488 2555 543 2596 uon
563 2538 678 2595 ulterius
700 2547 846 2612 oneratur,
868 2556 919 2597 nee
938 2541 1054 2597 ulterius
1074 2541 1113 2596 llll

160 2621 259 2678 dantur
277 2624 413 2694 actiones,
432 2638 512 2697 quam
532 2625 607 2697 apud
625 2639 687 2680 eum
708 2623 879 2681 commodum
899 2625 1054 2682 hereditatis
1069 2641 1113 2680 re·

160 2712 259 2763 manet.
310 2701 378 2764 too.
406 2709 441 2763 tlt
464 2708 568 2782 siquis
589 2707 651 2782 plus
677 2723 757 2781 quam
781 2707 940 2766 dodrantem
960 2709 1004 2766 uel
1030 2709 1111 2764 etiarn

233 2896 253 2964 ¹)
267 2900 299 2949 In
314 2899 338 2948 V
341 2896 362 2932 ¹²
371 2901 541 2967 praecedant,
556 2901 626 2967 qnod
638 2903 737 2966 alioqui
746 2903 878 2968 significat
891 2907 978 2965 potest,
994 2907 1111 2965 potestate

159 2970 268 3032 Publius3
287 2971 333 3021 sed
350 2975 464 3022 consulis
478 2988 636 3037 praenomen
654 2975 805 3038 ignoratur,
826 2987 932 3037 eamque
951 2974 1026 3022 etiam
1045 2974 1113 3022 alias

159 3050 236 3092 notae
244 3043 268 3106 p'
278 3050 303 3091 et
313 3044 329 3106 p
339 3051 526 3107 permutentur,
541 3056 597 3094 eam
607 3042 680 3094 Sede
691 3051 729 3106 (p.
740 3041 790 3109 tot)
799 3058 834 3093 etc
843 3042 928 3093 Instit.
939 3044 1012 3093 edidi
1020 3051 1112 3108 postea.

158 3107 179 3175 ²)
194 3113 325 3162 retinendis
344 3108 396 3162 W.
419 3114 526 3164 retinere
539 3114 579 3163 ed.
594 3112 668 3162 Sind.
690 3113 728 3174 Of.
744 3125 764 3174 1,
779 3123 813 3164 at.
833 3124 854 3175 o,
868 3123 901 3163 to.

229 3264 670 3336 §.ntt.=§.s.1.h.t.(e‚eo).
690 3269 878 3336 Eptt.e‚npr.
907 3273 1111 3336 Uip.as,1e.1s.

159 3339 235 3388 Paul.
248 3350 271 3398 4,
285 3351 306 3390 a.
331 3339 356 3388 P.
371 3347 395 3388 et
413 3340 438 3388 P.
453 3338 602 3408 consulibus]
628 3340 786 3404 Vespasiani
804 3343 960 3406 temporibus
977 3360 1002 3392 a.
1017 3355 1113 3395 ao-oo.

158 3405 268 3476 partitio]
287 3410 322 3472 cs.
347 3408 403 3472 Ula.
420 3421 459 3469 aa,
478 3420 512 3461 as.
540 3410 649 3474 Theoph.
664 3423 689 3474 s,
709 3423 743 3462 aa.
762 3414 784 3474 §-
799 3423 819 3464 o.
888 3410 913 3481 fi.
929 3416 989 3464 255.
1006 3436 1039 3457 =
1053 3416 1077 3477 ᾖ.
1092 3425 1112 3465 a

157 3480 220 3529 ih.
235 3487 252 3528 r.
267 3478 299 3544 (a,
313 3478 358 3544 aa).
383 3479 593 3544 citheronis.
617 3481 649 3530 Ι..
664 3493 697 3532 os.
724 3482 756 3531 Ι).
771 3484 807 3532 od
820 3485 837 3533 t.
854 3483 925 3535 Fata.
940 3483 985 3550 (ao,
1000 3484 1032 3552 a).

157 3545 183 3616 §-
198 3552 258 3600 266.
277 3550 351 3610 §ho
366 3547 485 3614 (a.)1.h.
500 3557 517 3599 t.
539 3551 577 3614 Cf.
596 3551 651 3614 lJtp.
667 3554 684 3601 t.
699 3568 720 3601 a.
