2542 3909
175 186 235 250 780
384 206 481 242 rutam
501 207 554 242 nvn.
573 207 634 242 nom
655 205 741 241 vanc.
761 193 910 242 ets-tte.

236 332 303 392 set.
329 329 421 391 ¹ltem.
445 332 496 401 Qui
511 335 642 408 conplura
656 334 783 409 allegant,
799 351 869 409 quae
883 335 989 409 singula
1004 351 1059 391 non
1073 336 1138 391 sint

173 415 263 490 firma,
284 417 419 474 interdum
439 420 561 474 excusari
580 419 681 477 solent.
718 436 778 475 nam
794 428 821 474 et
835 419 935 475 iratres
950 421 1135 492 imperatores

173 500 265 557 Sentio
276 500 368 557 Potito
379 503 416 558 ita
432 504 644 575 rescripserunt:
662 500 800 569 ‘Quamuis
813 503 929 577 singula,
944 519 1013 576 quae
1027 502 1134 559 litteris

172 585 226 640 tuis
238 583 385 658 conplexus
397 601 437 655 es,
453 602 508 642 non
520 595 658 658 praestent
669 586 717 643 tibi
730 587 813 642 iustas
829 602 923 643 causas
935 587 1133 656 excusationis,

173 675 262 724 tamen
279 670 341 741 quia
356 668 438 725 multa
453 669 533 726 simul
549 679 746 743 congruerunt,
762 685 872 727 mouere
887 686 938 726 nos
953 678 1080 745 possunt,
1098 677 1133 726 ut

172 754 309 808 excusatio
327 760 370 808 tua
386 770 400 808 a
417 753 500 810 tutela
516 755 598 826 recipi
614 753 727 827 possit!

85 843 150 879 ΠΜ
234 830 302 892 246.
337 830 464 892 ²Paullus
491 836 560 894 libro
588 837 719 909 singulari
741 837 773 894 de
796 839 969 896 excusatione
994 846 1131 896 tutorum.

64 884 165 964 ssksffi‘·
173 916 363 992 ‘imperatores
376 921 463 977 nostri
475 920 550 976 Aelio
562 921 675 976 Diodoto
687 937 739 976 suo
751 924 880 979 satutem.
904 921 1021 978 'luteres
1032 938 1131 977 secun·

89 968 143 1004 M
173 1000 235 1058 dum
251 1004 335 1076 patris
353 1003 520 1060 uoluntatem
536 1005 646 1062 decreto
661 1006 805 1077 praetoris,
821 1005 962 1062 clarissimi
977 1006 1036 1074 uiri,
1054 1005 1130 1078 quod

169 1102 225 1142 non
242 1088 299 1143 iure
323 1094 488 1145 testamento
511 1088 555 1144 uel
577 1087 707 1144 codicillis
729 1089 784 1144 dati
806 1088 928 1159 lucrant,
952 1087 1132 1144 confirmatos

169 1172 308 1227 nominare
323 1173 447 1245 potiores
458 1187 550 1244 posse,
566 1188 620 1228 non
631 1172 802 1232 arbitramur.
831 1189 893 1229 nam
904 1172 1032 1229 iudicium
1044 1175 1131 1245 patris

169 1251 233 1311 licet
248 1256 307 1311 iure
323 1253 437 1325 deficiat,
456 1255 619 1311 seruandum
634 1254 699 1312 est.'

64 1327 161 1405 unffi
234 1334 302 1396 stt.
325 1332 453 1395 ³Paullus
468 1337 538 1394 libro
553 1338 572 1392 l.
589 1339 716 1395 editionis
737 1339 872 1396 secundae
891 1339 925 1396 de
940 1317 1129 1397 iurisdictione

72 1411 163 1488 ’ξ’ἷιῂῗῡ·
173 1417 318 1479 tutelari!
350 1420 401 1489 Qui
416 1431 472 1478 tres
487 1423 615 1495 pluresue
631 1422 731 1478 liberos
747 1422 845 1478 habent
861 1426 1033 1496 superstites,
1047 1440 1129 1480 ercu-

75 1495 115 1531 ffl'·
128 1496 155 1531 ¹¹·
171 1507 224 1561 sari
246 1505 353 1576 solent,
375 1505 457 1579 idque
480 1505 655 1578 conpluribus
675 1505 916 1563 constitutionibus
939 1516 1052 1563 cauetur
1074 1516 1127 1562 tam

170 1582 323 1644 ’diuorum⁵
345 1588 424 1644 llarci
446 1597 473 1644 et
493 1588 583 1657 lucii,
607 1585 684 1662 ’qui⁶
706 1589 831 1645 Pontium
848 1590 1022 1663 llarcellum,
1046 1592 1127 1646 trium

169 1669 316 1726 liberorum
331 1679 450 1744 patrem,
471 1671 655 1728 liberauerunt
670 1672 767 1729 litteris
783 1673 816 1728 ad
830 1690 892 1730 eum
908 1676 1024 1746 emissis,
1046 1690 1126 1748 quam
1136 1686 1203 1736 [esa]

170 1755 343 1811 dominorum
360 1762 526 1812 nostrorum.
564 1755 615 1812 Sed
631 1757 675 1812 hic
690 1750 833 1813 numerus⁷
856 1759 882 1813 in
898 1758 971 1813 ltalia
987 1760 1060 1814 ciues
1075 1757 1127 1814 llo·

170 1854 263 1894 manos
285 1839 395 1896 liberat:
425 1855 497 1896 nunc
519 1854 551 1894 ex
574 1842 770 1896 constitutione
797 1833 947 1915 principum
970 1851 1127 1898 nostrorum

169 1938 219 1978 nec
234 1924 262 1978 in
277 1922 359 1990 ltalia,
379 1923 426 1979 sed
442 1923 541 1978 Romae
559 1931 661 1980 tantum
676 1924 801 1995 exemplo
817 1925 1016 1997 municipalium
1032 1942 1125 1982 mune·

169 2021 239 2062 rum.
275 2023 336 2063 nam
356 2006 448 2062 Clodio
464 2006 616 2063 Herodiano
639 2010 675 2063 ita
698 2010 880 2081 scripserunt:
904 2008 994 2065 ‘Sicut
1009 2011 1037 2066 ln
1052 2009 1126 2066 ltalia

169 2091 243 2146 ciues
259 2090 370 2146 Romani
385 2092 564 2147 consistentes
579 2107 692 2146 numero
709 2100 838 2164 quattuor
856 2091 1003 2150 liberorum
1017 2093 1125 2150 incolu·

132 2225 138 2236 ,
170 2175 252 2229 mium
269 2173 417 2230 aciuilibus
431 2167 435 2252 l
448 2175 614 2231 muneribus
629 2183 820 2244 excusantur,
837 2179 877 2232 ita
889 2175 1012 2233 eundem
1027 2192 1124 2234 nume·

170 2275 234 2314 rum
255 2261 284 2312 in
308 2261 460 2314 tutelarum
476 2265 504 2315 et
525 2274 664 2315 curarum
686 2260 922 2318 excusationibus
936 2266 1055 2318 seruari
1065 2279 1126 2333 pur

171 2348 222 2398 est.
258 2341 384 2398 Proinde
399 2345 450 2414 qui
463 2343 504 2398 ad
516 2345 632 2398 tutelam
654 2345 702 2399 uel
716 2359 817 2400 euram
839 2351 994 2417 uocantur,
1016 2346 1126 2401 Romae

170 2427 282 2498 quidem
304 2429 390 2482 trium
411 2427 566 2483 liberarum
586 2430 768 2484 incolumium
790 2443 921 2497 numero,
945 2428 981 2484 de
1002 2446 1123 2501 patarum

171 2512 255 2564 etiam
270 2516 347 2564 statu
361 2525 418 2565 non
433 2511 596 2582 ambiyitur:
617 2514 647 2566 in
661 2512 751 2569 Italia
765 2527 837 2568 uero
851 2519 997 2584 quattuor,
1012 2516 1042 2569 in
1052 2529 1122 2584 pro-

170 2595 275 2648 uinciis
290 2600 384 2648 autera
399 2595 524 2665 quinque
537 2595 645 2649 babent
660 2589 900 2651 exeusationem.⁸

330 2669 421 2738 [Deest
434 2687 500 2722 unus
514 2675 649 2736 quaternio
663 2689 684 2724 s.
699 2676 815 2740 papinus
833 2673 964 2744 sedecim}

244 2836 263 2904 ¹)
281 2840 318 2902 Of.
334 2840 366 2888 L.
381 2849 412 2890 td
430 2840 452 2900 ξ.
469 2851 500 2889 11.
517 2839 549 2890 D.
564 2840 588 2888 b.
604 2847 621 2888 t.
636 2839 668 2888 L.
683 2854 703 2890 1.
719 2843 742 2902 ξ.
758 2855 778 2893 s.
794 2842 826 2891 D.
841 2843 873 2891 de
887 2851 970 2892 uacat.
985 2841 1030 2909 (50,
1044 2842 1075 2906 t).
1090 2843 1121 2892 L.

170 2927 212 2960 un.
230 2908 563 2976 G.quinum.tut.(5‚es).
628 2907 798 2974 ²)=§.1us.
864 2909 885 2977 ⁸)
902 2913 939 2975 Os.
955 2916 978 2975 ξ.
994 2927 1040 2965 tst.
1056 2914 1087 2962 L.
1102 2926 1122 2963 1.

173 2982 198 3029 C.
214 2981 258 3044 qui
273 2997 338 3030 num.
354 2980 396 3029 lib.
412 2977 443 3050 (tt,
458 2979 502 3045 stt).
554 2977 575 3044 ⁴)
589 2979 634 3030 Sic
654 2981 712 3030 Vat.
727 2983 766 3031 ed.
782 2982 875 3032 Hotlw.
891 2984 999 3032 tutelonis
1019 2984 1045 3032 V
1048 2983 1068 3032 ⁶.
1084 2985 1122 3033 ed.

172 3050 293 3111 atomus,
309 3053 353 3115 qui
367 3052 461 3099 mauult
475 3051 592 3113 praetoris
607 3052 722 3100 tutelaris.
747 3053 854 3102 Dicitur
866 3050 1026 3104 ‘iurisdictio
1036 3056 1122 3118 pupii-

171 3117 247 3170 iaris’
274 3120 354 3172 Orelli
360 3121 480 3170 -Henzen
500 3121 584 3171 Inscr.
606 3133 668 3172 etet.
743 3121 763 3187 Ι5)
786 3123 824 3185 Cf.
847 3131 897 3173 aot.
920 3136 967 3175 1tt.
1041 3122 1062 3189 6)
1079 3123 1123 3172 Eu

170 3191 260 3240 illene.
277 3195 309 3254 ej.
325 3192 410 3254 quibus
426 3191 455 3238 V.
472 3192 529 3240 edd.
540 3191 634 3242 Hotlw.
650 3192 764 3244 Mummi.
809 3191 829 3258 ⁷)
843 3193 969 3257 Suspicor
983 3195 1026 3244 liic
1041 3194 1072 3244 ob
1084 3209 1122 3243 se·

171 3262 275 3324 quentia
293 3263 389 3310 similia
409 3261 486 3309 verba
505 3263 650 3311 eaeeidisse:
670 3277 698 3311 er
716 3263 732 3311 l.
753 3264 817 3312 iulia.
846 3264 944 3313 Buelrb.
963 3272 1055 3327 postea
1072 3279 1123 3327 pro

171 3331 256 3379 liberat
270 3333 302 3392 ej.
318 3330 442 3379 liberabat.
504 3328 525 3395 8)
540 3330 670 3394 Suppleui,
686 3333 746 3381 inde
760 3349 777 3382 a
791 3334 876 3384 uerbis
891 3331 947 3397 ‘qui
961 3335 997 3383 ud
1009 3330 1120 3384 tutelom'

171 3415 206 3448 err
220 3399 250 3447 L.
267 3412 286 3449 1.
313 3400 338 3448 O.
359 3401 415 3456 cit,
436 3414 500 3462 quae
519 3400 593 3449 babet
613 3400 841 3464 subscriptionem.-
863 3401 932 3452 ‘PR
954 3403 1019 3454 Non.
1039 3403 1121 3468 April.

174 3468 237 3517 Geta
252 3476 276 3517 et
292 3469 431 3518 Plautiano
447 3465 522 3517 roes.'
540 3468 567 3532 (i.
584 3486 604 3518 e.
620 3486 644 3519 a.
660 3483 718 3535 iot).
