2542 3909
235 248 511 287 vnu.cv1vsn.1vnnc.
528 248 713 287 consensuro.
729 232 775 286 ΙΙΙ.
793 234 908 287 1o-1v.
924 240 947 287 2.
1003 233 1065 297 843

22 390 100 438 [⁷³⁰]
201 374 244 435 10.
268 376 335 445 Quid
359 379 490 452 apertius,
506 395 584 452 quam
601 379 676 453 leges
698 395 779 453 supra
794 382 908 454 scriptae
923 380 1067 457 declarant,

112 462 189 537 quod
212 460 284 517 nulla
307 464 377 519 actio
400 478 449 535 per
470 470 675 535 procuratorem
696 465 754 519 sinc
769 464 944 521 satisdatione
966 464 1069 521 intendi

112 555 207 621 potest
230 554 277 601 aut
298 545 433 619 propouii
467 543 507 602 11.
530 544 603 620 Ergo
625 548 648 602 si
669 548 739 603 actio
754 563 809 603 non
825 547 904 603 datur
920 547 958 604 illi
973 564 1070 623 procu·

113 631 210 700 satori,
226 630 273 703 qui
288 632 353 685 satis
369 646 421 685 non
444 628 560 701 dederit,
582 630 719 703 quomodo
739 632 840 703 poterit
855 632 907 688 dici
922 640 969 687 aut
984 634 1069 690 nomi-

113 715 172 769 nari
195 713 331 783 iudicium,
352 710 398 768 ubi
418 709 635 771 'satisdationis¹
660 715 804 788 uestigium
827 713 981 772 nullatenus
997 718 1071 773 inne·
1124 710 1132 717 ’

114 797 205 853 nituri
228 795 297 863 Quid
318 794 497 852 testificantur
511 798 646 872 principes
662 814 711 872 per
726 800 935 855 constitutiones
949 801 1071 856 innume·

114 898 170 951 ras,
186 883 237 936 nisi
259 880 331 936 nulla
345 896 406 936 esse
429 880 526 936 debore
547 882 655 951 iudicia,
676 881 721 937 ubi
744 891 905 955 procurator
920 881 1072 939 satisdatio·

114 982 178 1022 nem
205 980 260 1020 non
287 962 408 1036 dederit,
428 958 529 1021 ’baud'
550 981 607 1021 reru
635 972 719 1021 ratam
742 964 878 1022 dominum
908 966 1071 1038 babituram,

114 1048 316 1105 euidentissima
339 1048 485 1120 sponsione
508 1046 638 1104 firmarit?
668 1051 794 1104 Attentos
822 1049 893 1119 audi,
909 1044 1010 1123 ’quodi
1032 1051 1072 1106 lo-

116 1135 211 1207 quitur
226 1132 269 1188 len
284 1131 378 1187 subter
393 1132 507 1187 adiecta:
525 1139 590 1188 tuno
601 1132 750 1205 intelliges,
768 1132 863 1189 cadere
878 1133 986 1202 iudicia,
1002 1150 1072 1206 quae

116 1219 176 1273 sine
192 1217 377 1290 procuratoris
392 1215 566 1270 satisdatione
583 1216 684 1272 luerint
705 1218 813 1273 omnino
829 1216 943 1289 prolata.
978 1212 1019 1274 12.
1035 1216 1072 1273 lin

116 1316 233 1372 corpore
248 1297 427 1354 Theodosiani
442 1297 487 1354 lib.
504 1292 570 1355 11.:⁴

160 1383 243 1456 lmpp.
257 1380 459 1443 Valentinianus
482 1389 510 1437 et
526 1380 622 1437 Valens
637 1383 691 1442 dd.
722 1382 869 1439 Commune
889 1385 1029 1458 negotium
1045 1391 1072 1440 et

160 1465 319 1540 quibusdam
336 1464 490 1521 absentibus
512 1469 556 1540 agi
578 1474 686 1539 potest,
701 1466 723 1521 si
739 1474 894 1539 praesentes
915 1482 972 1523 rem
987 1476 1072 1523 ratam

160 1552 297 1607 dominum
313 1549 466 1605 habiturum
481 1565 578 1606 cauere
598 1552 655 1605 sint
669 1552 764 1623 parati,
780 1550 824 1606 uel
840 1552 874 1621 sl,
895 1550 968 1623 quod
984 1548 1015 1607 ab
1030 1550 1072 1607 bis

160 1636 271 1709 petitur,
287 1632 432 1690 iudicatum
448 1633 518 1689 solui
533 1634 706 1690 satisdatione
725 1632 900 1691 firmauerint.
922 1633 974 1691 PP.
986 1634 1018 1691 ll.
1034 1634 1072 1694 ld.

160 1717 300 1774 Decembr.
316 1717 380 1774 diuo
397 1717 506 1774 louiano
523 1726 550 1772 et
566 1716 697 1773 Varronio
713 1734 784 1774 coss.

201 1794 257 1857 130
268 1800 334 1856 ltem
350 1799 445 1857 eodem
460 1800 528 1856 libro
544 1808 571 1855 et
587 1795 703 1857 titulo:⁵

160 1883 244 1955 lmpp
260 1882 411 1955 Gratianus,
419 1883 618 1940 Valentinianus
641 1892 668 1939 et
683 1883 853 1940 Theodosius
866 1884 941 1944 ΑΑΑ,
960 1882 1073 1941 Pancra-

161 1968 200 2021 tio
216 1965 257 2021 Pl.
267 1965 296 2021 P.
328 1966 356 2021 ln
379 1969 510 2041 principio
532 1969 699 2040 quaestionis
723 1976 838 2040 persona
861 1967 959 2040 inquiri
982 1967 1070 2039 debet,

161 2057 251 2104 utrum
267 2047 300 2104 ad
315 2049 449 2122 agendum
465 2053 605 2123 negotium
620 2051 744 2107 mandato
764 2059 856 2106 utatur
868 2058 988 2124 accepto.
1010 2050 1073 2118 Qut·

162 2132 212 2188 bus
235 2134 286 2187 rite
309 2139 337 2187 et
357 2132 516 2189 solemniter
540 2136 698 2191 constitutis
727 2142 819 2208 potest
842 2151 901 2190 esse
923 2137 1071 2191 sententia:

162 2216 315 2290 praeteritis
337 2224 427 2271 antem
449 2217 500 2287 bis,
524 2233 575 2274 nec
597 2217 649 2274 dici
677 2220 879 2275 controuersiae
902 2217 1001 2289 solent,
1023 2234 1074 2275 uec

161 2307 253 2373 potest
269 2314 328 2354 esse
343 2298 470 2354 iudicium
486 2309 550 2359 etc.
588 2300 645 2360 liat.
658 2301 728 2374 prid.
740 2318 805 2358 non,
819 2306 882 2375 dpr.
895 2301 943 2359 ΟΡ.
954 2303 1072 2360 Antonio

161 2393 189 2439 et
205 2382 317 2456 Syagrio
334 2397 403 2438 coss.

488 2516 701 2527 -.-

205 2641 246 2699 Ν.
261 2640 287 2699 1.
311 2641 356 2697 ‘ln
369 2641 410 2697 dei
426 2643 534 2697 nomine
556 2642 619 2714 quid
636 2644 746 2699 tractari
761 2651 807 2699 aut
819 2642 957 2700 obseruari
968 2643 1073 2719 debeat,

123 2729 229 2801 quoties
244 2734 322 2799 pacta
337 2728 408 2782 lnter
427 2733 517 2799 partes
540 2727 636 2781 emissa
652 2726 763 2798 luerint,
778 2729 800 2782 si
817 2728 990 2785 condiciones
1006 2728 1074 2785 tales

121 2814 338 2884 interponantur,
362 2825 430 2883 quae
458 2824 507 2865 nec
529 2808 647 2881 legibus,
669 2825 720 2866 nec
742 2812 838 2865 rationi
860 2804 1075 2881 conueniunti’⁶

121 2889 147 2951 2.
169 2893 238 2960 Quid
270 2910 352 2967 agere
378 2900 425 2949 aut
452 2892 567 2948 obiicere
595 2891 750 2948 aduersario
778 2891 889 2962 debeas,
913 2892 1074 2949 lectionibus

122 2975 214 3032 subter
234 2978 345 3033 annexis
367 2978 471 3051 poteris
492 2972 646 3031 euidentius
662 2974 811 3046 informari,
827 2974 899 3047 quod
923 2982 1025 3031 tantum
1041 2975 1074 3032 de

54 3070 111 3119 [til]
123 3058 207 3115 dubiis
223 3059 303 3115 rebus
318 3064 416 3133 pacisci
431 3076 588 3135 possumus:
609 3057 739 3115 derebus
755 3060 824 3115 enim
846 3060 937 3129 certls,
952 3052 1019 3115 'erc7
1034 3061 1075 3116 in·

194 3224 213 3294 ¹)
228 3227 445 3295 ExScltultinpii
460 3231 493 3291 ej.
508 3227 668 3278 accusationis
678 3226 735 3275 edd.
788 3221 930 3291 ²)autedd.
983 3222 1074 3292 ⁸)quid

122 3298 178 3347 edd.
229 3295 250 3364 ⁴)
265 3298 297 3348 L.
312 3312 332 3349 s.
356 3298 400 3347 ut.
417 3299 443 3347 0.
459 3298 491 3348 de
505 3300 599 3364 copnit.
615 3305 640 3346 et
654 3312 730 3360 proc.
746 3294 778 3360 (e,
793 3295 829 3361 ts)
845 3312 872 3359 p.
887 3308 927 3348 224
940 3296 1024 3347 Haeo.
1040 3318 1074 3339 =

121 3368 152 3418 L.
167 3380 187 3419 s.
202 3367 225 3417 I.
242 3368 267 3418 0.
283 3370 314 3419 de
328 3374 440 3419 consort.
457 3367 547 3433 (nto).
563 3384 588 3419 a.
602 3380 650 3419 364.
702 3364 722 3431 ⁶)
737 3366 769 3415 L.
784 3378 804 3417 s.
824 3366 867 3416 Tb.
885 3368 910 3417 Ο.
926 3368 980 3419 eod.
993 3383 1020 3430 p.
1036 3378 1075 3418 225

122 3438 203 3488 Haeo.
220 3441 276 3489 coll.
292 3438 324 3487 L.
339 3450 372 3488 ss.
387 3438 409 3486 J.
427 3438 453 3486 0.
468 3438 500 3487 de
510 3453 619 3501 procur.
635 3436 666 3503 (a,
682 3436 725 3504 18).
748 3453 772 3486 a.
787 3447 834 3488 ³82.
899 3434 920 3503 6)
935 3437 997 3501 Ipsa
1011 3438 1075 3488 liaeo

122 3508 196 3559 cerdo
207 3524 287 3559 nonae
297 3509 493 3559 consultationis
503 3510 631 3566 uidentur,
642 3524 707 3573 quae
717 3507 795 3558 ICtus
805 3522 927 3573 responso
937 3522 983 3557 suo
994 3522 1074 3571 proe-

122 3580 194 3633 misit.
223 3580 286 3629 Ideo
300 3578 513 3643 interropats'onis
526 3581 627 3643 ciprum
637 3581 724 3642 posui.
778 3575 797 3645 ⁷)
814 3586 837 3627 ct
851 3579 908 3629 edd.
