<?xml version="1.0" encoding="UTF-8"?>
<!DOCTYPE html PUBLIC "-//W3C//DTD XHTML 1.0 Transitional//EN"
    "http://www.w3.org/TR/xhtml1/DTD/xhtml1-transitional.dtd">
<html xmlns="http://www.w3.org/1999/xhtml" xml:lang="en" lang="en">
 <head>
  <title>
</title>
<meta http-equiv="Content-Type" content="text/html;charset=utf-8" />
  <meta name='ocr-system' content='tesseract 3.04.00' />
  <meta name='ocr-capabilities' content='ocr_page ocr_carea ocr_par ocr_line ocrx_word'/>
</head>
<body>
  <div class='ocr_page' id='page_1' title='image "./iurisprudentiae01huscgoog_0592.png"; bbox 0 0 2542 3909; ppageno 0'>
   <div class='ocr_carea' id='block_1_1' title="bbox 1243 831 1258 954">
    <p class='ocr_par' dir='ltr' id='par_1_1' title="bbox 1243 831 1259 954">
     <span class='ocr_line' id='line_1_1' title="bbox 1243 831 1258 954; baseline 0 -1"><span class='ocrx_word' id='word_1_1' title='bbox 1243 831 1258 954; x_wconf 82' lang='lat' dir='ltr'><strong>i</strong></span> 
     </span>
    </p>
   </div>
   <div class='ocr_carea' id='block_1_2' title="bbox 71 972 1208 2037">
    <p class='ocr_par' dir='ltr' id='par_1_2' title="bbox 238 972 1208 1049">
     <span class='ocr_line' id='line_1_2' title="bbox 238 972 1208 1049; baseline 0 -16"><span class='ocrx_word' id='word_1_2' title='bbox 238 973 263 1034; x_wconf 90' lang='lat'><strong>1.</strong></span> <span class='ocrx_word' id='word_1_3' title='bbox 287 972 436 1049; x_wconf 86' lang='lat' dir='ltr'><strong>(Perfecta</strong></span> <span class='ocrx_word' id='word_1_4' title='bbox 458 976 509 1030; x_wconf 79' lang='lat' dir='ltr'><strong>len</strong></span> <span class='ocrx_word' id='word_1_5' title='bbox 532 981 589 1044; x_wconf 84' lang='lat' dir='ltr'><strong>est,</strong></span> <span class='ocrx_word' id='word_1_6' title='bbox 618 988 693 1047; x_wconf 83' lang='lat' dir='ltr'><strong>quae</strong></span> <span class='ocrx_word' id='word_1_7' title='bbox 721 980 801 1031; x_wconf 89' lang='lat' dir='ltr'><strong>uetat</strong></span> <span class='ocrx_word' id='word_1_8' title='bbox 823 975 1034 1047; x_wconf 63' lang='lat' dir='ltr'><strong>aliquempiam,</strong></span> <span class='ocrx_word' id='word_1_9' title='bbox 1058 981 1086 1031; x_wconf 93' lang='lat' dir='ltr'><strong>et</strong></span> <span class='ocrx_word' id='word_1_10' title='bbox 1110 979 1137 1033; x_wconf 88' lang='lat' dir='ltr'><strong>si</strong></span> <span class='ocrx_word' id='word_1_11' title='bbox 1145 986 1208 1035; x_wconf 67' lang='lat' dir='ltr'><strong>[tta]</strong></span> 
     </span>
    </p>

    <p class='ocr_par' dir='ltr' id='par_1_3' title="bbox 120 1057 1135 1137">
     <span class='ocr_line' id='line_1_3' title="bbox 120 1057 1135 1137; baseline -0.002 -19"><span class='ocrx_word' id='word_1_12' title='bbox 120 1058 124 1061; x_wconf 74' lang='grc'><strong>’</strong></span> <span class='ocrx_word' id='word_1_13' title='bbox 173 1060 288 1134; x_wconf 85' lang='lat' dir='ltr'><strong>facturn</strong></span> <span class='ocrx_word' id='word_1_14' title='bbox 309 1063 356 1130; x_wconf 85' lang='lat' dir='ltr'><strong>sit,</strong></span> <span class='ocrx_word' id='word_1_15' title='bbox 372 1059 524 1128; x_wconf 78' lang='lat' dir='ltr'><strong><em>rescindit,</em></strong></span> <span class='ocrx_word' id='word_1_16' title='bbox 541 1059 635 1137; x_wconf 76' lang='lat' dir='ltr'><strong>picatis</strong></span> <span class='ocrx_word' id='word_1_17' title='bbox 651 1060 758 1115; x_wconf 81' lang='lat' dir='ltr'><strong>estlear</strong></span> <span class='ocrx_word' id='word_1_18' title='bbox 774 1098 867 1117; x_wconf 89' lang='grc'><strong>.....</strong></span> <span class='ocrx_word' id='word_1_19' title='bbox 883 1057 1065 1129; x_wconf 85' lang='lat' dir='ltr'><strong>Inperfecta</strong></span> <span class='ocrx_word' id='word_1_20' title='bbox 1081 1059 1135 1116; x_wconf 81' lang='lat' dir='ltr'><strong>teu</strong></span> 
     </span>
    </p>

    <p class='ocr_par' dir='ltr' id='par_1_4' title="bbox 176 1142 1133 1218">
     <span class='ocr_line' id='line_1_4' title="bbox 176 1142 1133 1218; baseline -0.002 -17"><span class='ocrx_word' id='word_1_21' title='bbox 176 1152 228 1217; x_wconf 87' lang='lat' dir='ltr'><strong>est,</strong></span> <span class='ocrx_word' id='word_1_22' title='bbox 244 1160 320 1218; x_wconf 82' lang='lat' dir='ltr'><strong>quae</strong></span> <span class='ocrx_word' id='word_1_23' title='bbox 334 1149 413 1199; x_wconf 88' lang='lat' dir='ltr'><strong>uetat</strong></span> <span class='ocrx_word' id='word_1_24' title='bbox 428 1142 538 1215; x_wconf 81' lang='lat' dir='ltr'><strong>aliquid</strong></span> <span class='ocrx_word' id='word_1_25' title='bbox 550 1144 627 1214; x_wconf 77' lang='lat' dir='ltr'><strong>fieri,</strong></span> <span class='ocrx_word' id='word_1_26' title='bbox 644 1149 671 1199; x_wconf 87' lang='lat' dir='ltr'><strong>et</strong></span> <span class='ocrx_word' id='word_1_27' title='bbox 685 1145 711 1199; x_wconf 88' lang='lat' dir='ltr'><strong>si</strong></span> <span class='ocrx_word' id='word_1_28' title='bbox 721 1142 836 1213; x_wconf 85' lang='lat' dir='ltr'><strong>factum</strong></span> <span class='ocrx_word' id='word_1_29' title='bbox 851 1146 897 1213; x_wconf 85' lang='lat' dir='ltr'><strong>sit,</strong></span> <span class='ocrx_word' id='word_1_30' title='bbox 912 1158 967 1199; x_wconf 89' lang='lat' dir='ltr'><strong>nee</strong></span> <span class='ocrx_word' id='word_1_31' title='bbox 982 1144 1133 1215; x_wconf 80' lang='lat' dir='ltr'><strong><em>rescindit,</em></strong></span> 
     </span>
    </p>

    <p class='ocr_par' dir='ltr' id='par_1_5' title="bbox 71 1226 1136 1383">
     <span class='ocr_line' id='line_1_5' title="bbox 175 1226 1136 1300; baseline -0.002 -15"><span class='ocrx_word' id='word_1_32' title='bbox 175 1243 230 1285; x_wconf 87' lang='lat' dir='ltr'><strong>neo</strong></span> <span class='ocrx_word' id='word_1_33' title='bbox 244 1243 372 1300; x_wconf 84' lang='lat' dir='ltr'><strong>poenam</strong></span> <span class='ocrx_word' id='word_1_34' title='bbox 385 1230 507 1300; x_wconf 81' lang='lat' dir='ltr'><strong>iniunpit</strong></span> <span class='ocrx_word' id='word_1_35' title='bbox 522 1230 561 1296; x_wconf 89' lang='lat' dir='ltr'><strong>ei,</strong></span> <span class='ocrx_word' id='word_1_36' title='bbox 584 1230 635 1299; x_wconf 84' lang='lat' dir='ltr'><strong>qui</strong></span> <span class='ocrx_word' id='word_1_37' title='bbox 650 1233 752 1282; x_wconf 90' lang='lat' dir='ltr'><strong>contra</strong></span> <span class='ocrx_word' id='word_1_38' title='bbox 766 1228 856 1299; x_wconf 73' lang='lat' dir='ltr'><strong>iepem</strong></span> <span class='ocrx_word' id='word_1_39' title='bbox 868 1226 956 1297; x_wconf 84' lang='lat' dir='ltr'><strong>fecit,</strong></span> <span class='ocrx_word' id='word_1_40' title='bbox 977 1228 1073 1299; x_wconf 81' lang='lat' dir='ltr'><strong>quatis</strong></span> <span class='ocrx_word' id='word_1_41' title='bbox 1088 1236 1136 1283; x_wconf 87' lang='lat' dir='ltr'><strong>est</strong></span> 
     </span>
     <span class='ocr_line' id='line_1_6' title="bbox 71 1305 1135 1383; baseline 0 -18"><span class='ocrx_word' id='word_1_42' title='bbox 71 1316 226 1371; x_wconf 72' lang='lat' dir='ltr'><strong>telonicae</strong></span> <span class='ocrx_word' id='word_1_43' title='bbox 252 1313 368 1382; x_wconf 80' lang='lat' dir='ltr'><strong>Cincin,</strong></span> <span class='ocrx_word' id='word_1_44' title='bbox 394 1325 469 1383; x_wconf 83' lang='lat' dir='ltr'><strong>quae</strong></span> <span class='ocrx_word' id='word_1_45' title='bbox 492 1312 559 1381; x_wconf 85' lang='lat' dir='ltr'><strong>pius</strong></span> <span class='ocrx_word' id='word_1_46' title='bbox 581 1328 667 1383; x_wconf 83' lang='lat' dir='ltr'><strong>quam</strong></span> <span class='ocrx_word' id='word_1_47' title='bbox 689 1310 744 1366; x_wconf 88' lang='lat' dir='ltr'><strong>duo</strong></span> <span class='ocrx_word' id='word_1_48' title='bbox 767 1313 844 1367; x_wconf 87' lang='lat' dir='ltr'><strong>mitia</strong></span> <span class='ocrx_word' id='word_1_49' title='bbox 867 1314 975 1366; x_wconf 90' lang='lat' dir='ltr'><strong>assium</strong></span> <span class='ocrx_word' id='word_1_50' title='bbox 997 1305 1135 1383; x_wconf 85' lang='lat' dir='ltr'><strong>donari)¹</strong></span> 
     </span>
    </p>

    <p class='ocr_par' dir='ltr' id='par_1_6' title="bbox 78 1386 1134 1552">
     <span class='ocr_line' id='line_1_7' title="bbox 78 1386 1134 1487; baseline -0.002 -36"><span class='ocrx_word' id='word_1_51' title='bbox 78 1396 100 1423; x_wconf 62' lang='lat' dir='ltr'>V</span> <span class='ocrx_word' id='word_1_52' title='bbox 104 1386 318 1487; x_wconf 73' lang='lat' dir='ltr'><strong>²³·prouibor,</strong></span> <span class='ocrx_word' id='word_1_53' title='bbox 340 1394 468 1467; x_wconf 71' lang='lat' dir='ltr'><strong>’exceptis</strong></span> <span class='ocrx_word' id='word_1_54' title='bbox 484 1388 660 1465; x_wconf 83' lang='lat' dir='ltr'><strong>(personis)²</strong></span> <span class='ocrx_word' id='word_1_55' title='bbox 682 1393 839 1466; x_wconf 86' lang='lat' dir='ltr'><strong>quibusdam</strong></span> <span class='ocrx_word' id='word_1_56' title='bbox 862 1387 980 1469; x_wconf 81' lang='lat' dir='ltr'><strong>(uelut)²</strong></span> <span class='ocrx_word' id='word_1_57' title='bbox 996 1396 1134 1469; x_wconf 82' lang='lat' dir='ltr'><strong>cognatis,</strong></span> 
     </span>
     <span class='ocr_line' id='line_1_8' title="bbox 178 1475 1135 1552; baseline -0.003 -16.945"><span class='ocrx_word' id='word_1_58' title='bbox 178 1482 243 1536; x_wconf 78' lang='lat' dir='ltr'><strong>tsi</strong></span> <span class='ocrx_word' id='word_1_59' title='bbox 258 1480 318 1552; x_wconf 86' lang='lat' dir='ltr'><strong>pius</strong></span> <span class='ocrx_word' id='word_1_60' title='bbox 334 1478 461 1533; x_wconf 82' lang='lat' dir='ltr'><strong>donatum</strong></span> <span class='ocrx_word' id='word_1_61' title='bbox 477 1478 522 1547; x_wconf 83' lang='lat' dir='ltr'><strong>sut</strong></span> <span class='ocrx_word' id='word_1_62' title='bbox 544 1493 598 1533; x_wconf 89' lang='lat' dir='ltr'><strong>uon</strong></span> <span class='ocrx_word' id='word_1_63' title='bbox 621 1477 760 1533; x_wconf 78' lang='lat' dir='ltr'><strong>rescindit.</strong></span> <span class='ocrx_word' id='word_1_64' title='bbox 805 1475 835 1534; x_wconf 79' lang='lat'><strong>2.</strong></span> <span class='ocrx_word' id='word_1_65' title='bbox 859 1477 946 1533; x_wconf 85' lang='lat' dir='ltr'><strong>Minus</strong></span> <span class='ocrx_word' id='word_1_66' title='bbox 970 1494 1048 1549; x_wconf 85' lang='lat' dir='ltr'><strong>quam</strong></span> <span class='ocrx_word' id='word_1_67' title='bbox 1071 1494 1135 1551; x_wconf 88' lang='lat' dir='ltr'><strong>per·</strong></span> 
     </span>
    </p>

    <p class='ocr_par' dir='ltr' id='par_1_7' title="bbox 177 1559 1134 1633">
     <span class='ocr_line' id='line_1_9' title="bbox 177 1559 1134 1633; baseline -0.002 -14"><span class='ocrx_word' id='word_1_68' title='bbox 177 1563 379 1631; x_wconf 72' lang='lat' dir='ltr'><strong>recisionem,</strong></span> <span class='ocrx_word' id='word_1_69' title='bbox 402 1561 674 1633; x_wconf 84' lang='lat' dir='ltr'><strong>quaeuetataliquid</strong></span> <span class='ocrx_word' id='word_1_70' title='bbox 691 1559 764 1631; x_wconf 82' lang='lat' dir='ltr'><strong>fieri,</strong></span> <span class='ocrx_word' id='word_1_71' title='bbox 786 1570 813 1616; x_wconf 88' lang='lat' dir='ltr'><strong>et</strong></span> <span class='ocrx_word' id='word_1_72' title='bbox 834 1563 858 1617; x_wconf 91' lang='lat' dir='ltr'><strong>si</strong></span> <span class='ocrx_word' id='word_1_73' title='bbox 878 1562 978 1617; x_wconf 82' lang='lat' dir='ltr'><strong>suctum</strong></span> <span class='ocrx_word' id='word_1_74' title='bbox 1001 1562 1051 1632; x_wconf 87' lang='lat' dir='ltr'><strong>sit,</strong></span> <span class='ocrx_word' id='word_1_75' title='bbox 1075 1578 1134 1617; x_wconf 89' lang='lat' dir='ltr'><strong>nou</strong></span> 
     </span>
    </p>

    <p class='ocr_par' dir='ltr' id='par_1_8' title="bbox 178 1604 1134 1719">
     <span class='ocr_line' id='line_1_10' title="bbox 178 1604 1134 1719; baseline -0.001 -18"><span class='ocrx_word' id='word_1_76' title='bbox 178 1645 317 1716; x_wconf 80' lang='lat' dir='ltr'>rescindit,</span> <span class='ocrx_word' id='word_1_77' title='bbox 332 1604 379 1699; x_wconf 85' lang='lat' dir='ltr'><strong>sed</strong></span> <span class='ocrx_word' id='word_1_78' title='bbox 395 1660 507 1716; x_wconf 86' lang='lat' dir='ltr'><strong>poenum</strong></span> <span class='ocrx_word' id='word_1_79' title='bbox 523 1644 641 1717; x_wconf 86' lang='lat' dir='ltr'><strong>iniungit</strong></span> <span class='ocrx_word' id='word_1_80' title='bbox 657 1647 690 1717; x_wconf 86' lang='lat' dir='ltr'><strong>ci,</strong></span> <span class='ocrx_word' id='word_1_81' title='bbox 707 1645 752 1718; x_wconf 91' lang='lat' dir='ltr'><strong>qui</strong></span> <span class='ocrx_word' id='word_1_82' title='bbox 765 1655 858 1701; x_wconf 83' lang='lat' dir='ltr'><strong>contro</strong></span> <span class='ocrx_word' id='word_1_83' title='bbox 869 1646 957 1719; x_wconf 85' lang='lat' dir='ltr'><strong>legem</strong></span> <span class='ocrx_word' id='word_1_84' title='bbox 970 1646 1047 1709; x_wconf 62' lang='lat' dir='ltr'><strong>isnin</strong></span> <span class='ocrx_word' id='word_1_85' title='bbox 1064 1661 1134 1717; x_wconf 82' lang='lat' dir='ltr'><strong>qua·</strong></span> 
     </span>
    </p>

    <p class='ocr_par' dir='ltr' id='par_1_9' title="bbox 176 1726 1136 1802">
     <span class='ocr_line' id='line_1_11' title="bbox 176 1726 1136 1802; baseline 0.001 -18"><span class='ocrx_word' id='word_1_86' title='bbox 176 1729 209 1785; x_wconf 86' lang='lat' dir='ltr'><strong>lis</strong></span> <span class='ocrx_word' id='word_1_87' title='bbox 232 1737 275 1784; x_wconf 89' lang='lat' dir='ltr'><strong>est</strong></span> <span class='ocrx_word' id='word_1_88' title='bbox 293 1728 337 1784; x_wconf 78' lang='lat' dir='ltr'><strong>lea</strong></span> <span class='ocrx_word' id='word_1_89' title='bbox 352 1726 432 1783; x_wconf 78' lang='lat' dir='ltr'><strong>Furia</strong></span> <span class='ocrx_word' id='word_1_90' title='bbox 454 1730 669 1798; x_wconf 81' lang='lat' dir='ltr'><strong>testamentoria,</strong></span> <span class='ocrx_word' id='word_1_91' title='bbox 692 1746 760 1800; x_wconf 85' lang='lat' dir='ltr'><strong>quae</strong></span> <span class='ocrx_word' id='word_1_92' title='bbox 781 1728 842 1801; x_wconf 87' lang='lat' dir='ltr'><strong>plus</strong></span> <span class='ocrx_word' id='word_1_93' title='bbox 866 1746 944 1802; x_wconf 86' lang='lat' dir='ltr'><strong>quum</strong></span> <span class='ocrx_word' id='word_1_94' title='bbox 966 1728 1028 1783; x_wconf 85' lang='lat' dir='ltr'><strong>mile</strong></span> <span class='ocrx_word' id='word_1_95' title='bbox 1043 1728 1136 1785; x_wconf 81' lang='lat' dir='ltr'><strong>’asses</strong></span> 
     </span>
    </p>

    <p class='ocr_par' dir='ltr' id='par_1_10' title="bbox 176 1805 1134 1887">
     <span class='ocr_line' id='line_1_12' title="bbox 176 1805 1134 1887; baseline -0.003 -17"><span class='ocrx_word' id='word_1_96' title='bbox 176 1813 261 1887; x_wconf 78' lang='lat' dir='ltr'><strong>legati</strong></span> <span class='ocrx_word' id='word_1_97' title='bbox 271 1805 398 1868; x_wconf 74' lang='lat' dir='ltr'><strong>nomiue³</strong></span> <span class='ocrx_word' id='word_1_98' title='bbox 409 1814 541 1867; x_wconf 88' lang='lat' dir='ltr'><strong>mortisue</strong></span> <span class='ocrx_word' id='word_1_99' title='bbox 552 1828 631 1868; x_wconf 81' lang='lat' dir='ltr'><strong>causa</strong></span> <span class='ocrx_word' id='word_1_100' title='bbox 642 1812 769 1885; x_wconf 87' lang='lat' dir='ltr'><strong>prohibet</strong></span> <span class='ocrx_word' id='word_1_101' title='bbox 780 1828 875 1884; x_wconf 78' lang='lat' dir='ltr'><strong>capere</strong></span> <span class='ocrx_word' id='word_1_102' title='bbox 888 1821 994 1885; x_wconf 81' lang='lat' dir='ltr'><strong>praeter</strong></span> <span class='ocrx_word' id='word_1_103' title='bbox 1005 1821 1134 1886; x_wconf 84' lang='lat' dir='ltr'><strong>exceptos</strong></span> 
     </span>
    </p>

    <p class='ocr_par' dir='ltr' id='par_1_11' title="bbox 177 1896 1135 1972">
     <span class='ocr_line' id='line_1_13' title="bbox 177 1896 1135 1972; baseline -0.001 -19"><span class='ocrx_word' id='word_1_104' title='bbox 177 1913 316 1972; x_wconf 81' lang='lat' dir='ltr'>personas,</span> <span class='ocrx_word' id='word_1_105' title='bbox 332 1905 360 1952; x_wconf 89' lang='lat' dir='ltr'><strong>et</strong></span> <span class='ocrx_word' id='word_1_106' title='bbox 374 1897 503 1952; x_wconf 84' lang='lat' dir='ltr'><strong>aduersus</strong></span> <span class='ocrx_word' id='word_1_107' title='bbox 519 1912 591 1967; x_wconf 81' lang='lat' dir='ltr'><strong>eum,</strong></span> <span class='ocrx_word' id='word_1_108' title='bbox 607 1898 653 1969; x_wconf 92' lang='lat' dir='ltr'><strong>qui</strong></span> <span class='ocrx_word' id='word_1_109' title='bbox 665 1896 726 1969; x_wconf 88' lang='lat' dir='ltr'><strong>plus</strong></span> <span class='ocrx_word' id='word_1_110' title='bbox 739 1898 851 1969; x_wconf 82' lang='lat' dir='ltr'><strong>ceperit,</strong></span> <span class='ocrx_word' id='word_1_111' title='bbox 863 1896 1005 1971; x_wconf 84' lang='lat' dir='ltr'><strong>quadrupli</strong></span> <span class='ocrx_word' id='word_1_112' title='bbox 1015 1912 1135 1969; x_wconf 84' lang='lat' dir='ltr'><strong>poeuom</strong></span> 
     </span>
    </p>

    <p class='ocr_par' dir='ltr' id='par_1_12' title="bbox 177 1983 327 2037">
     <span class='ocr_line' id='line_1_14' title="bbox 177 1983 327 2037; baseline 0 0"><span class='ocrx_word' id='word_1_113' title='bbox 177 1983 327 2037; x_wconf 87' lang='lat' dir='ltr'><strong>constituit.</strong></span> 
     </span>
    </p>
   </div>
   <div class='ocr_carea' id='block_1_3' title="bbox 145 2146 1135 3615">
    <p class='ocr_par' dir='ltr' id='par_1_13' title="bbox 145 2146 1135 3615">
     <span class='ocr_line' id='line_1_15' title="bbox 249 2146 1133 2215; baseline -0.002 -16"><span class='ocrx_word' id='word_1_114' title='bbox 249 2146 270 2215; x_wconf 88' lang='lat'><strong>¹)</strong></span> <span class='ocrx_word' id='word_1_115' title='bbox 279 2148 325 2199; x_wconf 85' lang='lat' dir='ltr'><strong>Sia</strong></span> <span class='ocrx_word' id='word_1_116' title='bbox 331 2150 391 2213; x_wconf 80' lang='lat' dir='ltr'><strong>fere</strong></span> <span class='ocrx_word' id='word_1_117' title='bbox 396 2148 583 2212; x_wconf 83' lang='lat' dir='ltr'><strong>praeeuntibus</strong></span> <span class='ocrx_word' id='word_1_118' title='bbox 594 2148 701 2198; x_wconf 84' lang='lat' dir='ltr'><strong>Cuiacio</strong></span> <span class='ocrx_word' id='word_1_119' title='bbox 710 2156 733 2197; x_wconf 92' lang='lat' dir='ltr'><strong>et</strong></span> <span class='ocrx_word' id='word_1_120' title='bbox 741 2146 896 2212; x_wconf 76' lang='lat' dir='ltr'><strong>Sciiiiinpio</strong></span> <span class='ocrx_word' id='word_1_121' title='bbox 906 2163 1020 2197; x_wconf 89' lang='lat' dir='ltr'><strong>mancam</strong></span> <span class='ocrx_word' id='word_1_122' title='bbox 1029 2154 1133 2197; x_wconf 88' lang='lat' dir='ltr'><strong>senten·</strong></span> 
     </span>
     <span class='ocr_line' id='line_1_16' title="bbox 177 2217 1132 2283; baseline -0.001 -14"><span class='ocrx_word' id='word_1_123' title='bbox 177 2222 238 2269; x_wconf 70' lang='lat' dir='ltr'><strong>dam</strong></span> <span class='ocrx_word' id='word_1_124' title='bbox 251 2221 435 2270; x_wconf 77' lang='lat' dir='ltr'><strong>restituendam</strong></span> <span class='ocrx_word' id='word_1_125' title='bbox 449 2220 546 2269; x_wconf 85' lang='lat' dir='ltr'><strong>censui.</strong></span> <span class='ocrx_word' id='word_1_126' title='bbox 573 2218 613 2267; x_wconf 85' lang='lat' dir='ltr'><strong>De</strong></span> <span class='ocrx_word' id='word_1_127' title='bbox 626 2234 656 2268; x_wconf 89' lang='lat' dir='ltr'><strong>re</strong></span> <span class='ocrx_word' id='word_1_128' title='bbox 670 2218 705 2281; x_wconf 79' lang='lat' dir='ltr'><strong>af.</strong></span> <span class='ocrx_word' id='word_1_129' title='bbox 720 2218 752 2266; x_wconf 87' lang='lat' dir='ltr'><strong>L.</strong></span> <span class='ocrx_word' id='word_1_130' title='bbox 767 2229 834 2281; x_wconf 73' lang='lat' dir='ltr'><strong>apr.</strong></span> <span class='ocrx_word' id='word_1_131' title='bbox 855 2218 880 2269; x_wconf 82' lang='lat'><strong>0.</strong></span> <span class='ocrx_word' id='word_1_132' title='bbox 895 2219 927 2267; x_wconf 85' lang='lat' dir='ltr'><strong>de</strong></span> <span class='ocrx_word' id='word_1_133' title='bbox 941 2218 1015 2282; x_wconf 75' lang='lat' dir='ltr'><strong>sepit.</strong></span> <span class='ocrx_word' id='word_1_134' title='bbox 1033 2217 1068 2283; x_wconf 90' lang='lat'><strong>(1,</strong></span> <span class='ocrx_word' id='word_1_135' title='bbox 1083 2218 1132 2283; x_wconf 76' lang='lat'>14).</span> 
     </span>
     <span class='ocr_line' id='line_1_17' title="bbox 177 2288 1131 2354; baseline -0.003 -14"><span class='ocrx_word' id='word_1_136' title='bbox 177 2290 294 2340; x_wconf 82' lang='lat' dir='ltr'><strong>Macrod.</strong></span> <span class='ocrx_word' id='word_1_137' title='bbox 308 2289 394 2341; x_wconf 85' lang='lat' dir='ltr'><strong>Somn.</strong></span> <span class='ocrx_word' id='word_1_138' title='bbox 408 2289 479 2352; x_wconf 85' lang='lat' dir='ltr'><strong>Soip.</strong></span> <span class='ocrx_word' id='word_1_139' title='bbox 494 2301 515 2347; x_wconf 82' lang='lat' dir='ltr'><strong>tt,</strong></span> <span class='ocrx_word' id='word_1_140' title='bbox 530 2301 563 2339; x_wconf 75' lang='lat'><strong>1⁷.</strong></span> <span class='ocrx_word' id='word_1_141' title='bbox 591 2289 631 2338; x_wconf 85' lang='lat' dir='ltr'><strong>De</strong></span> <span class='ocrx_word' id='word_1_142' title='bbox 645 2291 699 2354; x_wconf 75' lang='lat' dir='ltr'><strong>tepe</strong></span> <span class='ocrx_word' id='word_1_143' title='bbox 716 2289 805 2338; x_wconf 84' lang='lat' dir='ltr'><strong>Cincin</strong></span> <span class='ocrx_word' id='word_1_144' title='bbox 820 2289 922 2353; x_wconf 73' lang='lat' dir='ltr'><strong>drapm.</strong></span> <span class='ocrx_word' id='word_1_145' title='bbox 943 2288 1001 2340; x_wconf 83' lang='lat' dir='ltr'><strong>Vat.</strong></span> <span class='ocrx_word' id='word_1_146' title='bbox 1011 2300 1050 2339; x_wconf 73' lang='lat' dir='ltr'><strong>nos</strong></span> <span class='ocrx_word' id='word_1_147' title='bbox 1059 2302 1131 2353; x_wconf 84' lang='lat' dir='ltr'><strong>seqq.</strong></span> 
     </span>
     <span class='ocr_line' id='line_1_18' title="bbox 175 2357 1132 2424; baseline -0.003 -14"><span class='ocrx_word' id='word_1_148' title='bbox 175 2360 301 2410; x_wconf 86' lang='lat' dir='ltr'><strong>Summam</strong></span> <span class='ocrx_word' id='word_1_149' title='bbox 315 2363 371 2409; x_wconf 87' lang='lat' dir='ltr'><strong>eius</strong></span> <span class='ocrx_word' id='word_1_150' title='bbox 385 2362 449 2424; x_wconf 79' lang='lat' dir='ltr'><strong>lepis</strong></span> <span class='ocrx_word' id='word_1_151' title='bbox 462 2360 512 2409; x_wconf 83' lang='lat' dir='ltr'><strong>irae</strong></span> <span class='ocrx_word' id='word_1_152' title='bbox 526 2371 546 2410; x_wconf 86' lang='lat' dir='ltr'><strong>s.</strong></span> <span class='ocrx_word' id='word_1_153' title='bbox 562 2360 601 2408; x_wconf 86' lang='lat' dir='ltr'><strong>ed.</strong></span> <span class='ocrx_word' id='word_1_154' title='bbox 616 2360 717 2414; x_wconf 86' lang='lat' dir='ltr'><strong>addidi.</strong></span> <span class='ocrx_word' id='word_1_155' title='bbox 733 2362 873 2409; x_wconf 84' lang='lat' dir='ltr'><strong>coniectum</strong></span> <span class='ocrx_word' id='word_1_156' title='bbox 887 2374 921 2407; x_wconf 77' lang='lat' dir='ltr'><strong>ea</strong></span> <span class='ocrx_word' id='word_1_157' title='bbox 935 2358 1021 2408; x_wconf 82' lang='lat' dir='ltr'><strong>Scdol.</strong></span> <span class='ocrx_word' id='word_1_158' title='bbox 1031 2357 1132 2422; x_wconf 81' lang='lat' dir='ltr'><strong>quen,</strong></span> 
     </span>
     <span class='ocr_line' id='line_1_19' title="bbox 176 2429 1133 2495; baseline -0.001 -15"><span class='ocrx_word' id='word_1_159' title='bbox 176 2433 221 2495; x_wconf 83' lang='lat' dir='ltr'><strong>qui</strong></span> <span class='ocrx_word' id='word_1_160' title='bbox 235 2431 271 2479; x_wconf 86' lang='lat' dir='ltr'><strong>ad</strong></span> <span class='ocrx_word' id='word_1_161' title='bbox 283 2441 303 2488; x_wconf 81' lang='lat' dir='ltr'><strong>t,</strong></span> <span class='ocrx_word' id='word_1_162' title='bbox 314 2442 352 2481; x_wconf 77' lang='lat' dir='ltr'><strong>tte</strong></span> <span class='ocrx_word' id='word_1_163' title='bbox 361 2446 413 2494; x_wconf 83' lang='lat' dir='ltr'><strong>seq.</strong></span> <span class='ocrx_word' id='word_1_164' title='bbox 428 2436 578 2491; x_wconf 89' lang='lat' dir='ltr'><strong>auctorest,</strong></span> <span class='ocrx_word' id='word_1_165' title='bbox 593 2445 640 2479; x_wconf 91' lang='lat' dir='ltr'><strong>neo</strong></span> <span class='ocrx_word' id='word_1_166' title='bbox 654 2430 823 2479; x_wconf 76' lang='lat' dir='ltr'><strong>histrionibus</strong></span> <span class='ocrx_word' id='word_1_167' title='bbox 837 2432 864 2479; x_wconf 90' lang='lat' dir='ltr'><strong>in</strong></span> <span class='ocrx_word' id='word_1_168' title='bbox 878 2430 979 2479; x_wconf 81' lang='lat' dir='ltr'><strong>tdeotro</strong></span> <span class='ocrx_word' id='word_1_169' title='bbox 989 2429 1133 2479; x_wconf 83' lang='lat' dir='ltr'><strong>uictoribus</strong></span> 
     </span>
     <span class='ocr_line' id='line_1_20' title="bbox 178 2500 1132 2565; baseline 0 -16"><span class='ocrx_word' id='word_1_170' title='bbox 178 2502 288 2562; x_wconf 81' lang='lat' dir='ltr'><strong>amplius</strong></span> <span class='ocrx_word' id='word_1_171' title='bbox 302 2501 413 2563; x_wconf 86' lang='lat' dir='ltr'><strong>quinque</strong></span> <span class='ocrx_word' id='word_1_172' title='bbox 426 2514 528 2556; x_wconf 88' lang='lat' dir='ltr'><strong>aureos,</strong></span> <span class='ocrx_word' id='word_1_173' title='bbox 543 2501 588 2563; x_wconf 86' lang='lat' dir='ltr'><strong>qui</strong></span> <span class='ocrx_word' id='word_1_174' title='bbox 601 2502 687 2549; x_wconf 87' lang='lat' dir='ltr'><strong>ualent</strong></span> <span class='ocrx_word' id='word_1_175' title='bbox 700 2502 853 2565; x_wconf 66' lang='lat' dir='ltr'><strong>quingentos</strong></span> <span class='ocrx_word' id='word_1_176' title='bbox 865 2502 997 2549; x_wconf 86' lang='lat' dir='ltr'><strong>sestertios</strong></span> <span class='ocrx_word' id='word_1_177' title='bbox 1010 2501 1064 2549; x_wconf 89' lang='lat' dir='ltr'><strong>siue</strong></span> <span class='ocrx_word' id='word_1_178' title='bbox 1077 2500 1132 2549; x_wconf 90' lang='lat' dir='ltr'><strong>duo</strong></span> 
     </span>
     <span class='ocr_line' id='line_1_21' title="bbox 177 2569 1130 2632; baseline -0.001 -14"><span class='ocrx_word' id='word_1_179' title='bbox 177 2572 249 2618; x_wconf 88' lang='lat' dir='ltr'><strong>mitia</strong></span> <span class='ocrx_word' id='word_1_180' title='bbox 262 2571 367 2627; x_wconf 88' lang='lat' dir='ltr'><strong>ossium,</strong></span> <span class='ocrx_word' id='word_1_181' title='bbox 377 2571 441 2619; x_wconf 87' lang='lat' dir='ltr'><strong>dare</strong></span> <span class='ocrx_word' id='word_1_182' title='bbox 451 2571 562 2618; x_wconf 83' lang='lat' dir='ltr'><strong>licuisse.</strong></span> <span class='ocrx_word' id='word_1_183' title='bbox 589 2569 703 2618; x_wconf 82' lang='lat' dir='ltr'><strong>Ceterum</strong></span> <span class='ocrx_word' id='word_1_184' title='bbox 718 2569 841 2632; x_wconf 80' lang='lat' dir='ltr'><strong>Ulpianus</strong></span> <span class='ocrx_word' id='word_1_185' title='bbox 851 2584 907 2619; x_wconf 88' lang='lat' dir='ltr'><strong>cum</strong></span> <span class='ocrx_word' id='word_1_186' title='bbox 917 2572 959 2619; x_wconf 91' lang='lat' dir='ltr'><strong>ius</strong></span> <span class='ocrx_word' id='word_1_187' title='bbox 969 2570 1044 2619; x_wconf 84' lang='lat' dir='ltr'><strong>civite</strong></span> <span class='ocrx_word' id='word_1_188' title='bbox 1053 2572 1130 2619; x_wconf 84' lang='lat' dir='ltr'><strong>etiarn</strong></span> 
     </span>
     <span class='ocr_line' id='line_1_22' title="bbox 177 2638 1130 2706; baseline 0.001 -18"><span class='ocrx_word' id='word_1_189' title='bbox 177 2641 204 2688; x_wconf 91' lang='lat' dir='ltr'><strong>in</strong></span> <span class='ocrx_word' id='word_1_190' title='bbox 218 2639 267 2688; x_wconf 82' lang='lat' dir='ltr'><strong>doc</strong></span> <span class='ocrx_word' id='word_1_191' title='bbox 282 2639 348 2689; x_wconf 85' lang='lat' dir='ltr'><strong>libro</strong></span> <span class='ocrx_word' id='word_1_192' title='bbox 363 2638 408 2703; x_wconf 79' lang='lat' dir='ltr'><strong>(ef.</strong></span> <span class='ocrx_word' id='word_1_193' title='bbox 423 2639 455 2688; x_wconf 82' lang='lat' dir='ltr'><strong>L.</strong></span> <span class='ocrx_word' id='word_1_194' title='bbox 470 2652 490 2690; x_wconf 86' lang='lat' dir='ltr'><strong>o.</strong></span> <span class='ocrx_word' id='word_1_195' title='bbox 505 2641 528 2701; x_wconf 66' lang='grc' dir='ltr'><strong>ξ.</strong></span> <span class='ocrx_word' id='word_1_196' title='bbox 545 2652 565 2689; x_wconf 88' lang='grc'><strong>1.</strong></span> <span class='ocrx_word' id='word_1_197' title='bbox 589 2639 620 2687; x_wconf 89' lang='lat' dir='ltr'><strong>D.</strong></span> <span class='ocrx_word' id='word_1_198' title='bbox 636 2640 668 2689; x_wconf 89' lang='lat' dir='ltr'><strong>de</strong></span> <span class='ocrx_word' id='word_1_199' title='bbox 683 2642 763 2689; x_wconf 87' lang='lat' dir='ltr'><strong>instit.</strong></span> <span class='ocrx_word' id='word_1_200' title='bbox 779 2652 798 2697; x_wconf 89' lang='lat'><strong>1,</strong></span> <span class='ocrx_word' id='word_1_201' title='bbox 814 2639 837 2706; x_wconf 88' lang='lat'><strong>1)</strong></span> <span class='ocrx_word' id='word_1_202' title='bbox 856 2642 883 2689; x_wconf 89' lang='lat' dir='ltr'><strong>in</strong></span> <span class='ocrx_word' id='word_1_203' title='bbox 902 2641 1026 2703; x_wconf 89' lang='lat' dir='ltr'><strong>scriptum</strong></span> <span class='ocrx_word' id='word_1_204' title='bbox 1039 2646 1065 2689; x_wconf 90' lang='lat' dir='ltr'><strong>et</strong></span> <span class='ocrx_word' id='word_1_205' title='bbox 1078 2655 1130 2690; x_wconf 86' lang='lat' dir='ltr'><strong>non</strong></span> 
     </span>
     <span class='ocr_line' id='line_1_23' title="bbox 177 2709 1131 2774; baseline 0.001 -16"><span class='ocrx_word' id='word_1_206' title='bbox 177 2710 302 2772; x_wconf 85' lang='lat' dir='ltr'><strong>seriptum</strong></span> <span class='ocrx_word' id='word_1_207' title='bbox 315 2710 453 2768; x_wconf 83' lang='lat' dir='ltr'><strong>divisisset,</strong></span> <span class='ocrx_word' id='word_1_208' title='bbox 464 2712 576 2772; x_wconf 83' lang='lat' dir='ltr'><strong>primum</strong></span> <span class='ocrx_word' id='word_1_209' title='bbox 590 2710 692 2758; x_wconf 86' lang='lat' dir='ltr'><strong>uidetur</strong></span> <span class='ocrx_word' id='word_1_210' title='bbox 705 2712 799 2773; x_wconf 84' lang='lat' dir='ltr'><strong>scripti</strong></span> <span class='ocrx_word' id='word_1_211' title='bbox 813 2711 881 2759; x_wconf 89' lang='lat' dir='ltr'><strong>iuris</strong></span> <span class='ocrx_word' id='word_1_212' title='bbox 895 2717 986 2772; x_wconf 83' lang='lat' dir='ltr'><strong>partes</strong></span> <span class='ocrx_word' id='word_1_213' title='bbox 1000 2726 1016 2759; x_wconf 88' lang='lat' dir='ltr'><strong>a</strong></span> <span class='ocrx_word' id='word_1_214' title='bbox 1032 2709 1131 2774; x_wconf 77' lang='lat' dir='ltr'><strong>lepidus</strong></span> 
     </span>
     <span class='ocr_line' id='line_1_24' title="bbox 178 2779 1132 2846; baseline 0 -17"><span class='ocrx_word' id='word_1_215' title='bbox 178 2780 319 2829; x_wconf 72' lang='lat' dir='ltr'><strong>exordiens</strong></span> <span class='ocrx_word' id='word_1_216' title='bbox 332 2795 493 2830; x_wconf 85' lang='lat' dir='ltr'><strong>enumerasse</strong></span> <span class='ocrx_word' id='word_1_217' title='bbox 508 2779 600 2846; x_wconf 53' lang='grc' dir='ltr'>(αξξ.</span> <span class='ocrx_word' id='word_1_218' title='bbox 611 2792 679 2831; x_wconf 77' lang='lat' dir='ltr'><strong>s-o.</strong></span> <span class='ocrx_word' id='word_1_219' title='bbox 699 2780 721 2829; x_wconf 93' lang='lat' dir='ltr'><strong>I.</strong></span> <span class='ocrx_word' id='word_1_220' title='bbox 736 2782 768 2830; x_wconf 89' lang='lat' dir='ltr'><strong>de</strong></span> <span class='ocrx_word' id='word_1_221' title='bbox 783 2782 840 2830; x_wconf 87' lang='lat' dir='ltr'><strong>iure</strong></span> <span class='ocrx_word' id='word_1_222' title='bbox 850 2787 902 2829; x_wconf 91' lang='lat' dir='ltr'><strong>nat.</strong></span> <span class='ocrx_word' id='word_1_223' title='bbox 914 2792 933 2841; x_wconf 91' lang='lat'><strong>1,</strong></span> <span class='ocrx_word' id='word_1_224' title='bbox 944 2779 980 2846; x_wconf 74' lang='lat' dir='ltr'><strong>r),</strong></span> <span class='ocrx_word' id='word_1_225' title='bbox 995 2780 1088 2829; x_wconf 84' lang='lat' dir='ltr'><strong>deinde</strong></span> <span class='ocrx_word' id='word_1_226' title='bbox 1099 2781 1132 2829; x_wconf 91' lang='lat' dir='ltr'><strong>de</strong></span> 
     </span>
     <span class='ocr_line' id='line_1_25' title="bbox 178 2850 1132 2917; baseline 0 -19"><span class='ocrx_word' id='word_1_227' title='bbox 178 2857 273 2899; x_wconf 90' lang='lat' dir='ltr'><strong>natura</strong></span> <span class='ocrx_word' id='word_1_228' title='bbox 288 2853 370 2916; x_wconf 74' lang='lat' dir='ltr'><strong>lepum</strong></span> <span class='ocrx_word' id='word_1_229' title='bbox 383 2853 479 2917; x_wconf 74' lang='lat' dir='ltr'><strong>episse,</strong></span> <span class='ocrx_word' id='word_1_230' title='bbox 499 2852 535 2900; x_wconf 85' lang='lat' dir='ltr'><strong>ad</strong></span> <span class='ocrx_word' id='word_1_231' title='bbox 548 2866 619 2915; x_wconf 87' lang='lat' dir='ltr'><strong>quern</strong></span> <span class='ocrx_word' id='word_1_232' title='bbox 633 2853 715 2900; x_wconf 82' lang='lat' dir='ltr'><strong>locum</strong></span> <span class='ocrx_word' id='word_1_233' title='bbox 729 2852 792 2901; x_wconf 81' lang='lat' dir='ltr'><strong>daec</strong></span> <span class='ocrx_word' id='word_1_234' title='bbox 807 2852 952 2913; x_wconf 82' lang='lat' dir='ltr'><strong>pertinent,</strong></span> <span class='ocrx_word' id='word_1_235' title='bbox 973 2866 1038 2915; x_wconf 86' lang='lat' dir='ltr'><strong>quae</strong></span> <span class='ocrx_word' id='word_1_236' title='bbox 1058 2850 1132 2900; x_wconf 83' lang='lat' dir='ltr'><strong>nobis</strong></span> 
     </span>
     <span class='ocr_line' id='line_1_26' title="bbox 177 2920 1131 2985; baseline -0.001 -15"><span class='ocrx_word' id='word_1_237' title='bbox 177 2928 281 2970; x_wconf 89' lang='lat' dir='ltr'><strong>seruata</strong></span> <span class='ocrx_word' id='word_1_238' title='bbox 294 2929 362 2971; x_wconf 90' lang='lat' dir='ltr'><strong>sunt.</strong></span> <span class='ocrx_word' id='word_1_239' title='bbox 391 2922 478 2972; x_wconf 89' lang='lat' dir='ltr'><strong>Potest</strong></span> <span class='ocrx_word' id='word_1_240' title='bbox 492 2929 574 2971; x_wconf 89' lang='lat' dir='ltr'><strong>tamen</strong></span> <span class='ocrx_word' id='word_1_241' title='bbox 588 2923 671 2983; x_wconf 81' lang='lat' dir='ltr'><strong>etiam,</strong></span> <span class='ocrx_word' id='word_1_242' title='bbox 687 2928 714 2970; x_wconf 92' lang='lat' dir='ltr'><strong>ut</strong></span> <span class='ocrx_word' id='word_1_243' title='bbox 728 2922 771 2971; x_wconf 81' lang='lat' dir='ltr'><strong>dic</strong></span> <span class='ocrx_word' id='word_1_244' title='bbox 785 2923 856 2972; x_wconf 85' lang='lat' dir='ltr'><strong>locus</strong></span> <span class='ocrx_word' id='word_1_245' title='bbox 865 2923 950 2970; x_wconf 88' lang='lat' dir='ltr'><strong>statim</strong></span> <span class='ocrx_word' id='word_1_246' title='bbox 960 2922 1025 2985; x_wconf 77' lang='lat' dir='ltr'><strong>lepis</strong></span> <span class='ocrx_word' id='word_1_247' title='bbox 1034 2920 1131 2984; x_wconf 75' lang='lat' dir='ltr'><strong>plebis·</strong></span> 
     </span>
     <span class='ocr_line' id='line_1_27' title="bbox 178 2993 1133 3056; baseline 0 -16"><span class='ocrx_word' id='word_1_248' title='bbox 178 3006 226 3056; x_wconf 85' lang='lat' dir='ltr'><strong>que</strong></span> <span class='ocrx_word' id='word_1_249' title='bbox 239 2994 300 3042; x_wconf 89' lang='lat' dir='ltr'><strong>sciti</strong></span> <span class='ocrx_word' id='word_1_250' title='bbox 313 2993 485 3056; x_wconf 81' lang='lat' dir='ltr'><strong>definitionem</strong></span> <span class='ocrx_word' id='word_1_251' title='bbox 498 2999 600 3042; x_wconf 86' lang='lat' dir='ltr'><strong>secutus</strong></span> <span class='ocrx_word' id='word_1_252' title='bbox 613 2994 662 3048; x_wconf 74' lang='lat' dir='ltr'><strong>sit:</strong></span> <span class='ocrx_word' id='word_1_253' title='bbox 681 2993 903 3056; x_wconf 66' lang='lat' dir='ltr'><strong>quadrimatum,</strong></span> <span class='ocrx_word' id='word_1_254' title='bbox 919 2994 946 3039; x_wconf 90' lang='lat' dir='ltr'><strong>in</strong></span> <span class='ocrx_word' id='word_1_255' title='bbox 961 2994 1056 3041; x_wconf 87' lang='lat' dir='ltr'><strong>lacuna</strong></span> <span class='ocrx_word' id='word_1_256' title='bbox 1070 2998 1133 3054; x_wconf 82' lang='lat' dir='ltr'><strong>post</strong></span> 
     </span>
     <span class='ocr_line' id='line_1_28' title="bbox 177 3062 1132 3127; baseline -0.002 -14"><span class='ocrx_word' id='word_1_257' title='bbox 177 3064 200 3123; x_wconf 69' lang='grc' dir='ltr'><strong>ξ.</strong></span> <span class='ocrx_word' id='word_1_258' title='bbox 215 3073 236 3113; x_wconf 83' lang='lat' dir='ltr'><strong>t.</strong></span> <span class='ocrx_word' id='word_1_259' title='bbox 264 3062 389 3127; x_wconf 83' lang='lat' dir='ltr'><strong>Ulpianus</strong></span> <span class='ocrx_word' id='word_1_260' title='bbox 406 3062 479 3121; x_wconf 84' lang='lat' dir='ltr'><strong>SCti,</strong></span> <span class='ocrx_word' id='word_1_261' title='bbox 502 3064 693 3113; x_wconf 88' lang='lat' dir='ltr'><strong>constitutionis</strong></span> <span class='ocrx_word' id='word_1_262' title='bbox 707 3064 870 3125; x_wconf 85' lang='lat' dir='ltr'><strong>principum,</strong></span> <span class='ocrx_word' id='word_1_263' title='bbox 890 3063 1033 3111; x_wconf 87' lang='lat' dir='ltr'><strong>edictorum</strong></span> <span class='ocrx_word' id='word_1_264' title='bbox 1050 3064 1132 3127; x_wconf 73' lang='lat' dir='ltr'><strong>mapi-</strong></span> 
     </span>
     <span class='ocr_line' id='line_1_29' title="bbox 177 3132 1133 3198; baseline -0.001 -16"><span class='ocrx_word' id='word_1_265' title='bbox 177 3140 304 3182; x_wconf 89' lang='lat' dir='ltr'><strong>stratuum</strong></span> <span class='ocrx_word' id='word_1_266' title='bbox 317 3141 342 3183; x_wconf 87' lang='lat' dir='ltr'><strong>et</strong></span> <span class='ocrx_word' id='word_1_267' title='bbox 359 3148 541 3198; x_wconf 85' lang='lat' dir='ltr'><strong>responsorum</strong></span> <span class='ocrx_word' id='word_1_268' title='bbox 554 3133 722 3197; x_wconf 85' lang='lat' dir='ltr'><strong>prudentium</strong></span> <span class='ocrx_word' id='word_1_269' title='bbox 740 3132 904 3182; x_wconf 83' lang='lat' dir='ltr'><strong>brevissimas</strong></span> <span class='ocrx_word' id='word_1_270' title='bbox 922 3133 1083 3195; x_wconf 85' lang='lat' dir='ltr'><strong>definitiones</strong></span> <span class='ocrx_word' id='word_1_271' title='bbox 1096 3147 1133 3181; x_wconf 84' lang='lat' dir='ltr'><strong>era</strong></span> 
     </span>
     <span class='ocr_line' id='line_1_30' title="bbox 181 3202 1132 3266; baseline 0 -15"><span class='ocrx_word' id='word_1_272' title='bbox 181 3202 238 3255; x_wconf 81' lang='lat' dir='ltr'><strong>Gai.</strong></span> <span class='ocrx_word' id='word_1_273' title='bbox 249 3216 269 3262; x_wconf 88' lang='lat'><strong>1,</strong></span> <span class='ocrx_word' id='word_1_274' title='bbox 280 3216 348 3256; x_wconf 82' lang='lat' dir='ltr'><strong>t-t.</strong></span> <span class='ocrx_word' id='word_1_275' title='bbox 364 3206 484 3254; x_wconf 84' lang='lat' dir='ltr'><strong>retulisse</strong></span> <span class='ocrx_word' id='word_1_276' title='bbox 498 3211 522 3252; x_wconf 94' lang='lat' dir='ltr'><strong>et</strong></span> <span class='ocrx_word' id='word_1_277' title='bbox 536 3205 574 3252; x_wconf 88' lang='lat' dir='ltr'><strong>ita</strong></span> <span class='ocrx_word' id='word_1_278' title='bbox 588 3205 646 3253; x_wconf 92' lang='lat' dir='ltr'><strong>iure</strong></span> <span class='ocrx_word' id='word_1_279' title='bbox 659 3206 758 3266; x_wconf 85' lang='lat' dir='ltr'><strong>scripto</strong></span> <span class='ocrx_word' id='word_1_280' title='bbox 774 3202 889 3254; x_wconf 85' lang='lat' dir='ltr'><strong>absoluto</strong></span> <span class='ocrx_word' id='word_1_281' title='bbox 904 3203 940 3251; x_wconf 92' lang='lat' dir='ltr'><strong>ad</strong></span> <span class='ocrx_word' id='word_1_282' title='bbox 954 3204 994 3251; x_wconf 90' lang='lat' dir='ltr'><strong>ius</strong></span> <span class='ocrx_word' id='word_1_283' title='bbox 1004 3218 1055 3253; x_wconf 91' lang='lat' dir='ltr'><strong>non</strong></span> <span class='ocrx_word' id='word_1_284' title='bbox 1065 3204 1132 3252; x_wconf 88' lang='lat' dir='ltr'><strong>seri·</strong></span> 
     </span>
     <span class='ocr_line' id='line_1_31' title="bbox 175 3273 1090 3337; baseline 0 -15"><span class='ocrx_word' id='word_1_285' title='bbox 175 3280 256 3336; x_wconf 86' lang='lat' dir='ltr'><strong>ptum,</strong></span> <span class='ocrx_word' id='word_1_286' title='bbox 271 3276 340 3337; x_wconf 86' lang='lat' dir='ltr'><strong>quod</strong></span> <span class='ocrx_word' id='word_1_287' title='bbox 352 3290 387 3323; x_wconf 79' lang='lat' dir='ltr'><strong>en</strong></span> <span class='ocrx_word' id='word_1_288' title='bbox 400 3274 513 3324; x_wconf 85' lang='lat' dir='ltr'><strong>moribus</strong></span> <span class='ocrx_word' id='word_1_289' title='bbox 527 3276 620 3333; x_wconf 88' lang='lat' dir='ltr'><strong>ueniat,</strong></span> <span class='ocrx_word' id='word_1_290' title='bbox 634 3275 771 3323; x_wconf 86' lang='lat' dir='ltr'><strong>transitum</strong></span> <span class='ocrx_word' id='word_1_291' title='bbox 783 3274 879 3336; x_wconf 79' lang='lat' dir='ltr'><strong>fecisse</strong></span> <span class='ocrx_word' id='word_1_292' title='bbox 893 3273 1019 3323; x_wconf 85' lang='lat' dir='ltr'><strong>dicendus</strong></span> <span class='ocrx_word' id='word_1_293' title='bbox 1032 3274 1090 3322; x_wconf 88' lang='lat' dir='ltr'><strong>erit.</strong></span> 
     </span>
     <span class='ocr_line' id='line_1_32' title="bbox 180 3339 1134 3408; baseline 0 -16"><span class='ocrx_word' id='word_1_294' title='bbox 180 3339 371 3406; x_wconf 76' lang='lat' dir='ltr'><strong>¹)Necessario</strong></span> <span class='ocrx_word' id='word_1_295' title='bbox 384 3346 513 3408; x_wconf 84' lang='lat' dir='ltr'><strong>supplevi,</strong></span> <span class='ocrx_word' id='word_1_296' title='bbox 533 3360 589 3393; x_wconf 81' lang='lat' dir='ltr'><strong>curn</strong></span> <span class='ocrx_word' id='word_1_297' title='bbox 603 3360 654 3394; x_wconf 89' lang='lat' dir='ltr'><strong>non</strong></span> <span class='ocrx_word' id='word_1_298' title='bbox 669 3352 765 3393; x_wconf 87' lang='lat' dir='ltr'><strong>tantum</strong></span> <span class='ocrx_word' id='word_1_299' title='bbox 784 3345 887 3407; x_wconf 82' lang='lat' dir='ltr'><strong>quidam</strong></span> <span class='ocrx_word' id='word_1_300' title='bbox 905 3345 1010 3407; x_wconf 77' lang='lat' dir='ltr'><strong>copnati</strong></span> <span class='ocrx_word' id='word_1_301' title='bbox 1029 3344 1134 3406; x_wconf 78' lang='lat' dir='ltr'><strong>excepti</strong></span> 
     </span>
     <span class='ocr_line' id='line_1_33' title="bbox 176 3413 1133 3477; baseline 0 -16"><span class='ocrx_word' id='word_1_302' title='bbox 176 3413 286 3475; x_wconf 79' lang='lat' dir='ltr'><strong>fuerint.</strong></span> <span class='ocrx_word' id='word_1_303' title='bbox 316 3414 355 3477; x_wconf 80' lang='lat' dir='ltr'><strong>Cf.</strong></span> <span class='ocrx_word' id='word_1_304' title='bbox 375 3413 419 3463; x_wconf 88' lang='lat' dir='ltr'><strong>Fr.</strong></span> <span class='ocrx_word' id='word_1_305' title='bbox 442 3413 500 3462; x_wconf 88' lang='lat' dir='ltr'><strong>Vat.</strong></span> <span class='ocrx_word' id='word_1_306' title='bbox 518 3424 642 3465; x_wconf 75' lang='lat' dir='ltr'><strong>tta—tot.</strong></span> <span class='ocrx_word' id='word_1_307' title='bbox 666 3414 813 3463; x_wconf 80' lang='lat' dir='ltr'><strong>Enaratum</strong></span> <span class='ocrx_word' id='word_1_308' title='bbox 830 3416 890 3463; x_wconf 90' lang='lat' dir='ltr'><strong>oiim</strong></span> <span class='ocrx_word' id='word_1_309' title='bbox 906 3414 1004 3476; x_wconf 79' lang='lat' dir='ltr'><strong>fuerit:</strong></span> <span class='ocrx_word' id='word_1_310' title='bbox 1027 3414 1133 3477; x_wconf 84' lang='lat' dir='ltr'><strong>exceptis</strong></span> 
     </span>
     <span class='ocr_line' id='line_1_34' title="bbox 145 3481 1134 3548; baseline -0.005 -12"><span class='ocrx_word' id='word_1_311' title='bbox 145 3530 148 3536; x_wconf 94' lang='grc'><em>,</em></span> <span class='ocrx_word' id='word_1_312' title='bbox 178 3483 230 3546; x_wconf 62' lang='lat' dir='ltr'><strong>peis</strong></span> <span class='ocrx_word' id='word_1_313' title='bbox 244 3483 354 3546; x_wconf 85' lang='lat' dir='ltr'><strong>quihusd.</strong></span> <span class='ocrx_word' id='word_1_314' title='bbox 369 3492 408 3536; x_wconf 84' lang='lat' dir='ltr'><strong>uu.</strong></span> <span class='ocrx_word' id='word_1_315' title='bbox 456 3481 476 3548; x_wconf 71' lang='grc' dir='ltr'><strong>ο)</strong></span> <span class='ocrx_word' id='word_1_316' title='bbox 491 3483 580 3532; x_wconf 83' lang='lat' dir='ltr'><strong>assium</strong></span> <span class='ocrx_word' id='word_1_317' title='bbox 595 3485 672 3545; x_wconf 81' lang='lat' dir='ltr'><strong>legata</strong></span> <span class='ocrx_word' id='word_1_318' title='bbox 688 3483 745 3532; x_wconf 90' lang='lat' dir='ltr'><strong>Vat.</strong></span> <span class='ocrx_word' id='word_1_319' title='bbox 757 3482 869 3547; x_wconf 79' lang='lat' dir='ltr'><strong>(facturn</strong></span> <span class='ocrx_word' id='word_1_320' title='bbox 884 3483 951 3532; x_wconf 83' lang='lat' dir='ltr'><strong>iliud</strong></span> <span class='ocrx_word' id='word_1_321' title='bbox 959 3489 1025 3545; x_wconf 82' lang='lat' dir='ltr'><strong>puta</strong></span> <span class='ocrx_word' id='word_1_322' title='bbox 1039 3498 1074 3533; x_wconf 82' lang='lat' dir='ltr'><strong>en</strong></span> <span class='ocrx_word' id='word_1_323' title='bbox 1084 3498 1134 3544; x_wconf 85' lang='lat' dir='ltr'><strong>ss.;</strong></span> 
     </span>
     <span class='ocr_line' id='line_1_35' title="bbox 180 3552 1135 3615; baseline 0.002 -16"><span class='ocrx_word' id='word_1_324' title='bbox 180 3567 239 3605; x_wconf 81' lang='lat' dir='ltr'><strong>num</strong></span> <span class='ocrx_word' id='word_1_325' title='bbox 252 3560 277 3600; x_wconf 89' lang='lat' dir='ltr'><strong>et</strong></span> <span class='ocrx_word' id='word_1_326' title='bbox 290 3554 358 3602; x_wconf 87' lang='lat' dir='ltr'><strong>aiios</strong></span> <span class='ocrx_word' id='word_1_327' title='bbox 371 3569 406 3602; x_wconf 86' lang='lat' dir='ltr'><strong>eoo</strong></span> <span class='ocrx_word' id='word_1_328' title='bbox 420 3554 470 3615; x_wconf 78' lang='lat' dir='ltr'><strong>lege</strong></span> <span class='ocrx_word' id='word_1_329' title='bbox 483 3568 509 3601; x_wconf 84' lang='lat' dir='ltr'><strong>os</strong></span> <span class='ocrx_word' id='word_1_330' title='bbox 520 3574 554 3594; x_wconf 89' lang='lat'><em>=</em></span> <span class='ocrx_word' id='word_1_331' title='bbox 564 3553 615 3615; x_wconf 77' lang='lat' dir='ltr'><strong>iege</strong></span> <span class='ocrx_word' id='word_1_332' title='bbox 625 3554 685 3603; x_wconf 82' lang='lat' dir='ltr'><strong>aelia</strong></span> <span class='ocrx_word' id='word_1_333' title='bbox 695 3555 770 3602; x_wconf 84' lang='lat' dir='ltr'><strong>sentia</strong></span> <span class='ocrx_word' id='word_1_334' title='bbox 781 3554 907 3603; x_wconf 84' lang='lat' dir='ltr'><strong>librarius</strong></span> <span class='ocrx_word' id='word_1_335' title='bbox 913 3553 983 3615; x_wconf 88' lang='lat' dir='ltr'><strong>seoit</strong></span> <span class='ocrx_word' id='word_1_336' title='bbox 993 3552 1044 3614; x_wconf 79' lang='lat' dir='ltr'><strong>lege</strong></span> <span class='ocrx_word' id='word_1_337' title='bbox 1054 3554 1135 3615; x_wconf 83' lang='lat' dir='ltr'><strong>asciu;</strong></span> 
     </span>
    </p>
   </div>
   <div class='ocr_carea' id='block_1_4' title="bbox 0 0 1278 3909">
    <p class='ocr_par' dir='ltr' id='par_1_14' title="bbox 0 0 1278 3909">
     <span class='ocr_line' id='line_1_36' title="bbox 0 0 1278 3909; baseline 0 0"><span class='ocrx_word' id='word_1_338' title='bbox 0 0 1278 3909; x_wconf 95' lang='lat' dir='ltr'><strong> </strong></span> 
     </span>
    </p>
   </div>
  </div>
 </body>
</html>
