2542 3909
506 210 541 244 nn
560 201 719 247 vsvruvcrv.
1029 193 1087 256 731

136 355 186 395 nec
202 339 394 411 proprietatem
411 354 452 408 ea,
469 355 537 413 quae
552 337 747 396 habitationem
761 338 865 411 habuit,
882 339 1002 413 legendo
1019 333 1092 414 ’(do·

137 421 214 492 mini)
237 415 469 498 uindicationem,¹
496 421 540 478 uel
563 422 692 478 'debitum
714 422 836 496 nepnndo
858 415 908 478 ιή2
929 429 1091 479 testamento

137 497 295 562 creditoris³
315 506 446 562 actionem
463 505 591 563 excludit.
628 504 785 580 subscripta
799 506 852 562 llll.
869 506 920 566 lul.
938 505 996 563 Oct.
1013 507 1092 563 Vimi-

137 590 195 645 naci
211 587 301 646 Gaess.
319 583 424 646 cones.¹¹

200 669 250 728 44
276 666 355 748 ⁶Utp.
378 671 424 732 lib.
447 673 477 733 ll.
508 673 657 747 Respondit
678 673 790 730 Aurelio
812 672 910 745 Felici,
934 673 1038 730 fructus
1061 667 1200 747 en'ffiffl‘

139 754 223 812 fundo
239 773 288 830 par
304 755 510 813 uindicationam
526 773 593 830 pure
615 757 711 814 relicto
727 764 790 830 post
806 756 904 812 aditam
919 757 1095 814 hereditatem

139 855 154 896 a
169 839 301 912 legatario
317 850 462 914 perceptos
474 841 506 896 ed
518 843 605 914 ipsum
621 843 774 914 pertinere3
793 840 920 897 colonum
933 851 1020 896 autem
1033 857 1094 897 cum

138 921 238 980 herede
254 939 285 979 cx
301 923 435 981 conducto
451 923 550 980 haltere
565 926 707 980 actionem.

202 1004 250 1066 45.
274 1002 371 1064 6ΡαιιΙ.
388 1006 434 1065 lib.
451 1007 481 1063 ti.
499 1007 657 1064 llanualium
680 1007 832 1064 extribus.
877 1008 993 1064 Tametsi
1017 1023 1092 1063 usus·
1116 1002 1184 1083 {fli-

137 1089 244 1147 fructus
260 1091 335 1148 fundi
351 1093 465 1164 mancipi
480 1107 535 1146 uun
557 1093 603 1160 sit,
626 1099 716 1146 tamen
731 1093 789 1147 sine
810 1093 911 1146 tutoris
935 1087 1200 1147 auctoritatefflffl·

139 1173 256 1230 alienare
272 1191 332 1230 eum
353 1174 451 1231 mulier
466 1191 520 1230 non
536 1181 644 1246 potest,
667 1191 729 1230 curn
748 1173 828 1230 aliter
843 1190 921 1247 quam
936 1177 964 1230 in
978 1177 1037 1231 inre
1051 1191 1094 1230 ce·

138 1256 227 1313 dendo
249 1257 276 1314 id
298 1256 386 1313 facere
408 1273 463 1312 uon
485 1259 592 1330 possit,
614 1274 665 1314 nec
683 1260 710 1313 in
725 1259 783 1313 iure
805 1261 892 1314 cessio
914 1260 972 1313 sine
995 1259 1094 1314 tutoris

139 1342 299 1396 auctoritate
322 1338 381 1396 fieri
395 1343 492 1413 possit.
536 1340 664 1416 idemque
679 1349 722 1396 est
736 1343 764 1397 in
778 1341 956 1397 seruitutilrus
971 1340 1094 1414 praedio·

138 1440 198 1481 rum
214 1423 387 1481 urbanorum.

200 1502 250 1565 46.
274 1501 367 1566 ⁷Idem
383 1507 428 1569 lih.
444 1507 464 1568 Ι.
481 1508 653 1566 llanualium.
692 1509 769 1564 Actio
785 1507 819 1564 de
838 1508 987 1565 usufructu
999 1508 1202 1588 fiscampi-,¹25-

138 1591 226 1648 modis
241 1593 322 1665 perit,
338 1591 435 1664 quibus
446 1593 505 1665 ipse
516 1592 700 1664 ususfructus,
715 1599 903 1665 praeterquam
915 1608 971 1647 uon
982 1592 1095 1649 utendo.

137 1674 270 1732 Pecuniae
286 1692 396 1749 quoquc
413 1676 587 1732 ususfructus
609 1676 716 1749 legatus
737 1691 786 1749 per
806 1692 904 1730 aunum
923 1692 977 1731 nou
993 1675 1095 1732 utendo

138 1752 221 1832 ²(non
242 1752 365 1836 perit);⁸
388 1761 449 1832 quia
471 1775 521 1814 nec
543 1759 714 1814 ususfructus
736 1768 793 1829 est,
816 1769 844 1814 et
866 1761 995 1831 pecuniae
1010 1758 1096 1815 dorni·

139 1843 213 1896 nium
228 1841 383 1912 fructuarii,
402 1857 458 1897 non
473 1841 580 1899 heredis
595 1851 647 1898 est.

202 1919 249 1980 4⁷.
272 1924 348 1981 ltem.
385 1922 437 1980 Per
452 1926 673 1997 mancipationem
695 1923 790 1979 deduci
806 1925 978 1980 ususfructus
993 1931 1096 2000 potest,

139 2021 195 2064 non
210 2008 289 2062 etiarn
304 2008 454 2065 transferri.
499 2008 550 2063 Per
572 2007 624 2063 ‘do
647 2006 726 2080 lego'
750 2007 869 2081 legatum
890 2016 917 2062 et
931 2023 980 2080 per
994 2009 1023 2062 iu
1038 2010 1097 2064 iure

139 2091 289 2148 cessionem
305 2099 332 2146 et
348 2090 445 2148 deduci
460 2099 488 2146 at
503 2090 560 2146 dari
574 2099 675 2164 potest.

203 2166 293 2231 ltem.⁹
338 2173 432 2230 Potest
453 2175 582 2230 constitui
604 2183 630 2230 et
652 2173 787 2231 ’familiae
809 2167 1030 2232 erciscundee¹⁰
1052 2173 1097 2230 uel

140 2258 277 2316 communi
293 2257 439 2314 diuidundo
455 2258 552 2313 iudicio
568 2257 700 2332 legitimo.
745 2257 773 2312 lu
795 2274 825 2312 rc
848 2273 898 2314 nec
920 2259 1033 2330 mancipi
1048 2273 1097 2330 per

140 2341 313 2398 traditionem
329 2341 424 2398 deduci
439 2341 610 2398 ususfructus
623 2357 678 2398 non
693 2348 799 2413 potest3
822 2358 873 2398 nec
889 2344 917 2397 iu
933 2341 1050 2412 homine,
1073 2343 1097 2396 si

69 2442 130 2492 [cte]
142 2427 287 2499 peregrino
302 2420 467 2492 tradatur3¹¹
483 2424 557 2481 ciuili
572 2427 643 2481 enim
658 2427 763 2481 actione
778 2427 909 2482 constitui
923 2432 1025 2499 potest,
1041 2439 1097 2480 uon

142 2509 294 2579 traditione,
315 2525 382 2581 quae
398 2510 463 2564 iuris
480 2509 602 2582 gentium
618 2517 670 2566 est.

215 2691 235 2760 ¹)
250 2694 349 2744 dominii
367 2693 551 2744 uindicationem
572 2694 598 2744 0.
617 2693 681 2745 Inst.
708 2708 753 2757 per
771 2694 955 2743 uindicatioucm
979 2694 1036 2743 Vat.
1057 2697 1098 2744 rei

141 2765 250 2832 (domini
263 2765 303 2816 ed.
319 2763 444 2829 Mumms.)
460 2764 645 2814 uindicatioucm
660 2765 699 2814 ed.
714 2764 807 2814 Helico.
873 2760 950 2829 ¹)Itn
964 2765 1058 2814 Hollw.
1073 2772 1098 2814 et

142 2836 256 2889 Momms.
272 2836 329 2885 edd.
345 2836 451 2884 debitum
464 2834 596 2883 necandum
610 2835 670 2884 Vct.
693 2832 762 2882 Sane
776 2836 823 2883 nin
836 2842 882 2892 est,
896 2841 925 2883 nt
938 2849 982 2897 per
996 2836 1023 2883 in
1038 2835 1096 2884 Vct.

142 2907 325 2968 transpositum
344 2913 369 2954 et
387 2906 520 2969 legendum
538 2905 655 2954 dicamne
671 2919 716 2966 per
735 2904 840 2953 debitum
859 2904 998 2965 negandum.
1036 2903 1098 2964 Quis

142 2978 210 3025 enim
224 2978 262 3025 ita
280 2991 390 3038 unquam
409 2975 496 3024 discit?
569 2971 653 3040 ³)Cni
670 2975 700 3023 id
717 2974 862 3036 aedificium
877 2976 987 3039 pipnori
1005 2989 1098 3024 naum

143 3053 209 3095 erat.
273 3042 295 3110 ⁴)
309 3061 333 3096 a.
348 3057 395 3097 aaa.
470 3043 490 3110 ⁶)
505 3043 553 3094 Est
567 3045 599 3094 L.
614 3056 661 3096 rso.
686 3046 709 3106 i.
724 3055 744 3094 s.
769 3045 801 3093 Ι).
817 3045 849 3094 dc
863 3047 911 3108 lep.
927 3057 947 3094 1.
1021 3041 1044 3110 ⁰)
1058 3044 1096 3107 Cf.

142 3117 166 3177 §-
180 3127 215 3166 is.
234 3114 288 3178 ΜΡ.
304 3127 338 3174 11,
353 3126 386 3166 tt.
448 3111 470 3179 ⁷)
484 3114 523 3164 De
536 3115 561 3166 lu.
577 3119 593 3164 l.
608 3117 659 3167 uid.
674 3117 781 3178 disquis.
796 3121 911 3166 nostram
927 3111 1035 3177 ‘nsnssn
1051 3130 1097 3178 pe·

143 3188 235 3234 cuniae
256 3201 289 3234 an
310 3200 361 3236 non
379 3186 473 3236 utendo
490 3183 614 3248 pereuti'
639 3184 678 3252 (in
703 3185 836 3234 Wacdiert'
855 3184 995 3234 Rectorutu
1017 3185 1097 3234 indic.

148 3255 255 3305 Vrntisl.
280 3254 351 3321 1880).
425 3252 449 3318 8)·
469 3254 594 3318 Suppleut'
615 3257 681 3320 disq.
706 3259 748 3305 cit.
773 3256 807 3318 cf.
831 3257 854 3317 ξ.
876 3266 910 3306 ot.
939 3253 1000 3321 (nou
1024 3256 1097 3303 amit·

142 3323 216 3390 titur)
235 3326 293 3376 edd.
313 3326 406 3376 Hotlw.
427 3326 542 3376 Momms.
616 3323 638 3392 ο)
660 3326 692 3376 In
718 3327 746 3375 V
746 3325 766 3374 ⁶.
788 3341 854 3375 noca
875 3327 967 3388 incipit
989 3327 1096 3388 species.

145 3393 178 3462 ¹⁰)
193 3397 280 3446 facturn
295 3403 308 3444 e
328 3397 385 3445 Vct.
453 3393 486 3460 ¹¹)
504 3395 558 3455 Quo
573 3412 635 3446 casn
650 3412 692 3446 res
707 3399 819 3459 mancipi
833 3395 936 3445 mobiles
949 3411 1037 3444 rerum
1051 3411 1098 3444 nec

141 3468 256 3530 mancipi
274 3468 331 3518 inre
349 3467 492 3516 censendae
511 3474 578 3515 sunt.
609 3467 648 3529 Cf.
671 3467 726 3529 tltp.
746 3479 766 3525 1,
785 3479 818 3518 to.
843 3467 922 3518 Varr.
941 3466 973 3516 de
992 3482 1014 3518 r.
1034 3481 1056 3514 r.
1076 3476 1097 3523 s,

140 3549 161 3588 o.
176 3538 200 3599 §-
214 3548 235 3590 s.
