2542 3909
172 195 237 260 322
456 211 518 248 osu
536 212 636 248 rusum.
655 193 704 253 ΠΙ.
724 199 865 254 tat-tto.

236 351 304 412 142.
328 353 438 410 locatio
459 361 549 410 autem
565 362 593 409 et
607 353 752 411 conductio
769 346 811 433 (et
827 359 929 427 emptio
945 361 973 413 et
988 349 1142 434 uenditiol¹

175 438 308 496 similibus
323 437 427 512 regulis
442 439 662 494 constituuntur:
678 440 729 494 nisi
745 441 814 496 enim
831 456 934 496 merces
950 433 1024 498 certa
1039 450 1142 498 statuta

174 526 220 595 sit,
243 539 299 580 non
322 523 431 592 uidetur
452 523 553 578 locatio
576 531 605 580 et
626 522 774 579 conductio
797 525 933 582 contrahi.
978 523 1045 585 143.
1066 525 1141 584 Unde

174 611 198 666 si
221 608 308 665 alieno
331 606 442 664 arbitrio
465 622 568 664 meroes
590 608 721 680 permissa
749 609 801 680 sit,
830 609 908 666 uelut
936 611 1032 683 quanti
1056 611 1141 670 Titius

106 699 164 748 166.
178 694 373 763 aestimauerit,
391 685 396 768 Ι
413 693 610 766 quaeritando
627 691 728 748 locatio
744 700 772 748 et
786 693 932 750 conductio
949 695 1139 752 contrahatur:
1155 703 1212 760 [east

174 779 238 852 ’qua
259 770 313 834 de²
326 793 407 835 causa
430 778 455 832 si
474 776 574 832 lulloni
591 775 717 850 polienda
731 777 894 851 curandaue,
909 779 1069 840 sarcinatort
1084 797 1140 838 sar·

174 863 269 922 cienda
291 863 455 920 uestimenta
478 860 608 932 dederim,
631 860 705 918 nulla
727 863 817 920 statim
839 863 963 922 mercede
978 864 1140 936 constituta,
1200 881 1202 885 ’

173 958 270 1024 postea
287 955 390 1005 tanturn
406 945 531 1017 daturus,
547 945 642 1018 quanti
657 947 790 1002 internos
804 949 974 1019 conuenerit,
990 951 1140 1024 quaeritur,

174 1050 208 1090 an
236 1033 335 1089 locatio
362 1039 391 1086 et
417 1030 565 1087 conductio
593 1031 780 1092 contrahatur.
828 1028 895 1090 144.
918 1027 1011 1090 Item³
1037 1037 1061 1090 si
1083 1050 1140 1091 rern

172 1117 222 1174 titi
243 1116 371 1174 utendam
392 1115 512 1172 dederim
539 1122 571 1170 et·
592 1115 710 1171 inuicem
730 1115 808 1172 aliam
834 1119 890 1174 rerir
914 1119 1041 1174 utendam
1065 1135 1140 1175 acce·

173 1204 275 1276 perim,
298 1201 451 1274 quaeritur,
473 1215 506 1254 an
529 1199 627 1255 locatio
649 1207 677 1255 et
691 1199 841 1258 conductio
853 1203 1039 1265 contrahatur.
1073 1199 1137 1262 145.

173 1287 248 1342 lldeo
264 1292 355 1342 autem
370 1285 472 1357 emptio
495 1290 524 1340 et
544 1283 667 1340 uenditio
688 1293 716 1340 et
737 1285 837 1344 locatio
853 1294 881 1342 et
898 1287 1045 1345 conductio
1066 1287 1140 1343 iaml-

172 1371 317 1428 liaritatem
333 1370 450 1444 aliquam
465 1369 536 1424 inter
553 1385 583 1424 se
598 1368 697 1426 habere
713 1369 856 1441 uidentur,
878 1379 908 1427 nt
928 1372 955 1427 iu
980 1372 1139 1447 quibusdam

173 1458 260 1512 causis
283 1456 375 1529 quaeri
398 1452 502 1525 soleat,
525 1462 616 1510 utrum
639 1455 741 1527 emptio
765 1462 792 1510 et
814 1456 934 1513 uenditio
951 1457 1140 1528 contrahatur,

173 1557 206 1596 an
223 1540 322 1596 locatio
338 1546 366 1594 et
380 1537 541 1594 conductio:
560 1536 647 1594 ueluti
662 1539 684 1593 si
700 1555 752 1612 qua
770 1555 815 1596 res
831 1539 858 1597 in
874 1549 1038 1616 perpetuam
1053 1541 1140 1597 locata

173 1627 220 1696 sit,
236 1624 310 1698 quod
325 1623 416 1678 euenit
431 1622 460 1676 in
474 1621 591 1696 praediis
603 1623 779 1697 municipum,
795 1641 864 1698 quae
880 1642 911 1682 ea
926 1626 988 1700 lege
1004 1626 1140 1698 locantur,

174 1718 205 1764 ut
220 1707 347 1782 quamdiu
362 1700 452 1762 ’inde⁴
468 1705 583 1780 uectigal
605 1716 771 1780 praestetur,
793 1723 882 1782 neque
904 1710 956 1784 ipsi
979 1709 1140 1778 conductori

174 1810 263 1865 neque
278 1790 371 1847 heredi
387 1793 444 1846 eius
460 1790 599 1866 praedium
616 1789 769 1861 auferatur3
785 1793 834 1848 sed
850 1795 935 1868 magis
951 1794 1052 1868 placuit
1067 1793 1140 1850 loca·

174 1879 275 1934 tionem
291 1875 555 1948 ccrrduotiouemque
570 1874 641 1932 esse.
678 1871 744 1932 146.
769 1872 856 1933 ltem⁶
876 1881 898 1934 si
920 1877 1086 1953 gladiatores
1109 1893 1138 1933 ea

96 1967 100 1973 ’
173 1963 235 2037 lege
252 1961 298 2017 tibi
315 1960 483 2032 tradiderim,
506 1968 535 2016 ut
551 1962 579 2016 in
594 1961 730 2034 singulos,
753 1963 799 2035 qui
820 1963 921 2036 integri
941 1963 1065 2035 exierint,
1088 1978 1138 2036 pro

173 2047 273 2104 sudore
296 2045 402 2102 denarii
421 2064 464 2104 xx
485 2045 549 2101 milri
572 2044 713 2122 darentur,
735 2047 762 2101 in
779 2062 826 2118 eos
844 2063 909 2103 uero
934 2047 1070 2120 singulos,
1092 2045 1138 2120 qui

173 2133 257 2190 occisi
278 2139 325 2187 aut
347 2130 477 2187 debilitati
501 2129 618 2201 inerint,
642 2128 747 2186 denarii
768 2131 846 2203 mile,
870 2131 1021 2203 quaeritur,
1047 2139 1138 2192 utrum

172 2217 273 2293 emptio
296 2224 324 2271 et
346 2215 467 2272 uenditio
491 2231 524 2270 an
546 2215 646 2270 locatio
670 2223 697 2271 et
721 2214 867 2272 conductio
890 2215 1082 2273 contrahatur:
1111 2222 1139 2269 et

171 2303 257 2376 magis
284 2300 399 2374 placuit,
430 2315 540 2370 eorum,
571 2299 617 2372 qui
645 2299 746 2372 integri
768 2299 898 2371 exierint,
926 2299 1089 2358 locationem
1112 2307 1140 2354 et

171 2385 380 2442 conductionem
402 2389 567 2439 contractam
590 2382 694 2453 uideri,
722 2390 749 2440 at
778 2400 888 2454 eorum,
917 2383 963 2456 qui
987 2383 1070 2442 occisi
1093 2390 1140 2438 aut

171 2529 259 2578 ductio
274 2523 373 2590 quippe’
390 2523 435 2592 (ef.
450 2525 483 2573 L.
498 2536 565 2587 apr.
581 2524 613 2572 D.
627 2526 723 2586 locro,
738 2521 774 2588 n):
790 2524 881 2588 quibua
895 2526 998 2575 amissis
1012 2525 1139 2574 librarius

171 2607 251 2650 autem
267 2598 365 2661 posuit.
438 2591 459 2660 ¹)
479 2595 554 2644 Haeo
573 2611 642 2644 nunc
661 2602 689 2644 at
707 2596 803 2644 similia
818 2597 932 2660 periisse
948 2596 1064 2660 fortasse
1082 2610 1138 2644 cam

173 2672 234 2720 aliia
250 2667 327 2734 (pata
342 2674 419 2717 antea
435 2662 503 2715 ‘siae
517 2681 604 2716 reram
618 2668 675 2715 siae
690 2663 854 2734 operarum')
873 2669 969 2717 collata
988 2667 1011 2729 ξ.
1028 2677 1075 2717 tta.
1091 2676 1137 2716 199.

173 2748 286 2791 statuere
301 2741 388 2798 malui,
403 2754 478 2802 quam
488 2738 557 2802 qaod
567 2733 673 2787 ‘Gaias’
684 2752 712 2800 p.
723 2748 758 2790 95.
777 2752 919 2796 suaseram,
930 2745 1022 2788 eontra
1034 2736 1059 2786 C.
1080 2751 1139 2784 con-

173 2813 282 2862 stituitur
296 2812 381 2876 legere
395 2809 435 2875 (at
448 2825 518 2859 nane
527 2810 567 2858 ed.
578 2807 628 2859 Kr.
644 2808 674 2872 a).
701 2807 739 2866 Of.
755 2809 778 2870 ξ.
794 2820 840 2860 145.
900 2804 921 2874 ²)
932 2809 1021 2858 Malim
1032 2805 1138 2871 eade(m)

173 2880 723 3020 itiittttttlt'tttttttttt‘tt
748 2876 942 3001 illidii?
953 2878 1138 3014 illidii&

175 2953 290 3088 oldad.
305 3031 330 3075 a
344 2970 388 3088 plo
403 3024 451 3073 rurs
466 2968 493 3073 ll
508 3023 540 3071 u.
552 3034 564 3073 1
574 3038 619 3086 pr.
629 2987 697 3071 uffa·
712 2986 776 3088 a'per
786 2987 849 3072 alar.
861 3019 893 3087 (a,
903 2966 1002 3088 plia]
1014 2984 1137 3070 eafsaas

173 3094 195 3160 ὅ)
209 3097 332 3160 quaeritur
346 3095 422 3145 addit
437 3095 463 3144 0.

243 3219 268 3290 §-
285 3223 345 3271 142.
371 3219 409 3282 Cf.
425 3218 457 3267 L.
473 3229 485 3267 a
500 3232 544 3280 pr.
560 3217 593 3265 Ι).
612 3215 724 3283 loc.(1o‚
739 3215 771 3282 a).
795 3216 842 3266 Pr.
858 3216 879 3268 I.
895 3217 927 3266 de
941 3217 1018 3266 locat.
1035 3214 1071 3281 (9,
1091 3212 1137 3279 aa).

171 3289 197 3362 ξ.
219 3295 278 3345 143.
304 3293 342 3355 Cf.
363 3293 386 3353 ἓ.
407 3303 427 3340 1.
452 3288 474 3339 1.
495 3288 528 3338 ib.
548 3288 580 3340 L.
599 3299 626 3340 99
640 3304 684 3352 pr.
705 3288 737 3338 D.
758 3290 806 3338 loc.
826 3286 875 3354 (19,
894 3288 925 3351 9).
949 3287 981 3339 L.
1000 3298 1033 3338 99.
1058 3286 1090 3334 1).
1106 3287 1138 3334 de

167 3379 288 3429 praescr.
303 3361 372 3414 verb.
388 3359 434 3426 (19,
449 3360 480 3425 t).
565 3398 572 3412 .
589 3363 648 3412 144.
670 3360 708 3422 Cf.
724 3361 746 3422 §-
762 3371 782 3412 9.
803 3358 823 3414 J.
839 3359 871 3409 to.
887 3359 918 3410 Ia.
935 3358 1090 3421 19.ξ.9.1).
1107 3357 1138 3406 cle

169 3451 289 3500 praescr.
304 3433 373 3484 verb.
387 3430 433 3498 (19,
448 3429 480 3497 t).
565 3469 570 3480 .
587 3433 646 3484 145.
667 3433 690 3494 ξ.
701 3442 721 3482 9.
741 3430 762 3480 Ι.
779 3430 811 3480 it.
834 3430 873 3494 Os.
884 3430 915 3484 L.
927 3441 946 3482 9.
962 3431 986 3491 ξ.
1002 3443 1022 3480 1.
1043 3429 1073 3481 D.
1089 3430 1136 3477 loe.

172 3506 217 3571 (19,
231 3506 264 3571 9).
286 3504 382 3554 Gruter
395 3515 444 3566 991,
458 3513 480 3554 9.
553 3499 578 3572 ξ.
594 3505 655 3554 tto.
677 3501 715 3566 Of.
732 3501 784 3556 Cic.
800 3502 836 3552 ad
850 3501 928 3552 Attio.
942 3511 968 3564 t,
982 3512 1008 3552 46
1020 3501 1065 3563 fia.
1091 3513 1136 3548 non

172 3577 293 3626 dubitatur
306 3571 367 3642 etc]
383 3576 418 3638 ef.
434 3575 465 3624 L.
481 3585 508 3625 20
518 3590 562 3638 pr.
577 3575 610 3624 Ι).
625 3577 673 3624 too.
689 3572 734 3640 (19,
749 3572 780 3638 a).
