2542 3909
380 218 485 253 nomen
502 217 610 255 verrem
626 216 725 254 resen.
745 200 791 254 XI.
811 206 889 255 2-8.
1050 200 1115 265 583

158 348 359 416 infirmitatem
380 347 487 405 leminis
509 356 598 404 autem
622 345 700 424 (tom)
722 348 897 423 inpuberibus
914 365 993 423 quam
1008 349 1116 424 puberi-

158 433 209 489 bus
225 441 251 487 et
267 440 381 505 propter
395 447 476 488 sexus
491 431 674 488 infirmitatem
690 442 717 488 et
732 439 846 507 propter
861 433 1009 490 sorensium
1024 449 1116 490 rerum

158 518 350 591 ignorantiam.

82 600 149 649 [487]
223 597 252 657 2.
276 592 413 655 ¹l'utores
428 607 475 655 eut
491 599 604 673 legitimi
620 608 699 671 sunt,
715 608 762 655 aut
777 608 887 656 senatus
903 600 1036 657 consultis
1052 618 1117 658 con·

158 684 265 754 stituti,
280 692 327 739 aut
342 682 463 739 moribus
477 682 636 739 introducti.

221 762 251 824 3.
281 760 424 840 ²Legitlml
445 774 552 823 tutores
578 775 657 843 suut,
677 760 872 840 ’quicunque³
894 784 927 823 ex
948 767 1010 841 lege
1029 767 1116 841 alique

159 850 343 917 descendunt;
370 867 420 924 per
441 852 612 907 eminentiam
638 858 726 906 autem
749 850 863 925 legitimi
886 851 1013 908 dicuutur
1040 850 1116 925 ’lege

158 934 302 991 duodecim
324 934 477 991 tabularum
496 928 675 1004 introductt,⁴
696 950 745 990 seu
760 934 916 1008 propalam,
940 935 1031 1008 quales
1053 944 1117 990 suut

159 1021 269 1093 agnati,
300 1035 349 1075 seu
375 1036 426 1093 per
453 1021 688 1092 consequentiam,
717 1019 809 1091 quales
833 1027 896 1074 sunt
923 1020 1042 1092 patroni.
1086 1016 1115 1076 4.

160 1097 278 1176 ⁵Agnatl
294 1111 357 1159 sunt
373 1120 387 1157 a
401 1111 479 1177 patre
495 1103 601 1173 cognati
617 1102 701 1157 uirilis
717 1118 812 1171 sexus,
834 1118 883 1175 per
902 1103 1008 1158 uirilem
1023 1118 1117 1159 sexum

159 1186 369 1258 descendentes,
389 1186 509 1242 eiusdem
525 1185 655 1257 lamlliae,
677 1185 752 1242 uelut
768 1204 786 1242 a
803 1182 899 1259 (putre
910 1186 1048 1258 fratres)
1069 1204 1117 1261 pn·

158 1272 232 1341 trul,
250 1270 341 1327 fratris
356 1268 421 1341 filli,
440 1270 536 1325 iratres
551 1262 713 1343 patrueles.⁶

223 1348 321 1411 *sad
343 1352 372 1411 δ.
395 1352 446 1421 Qut
462 1353 575 1409 liberum
595 1361 693 1426 eaput,
713 1355 891 1427 mancipatum
913 1352 965 1409 sihi
980 1352 1025 1409 uel
1041 1369 1055 1409 u
1070 1370 1118 1427 pa·

159 1444 238 1493 rente
259 1437 304 1493 uel
329 1454 344 1493 a
366 1438 614 1510 coemptionatore,
643 1438 811 1508 manumisit,
839 1452 888 1511 per
915 1436 1117 1493 similitudinem

160 1522 267 1595 patroni
283 1529 359 1577 tutor
374 1520 508 1593 efficitur,
525 1523 571 1594 qui
587 1519 742 1577 fiduciarius
759 1530 835 1576 tutor
849 1516 1026 1594 appellatur.⁸

224 1599 253 1661 ll.
277 1598 420 1678 9legitimi
441 1612 547 1661 tutores
567 1605 611 1661 alli
627 1604 740 1661 tutelam
755 1607 782 1661 in
798 1606 856 1661 iure
877 1604 972 1661 cedere
992 1613 1118 1677 possunt.

158 1682 188 1744 7.
214 1682 285 1759 ¹⁰ls,
309 1691 353 1745 cui
373 1688 458 1745 tutele
472 1690 498 1744 in
513 1690 572 1744 iure
587 1704 664 1744 cessa
685 1696 741 1758 est,
764 1690 894 1744 cessicius
910 1696 986 1743 tutor
1001 1688 1118 1763 appella·

161 1779 221 1837 tur;
243 1774 289 1845 qni
304 1774 362 1828 sine
377 1782 501 1829 mortuus
522 1773 617 1843 tuerit,
640 1774 699 1828 siue
719 1773 807 1845 capite
828 1774 957 1842 minutus,
974 1764 978 1849 l
995 1774 1053 1828 siue
1073 1772 1116 1828 alil
1130 1776 1225 1844 letbtt

161 1856 273 1911 tutelam
294 1872 381 1929 porro
403 1858 532 1927 cesserit,
558 1855 628 1911 redit
650 1855 682 1911 ad
704 1852 856 1928 legitimum
878 1863 997 1911 tutorem
1022 1856 1116 1913 tutela.

159 1938 208 1995 sed
224 1946 252 1995 et
267 1942 290 1995 si
304 1940 443 2013 legitimus
459 1940 607 1996 decesserit
621 1948 668 1995 aut
682 1941 769 2011 capite
785 1941 905 1995 minutus
921 1939 1018 2009 luerit,
1035 1941 1117 1995 cessi-

157 2024 199 2079 oia
214 2039 324 2096 quoque
341 2022 424 2079 tutela
439 2024 615 2097 extinguitur.
645 2018 675 2079 8.
698 2016 864 2089 ¹¹Quantum
879 2023 911 2078 ad
927 2030 1041 2095 agnatos
1056 2039 1118 2097 per·

233 2213 455 2282 ‘)Cs.[1'oi.1,188.
495 2213 567 2283 ¹)0f.
578 2216 633 2274 Gai.
647 2226 721 2276 1,155.
760 2212 781 2282 θ)
795 2214 924 2266 Omittitur
934 2220 961 2264 iu
976 2215 1034 2265 Vnt.
1048 2212 1115 2281 ‘qul'

159 2290 343 2351 suppleverunt
351 2287 409 2336 edd.
427 2285 481 2337 Sed
489 2288 551 2336 milli
561 2295 771 2350 persuasumst,
784 2302 859 2337 voees
868 2288 908 2351 qui
920 2300 955 2342 ex,
966 2302 1031 2350 quae
1041 2302 1117 2337 uersu

159 2358 254 2407 obtine
263 2360 340 2407 tertio
346 2365 408 2420 post
417 2359 546 2421 teguntur,
555 2358 617 2407 ltine
628 2373 658 2407 eo
669 2360 811 2407 translatas
820 2365 845 2406 et
854 2372 888 2406 en
898 2356 968 2421 quic-q
979 2365 1117 2421 corruptas

159 2443 215 2479 esre
224 2428 261 2478 ud
268 2428 462 2477 similitudinem
471 2430 575 2478 illorum
584 2443 614 2477 ex
623 2429 674 2490 lege
685 2429 776 2491 uliqua3
789 2443 869 2492 neque
879 2430 946 2477 enim
954 2430 1037 2477 solum
1047 2425 1114 2492 ‘qui'

160 2505 250 2549 nostro
264 2500 321 2549 loeo
334 2498 441 2562 suffieit,
455 2513 536 2563 neque
550 2514 579 2547 ex
593 2500 644 2559 lege
658 2499 778 2547 introduci
792 2513 821 2547 en
835 2513 920 2558 sensu,
935 2499 979 2563 qui
992 2498 1035 2548 dic
1049 2499 1117 2548 desi·

159 2570 286 2631 dereturp
298 2576 368 2618 reete
382 2569 488 2618 dicitur.
554 2565 576 2633 ⁴)
590 2570 630 2631 qui
646 2583 672 2617 ex
688 2569 739 2629 lege
755 2568 880 2618 duodecim
895 2568 1027 2618 tabularum
1041 2570 1117 2618 intro-

160 2638 278 2687 ducuntur
299 2637 358 2687 Vnt.
379 2639 437 2687 edd.
457 2646 483 2687 et
500 2636 668 2709 κακοφωνίᾳ
687 2640 733 2687 illa
753 2639 910 2688 dicuntur-
926 2639 1116 2702 introducuntur,

159 2715 185 2758 et
193 2714 333 2772 praesente
346 2710 420 2758 modo
436 2711 515 2773 plone
535 2711 619 2771 inepto
639 2710 727 2757 uitium
741 2709 880 2772 prodente,
902 2710 971 2775 quod
984 2710 1117 2760 uocabulis

159 2780 200 2843 qni
214 2794 243 2827 ex
256 2779 307 2828 leue
320 2781 386 2828 mule
399 2781 537 2828 translatis
550 2781 676 2844 originem
691 2778 771 2829 debet.
828 2777 848 2845 Β)
866 2780 904 2843 Cf.
921 2780 979 2831 Gai.
995 2793 1015 2839 1,
1030 2792 1077 2832 156.
1092 2788 1117 2830 et

159 2849 234 2912 infra
243 2860 277 2911 tte,
288 2862 308 2899 1.
356 2846 378 2914 ⁶)
393 2849 467 2898 ueluti
481 2850 561 2912 patrui
574 2850 669 2899 tratres.
685 2850 728 2897 lllll
743 2851 827 2899 iratres
837 2850 952 2912 patruelis
968 2850 1026 2899 Vat.
1042 2852 1116 2900 ueluti

158 2920 250 2982 patrui,
265 2919 364 2980 tratres,
379 2920 422 2968 lrlil
436 2920 530 2981 lrntris,
545 2920 666 2982 patrueles
685 2920 725 2969 ecl.
739 2919 787 2985 Bp.
807 2920 941 2983 Ulpianum
956 2934 1003 2969 nee
1017 2927 1116 2983 patruos

158 2997 219 3039 ante
233 2990 328 3047 tratres,
343 3005 390 3039 nee
405 2990 491 3039 lrntres
504 2992 664 3053 simpliciter,
680 3006 726 3039 nee
741 2991 783 3038 filii
797 2990 878 3038 fratris
888 2990 951 3054 (pro
961 2990 1042 3039 fratris
1053 2990 1115 3057 tllii),

158 3076 207 3110 nee
219 3061 339 3123 patrueles
358 3068 455 3109 tentum
470 3059 570 3125 (quoles
588 3063 664 3110 etium
676 3075 781 3110 sorores
799 3058 869 3125 sunt)
888 3060 976 3109 dicere
990 3062 1115 3123 potuisse,

154 3132 245 3193 pulum
259 3138 305 3179 est.
334 3129 388 3179 Sed
400 3137 426 3180 et
440 3132 528 3179 uitium
542 3146 577 3179 en
590 3131 760 3181 similitudine
778 3145 832 3180 soe.
846 3137 914 3193 patre
929 3131 1015 3179 iratres
1030 3138 1055 3181 et
1073 3146 1115 3194 pn·

157 3201 205 3249 trui
226 3201 306 3249 lratris
322 3201 406 3263 focile
426 3203 495 3251 eriri
512 3203 629 3265 potuisse
651 3208 769 3266 apparet.
807 3200 846 3262 Of.
869 3216 1012 3265 comparem
1033 3204 1116 3251 locum

157 3272 182 3333 §-
197 3283 218 3321 1.
237 3270 260 3320 I.
275 3272 307 3321 de
321 3272 390 3335 lepit.
410 3287 470 3336 agn.
488 3287 559 3322 succ.
579 3271 614 3338 (a,
629 3270 662 3337 2).
727 3270 748 3338 ⁷)
764 3272 917 3331 Perierunt,
937 3286 1002 3337 quae
1023 3272 1079 3325 Gai.
1095 3285 1115 3335 1,

158 3352 205 3392 166
221 3351 268 3393 161.
287 3342 445 3400 tradiderat,
459 3350 484 3392 et
498 3344 571 3392 loeus
584 3344 617 3392 de
630 3344 744 3408 legitima
754 3343 875 3406 parentis
890 3345 976 3392 tutela.
1039 3340 1060 3408 ⁸)
1076 3343 1115 3405 Of.

160 3410 218 3460 Gai.
233 3423 321 3469 1,166.
348 3411 402 3461 Sed
420 3420 445 3462 et
462 3414 494 3461 de
512 3413 563 3463 ltue
582 3416 661 3463 tutela
680 3412 813 3478 Ulpianum
829 3416 910 3477 plura
924 3414 1024 3462 dixisse
1041 3420 1116 3475 puto.

159 3480 198 3544 Of.
217 3481 274 3531 Gal.
289 3495 310 3539 ι,
325 3494 372 3533 ras.
437 3480 459 3548 ⁹)
476 3481 515 3547 Cf.
532 3482 589 3534 Gai.
605 3497 625 3542 1,
641 3496 687 3535 roe.
755 3481 1078 3550 ²⁰)0fiGai.t,1ee.1ro.

160 3548 194 3617 ¹¹)
210 3552 249 3615 Of.
266 3552 322 3602 Gai.
338 3566 359 3614 1,
374 3566 420 3604 rn.
455 3593 457 3596 .
