2542 3909
437 227 504 263 1an
521 227 617 264 rernm
636 227 707 262 seur.
726 209 761 264 ΙΙ.
782 216 822 274 li.
1045 211 1111 277 479

155 374 211 415 non
234 365 326 431 potest
348 355 472 430 obligari.
508 352 538 414 2.
564 352 608 413 ¹Si
623 373 667 414 res
682 357 841 431 simpliciter
856 358 968 414 traditae
984 360 1112 415 euincun-

70 435 138 484 [eea]
155 452 217 512 tur,
248 449 323 496 tanto
351 441 479 497 uenditor
506 443 620 515 emptori
644 441 861 498 condemnandus
884 450 941 514 est,
964 452 1065 516 quanto
1088 446 1111 500 si

154 525 332 599 stipulatione
347 541 397 598 pro
413 526 548 581 euictioue
562 526 690 581 cauisset.
724 522 753 584 8.
777 519 847 582 ²lies
863 535 961 599 empta,
979 529 1112 601 mancipa-

155 612 228 666 tione
243 617 271 665 et
287 609 433 666 traditione
448 608 579 682 perlecta,
594 611 618 665 si
633 610 786 679 euiucatnn
801 611 970 666 auctoritatis
986 611 1113 668 uenditor

154 693 237 767 duplo
256 701 335 749 tenus
351 691 497 766 obligatur.
549 689 580 750 4.
603 687 756 750 ³llistracto
771 694 854 750 lunda
870 695 893 750 si
907 696 968 767 quis
983 695 1016 752 de
1031 696 1112 752 modo

152 779 308 848 mentiatur,
326 778 355 834 in
368 769 512 850 ’duplumi
528 778 597 848 eius,
613 776 688 851 quod
702 779 831 834 mentitus
847 786 897 847 est,
915 776 1005 834 officio
1017 779 1112 836 iudicis

154 863 339 920 aestimatione
354 860 424 917 laeta
439 863 612 918 conuenitur.
648 857 675 917 ὁ.
693 855 864 918 ⁵lledlaibitio
880 863 972 918 uitiosi
987 865 1112 936 mancipii

154 948 225 1002 intra
239 960 285 1000 serr
301 960 406 1001 menses
422 943 480 1000 lieri
501 954 592 1018 potest
612 936 725 1019 propter
746 943 832 1000 latens
848 945 954 1003 uitium.
998 941 1027 1002 6.
1051 940 1111 1018 ⁶Si‚

154 1038 185 1086 ut
200 1045 311 1085 seruum
327 1029 389 1101 quis
404 1028 491 1102 pluris
508 1029 655 1102 uenderet,
679 1030 712 1086 de
734 1027 847 1086 artifieio
863 1030 921 1084 eius
937 1029 982 1085 uel
1004 1030 1112 1103 peculio

153 1114 284 1169 mentitus
306 1120 365 1183 est,
388 1113 494 1168 actione
517 1128 550 1169 ex
571 1121 664 1187 empto
687 1122 853 1178 conuentus,
877 1121 978 1186 quanto
1002 1114 1113 1170 minoris

156 1197 299 1268 ualuisset,
317 1198 433 1269 emptori
447 1204 587 1269 praestare
603 1196 792 1271 compellitur,
806 1197 859 1252 nisi
874 1205 983 1270 paratus
1000 1198 1036 1253 sit
1050 1213 1112 1254 eum

154 1273 322 1337 redhibere.⁷
358 1276 385 1335 7.
408 1274 464 1335 ⁸1³1
479 1281 526 1361 die
539 1274 702 1354 emptionis⁹
719 1287 748 1336 et
768 1279 872 1336 lruetus
892 1288 920 1336 et
941 1296 1039 1354 operae
1054 1297 1112 1338 ser·

156 1380 254 1420 uorum
276 1373 304 1421 et
325 1364 397 1420 letus
420 1379 548 1437 pecorum
570 1373 598 1421 et
618 1364 776 1422 ancillarum
792 1372 886 1438 partus
909 1364 939 1420 ad
962 1373 1112 1438 emptorem

157 1448 302 1521 pertinent.
332 1447 361 1504 8.
379 1439 534 1506 ¹⁰l¹uudum
550 1449 666 1506 alienum
676 1449 741 1506 mihi
756 1448 917 1517 uendidlsti;
932 1456 1027 1522 postea
1041 1449 1113 1506 idem

156 1549 187 1588 cr
203 1549 282 1588 causa
297 1532 429 1589 lueratiua
444 1548 519 1589 meus
543 1533 629 1589 lactus
652 1541 710 1603 est3
732 1531 765 1588 ’si
786 1549 848 1607 pars
871 1535 951 1606 pretii
973 1542 1113 1590 numerata

157 1609 238 1686 sit,¹¹
260 1625 396 1690 competet
419 1617 484 1672 milri
506 1616 636 1674 aduersus
661 1626 687 1674 te
710 1616 743 1672 ad
766 1619 883 1690 pretium
899 1617 1113 1691 recuperandum

157 1702 227 1756 actio
243 1716 275 1756 ex
291 1709 393 1773 empto.
431 1695 462 1757 9.
479 1694 578 1757 ¹²Post
593 1717 650 1757 rem
666 1701 791 1757 traditam
807 1702 859 1756 uisi
874 1709 981 1775 emptor
996 1703 1114 1776 pretium

156 1786 249 1840 statim
265 1783 399 1854 exsoluat,
414 1800 510 1840 usuras
526 1786 584 1842 eius
600 1793 737 1860 praestare
753 1784 892 1856 cogendus
908 1791 959 1841 est.
993 1780 1040 1844 10.
1058 1785 1114 1841 llu-

156 1877 201 1925 tus
223 1884 311 1924 emere
340 1876 368 1924 et
389 1868 508 1924 uendere
529 1877 636 1942 potest;
660 1869 779 1924 lurlosus
802 1876 892 1926 autem
915 1884 1003 1940 neque
1025 1884 1115 1925 emere

157 1969 244 2025 neque
260 1951 378 2007 uendere
393 1958 494 2024 potest.
538 1949 579 2009 11.
604 1945 737 2008 ¹³Seruus
754 1950 823 2008 bona
840 1950 891 2006 lade
906 1959 1076 2024 comparatus
1091 1955 1114 2008 si

157 2053 190 2091 ex
207 2038 292 2092 ueteri
308 2036 376 2090 uitio
388 2034 499 2110 sugerit,
513 2030 588 2110 ’(qui
599 2030 739 2109 uendidit)
751 2033 807 2090 doli
818 2029 970 2091 conscius¹⁴
986 2051 1041 2090 uon
1058 2044 1114 2090 tan-

231 2164 251 2231 ¹)
269 2167 306 2228 Cf.
322 2167 354 2217 Ιι.
366 2180 386 2218 1.
407 2168 438 2216 D.
454 2169 486 2217 de
500 2170 574 2218 edict.
590 2164 683 2233 (11,1).
699 2166 731 2215 L.
746 2178 779 2218 11.
795 2169 817 2228 ξ.
833 2178 866 2218 to.
887 2166 918 2219 D.
934 2167 965 2216 de
980 2168 1058 2217 aedil.
1074 2168 1114 2218 ed.

158 2238 204 2305 (11,
219 2236 251 2302 1).
276 2237 336 2286 Hac
350 2245 468 2301 spectare
483 2239 584 2287 videtur
598 2238 658 2287 Lero
672 2236 753 2302 Bury.
769 2238 808 2286 til.
827 2237 950 2288 XXXV.
962 2252 990 2301 p.
1001 2249 1034 2290 19.
1055 2241 1114 2288 coll.

153 2325 181 2373 p.
197 2307 305 2358 LXIII.
320 2309 360 2358 ed.
374 2307 455 2358 Barla.
508 2306 530 2374 ¹)
547 2308 585 2372 Os.
600 2307 724 2358 Harcdlre
740 2306 820 2358 Iiecltt
834 2307 860 2356 cl.
874 2323 969 2358 nexam
979 2324 1007 2371 p.
1022 2320 1070 2359 111.

159 2377 180 2444 ³)
199 2379 237 2442 Cf.
253 2378 313 2428 ibid.
325 2394 352 2442 p.
364 2391 485 2432 tre—tte.
505 2394 587 2442 capra
601 2392 622 2438 1,
637 2390 670 2429 19.
686 2379 709 2439 §-
721 2390 739 2427 1.
751 2405 784 2414 —
796 2377 845 2426 Ed.
857 2377 941 2428 Haen.
953 2394 987 2427 em
999 2377 1060 2430 odd.
1071 2379 1115 2429 Iu'a

158 2465 248 2500 novam
262 2449 337 2498 dubet
350 2448 483 2499 rubricam
495 2449 524 2498 de
534 2449 613 2506 modo,
625 2450 695 2498 nteit
705 2449 743 2497 tit.
758 2447 784 2497 X
790 2447 863 2497 VIII
869 2457 893 2498 et
902 2449 995 2499 dehinc
1005 2457 1115 2498 mutetur

158 2523 291 2570 titulorum
306 2534 433 2569 nnmmue.
485 2517 507 2586 ⁴)
523 2521 594 2582 duplo
611 2519 673 2569 cdd.
689 2519 747 2568 edd.
799 2515 820 2584 ὁ)
837 2519 876 2582 Cf.
891 2519 922 2568 L.
938 2531 964 2572 19
976 2521 1021 2582 fin.
1037 2520 1069 2570 l..
1080 2530 1114 2571 111.

158 2591 191 2640 D.
206 2591 238 2640 de
252 2591 330 2640 aedil.
344 2591 383 2639 ed.
394 2587 481 2655 (11,1).
533 2587 554 2656 ⁰)
571 2591 609 2652 Cf.
624 2590 656 2639 L.
668 2601 700 2641 19.
716 2591 739 2652 5.
750 2601 771 2640 1.
791 2590 823 2638 Ι).
835 2591 866 2638 de
881 2597 930 2640 act.
942 2592 1018 2654 empti
1028 2589 1073 2657 (19,
1084 2589 1114 2656 1).

160 2659 181 2725 ¹)
195 2662 293 2710 Actore
307 2661 355 2710 lroc
369 2661 540 2710 desiderante.
568 2661 605 2724 Cf.
616 2660 648 2710 L.
660 2673 694 2711 11.
709 2662 732 2721 ξ.
743 2669 764 2710 o.
784 2660 816 2709 D.
832 2661 887 2711 eod.
903 2661 934 2710 L.
949 2673 983 2713 19.
1004 2663 1027 2723 d.
1041 2673 1062 2714 9.
1083 2661 1115 2710 D.

158 2733 190 2782 de
204 2732 281 2780 aedil.
296 2731 336 2780 ed.
351 2729 400 2796 (11,
415 2730 446 2796 1).
528 2728 549 2796 ⁸)
566 2731 604 2795 Cf.
619 2731 651 2780 L.
667 2742 701 2782 19.
720 2732 760 2792 §5-
776 2743 809 2782 10.
825 2742 858 2782 19.
879 2730 910 2780 D.
926 2732 958 2781 de
973 2738 1023 2782 act.
1039 2734 1115 2795 empti

158 2802 203 2869 (19,
214 2800 246 2867 1).
260 2801 292 2850 L.
304 2813 336 2852 11.
347 2814 381 2853 11.
398 2801 424 2851 C.
434 2801 491 2851 eod.
506 2799 538 2866 (1,
547 2799 592 2866 te).
645 2795 666 2866 θ)
682 2802 703 2850 si
718 2815 773 2864 pars
788 2802 859 2864 pretii
875 2809 997 2850 numerata
1009 2803 1041 2851 sit
1052 2803 1115 2852 Cdd.

158 2887 244 2924 omnes
257 2871 334 2922 Brea.
349 2872 388 2922 ed.
404 2871 489 2920 Haen.
504 2871 528 2922 d.
539 2874 556 2920 l.
573 2874 755 2934 interponerem
769 2872 790 2920 si
805 2873 906 2934 pretium
922 2880 1069 2921 numeratum
1085 2875 1116 2921 sit

161 2944 187 2993 0.
211 2942 270 2993 Ver.
284 2943 342 2991 edd.
358 2944 510 3006 pleraeque,
533 2957 568 2991 eac
582 2943 756 3002 correctione,
771 2948 799 2990 at
808 2949 882 3004 pato.
909 2941 962 2991 Sed
976 2949 1054 2992 totam
1068 2943 1118 2992 doc

156 3016 295 3079 sepitionem
309 3020 347 3062 ent
360 3019 385 3062 et
397 3015 513 3077 sequenti
522 3014 553 3074 §a
566 3019 625 3062 ante
635 3018 755 3074 competet
764 3011 958 3069 restituendum,
970 3012 1038 3074 quod
1049 3011 1116 3073 feei-

159 3099 221 3134 mne.
279 3081 311 3149 ¹⁰)
329 3083 368 3146 Cf.
383 3083 415 3132 L.
430 3094 463 3134 19.
482 3085 505 3144 §-
522 3093 556 3134 11.
575 3083 607 3131 D.
623 3083 655 3131 de
669 3088 720 3132 act.
735 3083 814 3144 empti
829 3078 878 3146 (19,
894 3079 924 3146 1).
944 3080 976 3128 L.
992 3091 1013 3132 9.
1034 3081 1066 3129 Ι).
1082 3082 1116 3130 de

159 3157 234 3205 euict.
250 3154 295 3220 (11,
309 3153 340 3218 1).
394 3150 428 3219 ¹¹)
443 3153 482 3216 Cf.
497 3161 549 3203 not.
559 3164 579 3204 1.
648 3148 681 3217 η)
696 3152 735 3214 Of.
749 3151 791 3200 Ilr.
808 3151 867 3200 Val.
878 3161 898 3200 1.
952 3146 985 3215 ¹⁸)
1002 3151 1041 3214 Cf.
1052 3150 1083 3199 L.
1096 3164 1116 3201 1.

160 3227 186 3277 Ο.
201 3227 233 3275 de
247 3226 324 3275 aedil.
339 3231 391 3274 act.
404 3222 441 3290 (1,
455 3224 500 3290 oe).
524 3223 556 3272 L.
571 3235 605 3275 tt.
624 3225 648 3284 ξ.
664 3235 684 3274 1.
704 3221 736 3270 D.
750 3221 782 3270 de
795 3226 845 3270 act.
860 3221 937 3284 empti
950 3217 999 3285 (19,
1015 3220 1046 3286 1).

162 3294 196 3362 ¹⁴)
209 3295 327 3359 Scripei;
342 3310 400 3344 nam
414 3296 458 3358 qai
468 3296 595 3359 ipnorane
603 3293 728 3356 vendidit,
739 3293 771 3340 dc
781 3292 869 3355 pretio
883 3297 981 3340 tantam
990 3298 1016 3340 et
1026 3298 1053 3340 ut
1062 3305 1118 3341 eer-

159 3383 216 3417 oam
231 3367 302 3430 apud
315 3373 451 3429 emptorem
465 3365 605 3429 relinquat,
619 3364 755 3414 conveniri
764 3368 857 3425 pateat.
877 3361 909 3410 Ι..
925 3372 959 3412 11.
974 3363 998 3422 ξ.
1013 3373 1034 3412 e.
1049 3361 1080 3410 I1.
1092 3373 1120 3412 oe

155 3454 199 3502 pr.
211 3437 243 3485 D.
259 3437 291 3486 de
304 3437 383 3486 aedil.
393 3435 433 3484 ed.
444 3433 489 3500 (11,
500 3433 532 3500 1).
556 3434 643 3484 Verba
657 3448 680 3496 q.
692 3433 768 3482 ttdidit
783 3431 813 3482 ab
822 3432 1015 3481 similitudinem
1026 3447 1082 3481 anm
1093 3448 1117 3481 o.

160 3509 247 3570 lugerlt
259 3506 402 3571 aliquando
416 3506 510 3555 aminea
524 3505 641 3567 effecisse
651 3504 780 3560 uidentur,
791 3508 820 3550 nt
829 3517 851 3550 a.
864 3502 911 3550 doli
922 3502 1011 3550 c'seius
1021 3508 1118 3550 mutata

160 3581 187 3627 in
198 3579 316 3635 dominus,
327 3575 397 3639 qnod
408 3575 469 3627 cad.
480 3573 574 3623 habent
583 3579 644 3636 poet
653 3573 765 3636 pretium,
781 3573 807 3620 in
822 3573 904 3620 locunt
914 3587 936 3620 a.
948 3573 996 3631 eff,
1011 3586 1060 3636 qno
1075 3572 1118 3620 sed
