2542 3909
167 239 233 303 312
443 259 501 294 osu
518 259 610 294 susara.
629 241 676 294 Ill.
698 245 843 295 103-105.

166 387 269 443 inutilis
291 395 333 442 est
355 386 510 460 stipulatio,
532 389 554 443 si
578 390 639 460 quis
654 387 687 442 atl
702 388 743 458 id,
767 386 840 460 quod
855 388 1041 460 iuterrogatus
1057 387 1120 457 erit,

167 486 221 526 non
237 470 418 543 responderit,
435 471 510 526 uelut
525 473 548 526 si
562 474 686 526 sestertia
702 488 752 528 xa
773 478 799 528 te
821 470 877 526 dari
899 470 1023 543 stipuler,
1046 477 1073 526 et
1089 477 1119 526 tu

166 553 312 610 ’nummum
326 557 484 610 sestertium
499 571 518 612 v
532 549 620 610 urilia¹
639 556 796 628 promittas,
818 562 864 610 aut
878 556 902 610 si
918 570 969 626 ego
985 570 1056 626 pure
1070 554 1118 608 sti-

165 637 258 710 puler,
280 645 310 692 tu
332 638 385 694 sub
399 638 558 695 condicione
572 641 724 710 promittas.
768 635 835 696 103.
858 637 1001 694 Praeterea
1016 636 1118 692 inutilis

166 726 209 776 est
228 721 382 794 stipulatio,
402 724 426 778 sl
446 723 471 777 ei
485 721 542 778 tarr
561 722 737 794 stipulentur,
760 723 838 778 euius
858 722 910 776 iuri
930 720 1043 776 subiecti
1063 735 1117 776 nou

166 820 272 860 sumus:
290 805 360 861 uude
375 805 445 862 illud
457 807 612 878 quaesituro
628 813 680 875 est,
695 807 718 861 si
734 806 795 878 quis
811 803 861 860 sibl
876 812 904 861 et
919 805 961 874 ei,
976 805 1050 860 ouius
1066 805 1118 860 luri

165 886 302 944 sublectus
317 905 372 944 uou
383 896 436 960 est,
448 888 504 945 dari
516 889 671 962 stipuletur,
685 890 713 944 in
723 897 853 962 quantum
867 888 953 944 ualeat
963 887 1117 961 stipulatio:

166 973 254 1028 nostri
269 981 458 1046 praeceptores
474 981 579 1045 putant,
597 974 624 1029 iu
642 974 797 1028 uniuersum
810 971 910 1043 uslere,
926 980 954 1028 et
969 969 1082 1045 proinrle
1093 971 1118 1025 ei

165 1054 228 1125 soli,
244 1058 291 1127 qui
305 1056 451 1129 stipulatus
461 1058 507 1125 sit,
520 1055 636 1112 solisluna
649 1055 750 1125 deberi,
763 1064 843 1128 atque
854 1057 878 1111 si
890 1057 1007 1112 extranei
1019 1069 1117 1110 nomeu

96 1138 154 1188 156.
166 1155 220 1195 noo
235 1139 391 1196 adiecisset:
411 1139 459 1196 sed
481 1139 604 1196 diuersae
624 1139 734 1196 sciolas
755 1149 879 1196 auctores
899 1137 903 1211 Ι
924 1138 1070 1194 ’lirrridluru
1093 1139 1118 1192 ei

164 1216 275 1278 deberi²
290 1223 460 1290 esistiruaut;
476 1240 525 1296 pro
540 1223 623 1279 altera
644 1239 709 1280 uero
724 1231 801 1296 parte
816 1223 939 1279 inutilem
955 1238 1015 1278 esse
1029 1222 1117 1294 stipu-

163 1298 317 1362 lationem.³
352 1301 434 1363 103⁸.
452 1301 523 1363 ⁴Alia
535 1324 614 1366 eausa
629 1314 680 1376 est,
699 1311 746 1368 tsi
760 1309 850 1363 ueluti
863 1323 960 1364 suavo
975 1308 1022 1364 uei
1036 1319 1119 1364 rutro

164 1404 315 1446 ramerius
325 1405 390 1448 uuo
409 1406 453 1446 or
462 1406 537 1448 ratur
548 1405 624 1448 osor
636 1405 775 1448 srouous
789 1399 793 1450 t
806 1393 960 1462 stipulatus
970 1394 1031 1445 sim.
1048 1396 1119 1446 tuuc

165 1475 238 1528 euim
253 1479 381 1544 constat,
403 1471 520 1528 solidum
535 1473 625 1530 deberi
647 1483 674 1529 et
689 1491 730 1530 me
747 1478 751 1540 Ι
769 1474 886 1530 solidum
907 1491 926 1530 o
942 1477 1120 1546 promissore

162 1561 264 1627 petere
276 1571 377 1627 posse:
394 1558 559 1629 quodetiam
571 1556 612 1628 lit,
624 1561 629 1622 Ι
644 1574 707 1614 eum
723 1565 832 1614 tuntum
843 1561 921 1615 uelut
932 1572 1014 1615 stolo
1026 1572 1117 1616 Mmt-

164 1653 236 1697 tus
249 1641 380 1709 stipulor.
425 1635 493 1694 104.
514 1641 672 1697 Praeterea
687 1641 789 1697 inutilis
805 1649 847 1696 est
867 1640 1023 1715 stipulatio,
1047 1641 1070 1696 si
1085 1638 1118 1696 ab

165 1737 198 1778 eo
213 1721 345 1795 stipuler,
362 1723 408 1794 qui
423 1723 475 1777 iuri
490 1738 550 1778 meo
565 1722 703 1778 subiectus
719 1731 774 1794 est,
790 1725 854 1780 item
869 1726 892 1778 si
907 1726 930 1779 is
946 1741 960 1778 a
975 1738 1017 1778 rue
1032 1724 1118 1796 stipu-

164 1803 246 1862 letur.
275 1820 372 1861 seruus
388 1805 497 1877 quidem
513 1814 540 1861 et
555 1808 600 1878 qui
613 1807 641 1862 iu
656 1808 787 1880 mancipio
804 1815 846 1862 est
861 1815 889 1863 et
904 1799 1118 1878 'filiofamilias⁵
1128 1815 1192 1865 [2³⁴]

165 1895 193 1945 et
208 1903 276 1961 quae
292 1889 320 1944 itr
335 1903 416 1944 manu
431 1897 489 1960 est,
504 1905 560 1945 ooo
575 1889 663 1946 solutu
679 1891 745 1963 ipsi,
766 1892 843 1946 euius
858 1891 909 1946 iuri
925 1890 1039 1947 subiecti
1054 1889 1117 1946 sub·

165 1973 284 2029 ieetaeue
304 1981 382 2038 sunt,
402 1970 516 2048 obligari
532 1989 588 2029 uon
602 1981 733 2046 possunt,
754 1973 801 2030 sed
821 1989 855 2030 ne
876 1973 923 2030 alii
936 1973 1044 2047 quidem
1060 1972 1117 2030 ulit.

165 2050 233 2113 105.
248 2055 350 2112 llutum
365 2072 454 2130 oeque
468 2056 589 2130 stipulari
602 2071 690 2131 neque
701 2057 860 2132 promittere
872 2074 951 2130 posse
961 2056 1049 2132 palam
1061 2067 1116 2114 est:

238 2255 258 2325 ¹)
271 2275 286 2309 n
301 2261 412 2310 sestertia
428 2261 454 2310 0.
469 2262 580 2310 sestertia
594 2277 612 2312 r
625 2261 665 2309 ed.
680 2259 754 2309 Stud.
814 2257 834 2324 ⁹)
849 2259 894 2309 Eu
908 2260 1012 2311 Lucium.
1029 2264 1061 2323 φ’.
1077 2277 1117 2310 re·

164 2331 245 2379 stitui.
271 2329 370 2380 Firmat
388 2327 443 2380 Vm,
504 2328 525 2396 ³)
541 2330 585 2380 Ear
603 2327 659 2380 V'i.
720 2327 742 2395 ⁴)
757 2329 819 2380 Item
837 2345 872 2380 eso
895 2325 950 2378 V'i.
988 2329 1057 2390 Quae
1075 2329 1118 2378 lie

164 2407 306 2463 sequuntur
320 2402 347 2448 in
357 2399 449 2450 Selted.
463 2400 554 2450 Geirei.
563 2407 640 2450 autea
650 2401 686 2450 ud
695 2401 910 2463 comparutionem
920 2401 1048 2463 quandum
1056 2414 1118 2462 pro·

164 2471 230 2517 sinu
244 2483 321 2517 casus
335 2484 391 2518 eum
405 2472 489 2532 leputo
499 2485 550 2531 per
560 2470 747 2517 damnationem
757 2467 855 2516 duobus
864 2471 956 2517 relicto
970 2472 1116 2518 retuleram.

165 2537 211 2586 Eoo
226 2537 252 2586 V
253 2534 274 2570 ⁸²
287 2545 405 2600 apparet,
423 2537 514 2586 Gaium
528 2539 568 2586 ilii
582 2539 657 2587 eosaii
667 2538 778 2600 perinde
793 2552 824 2586 uo
835 2537 1006 2586 Iustiuiunum
1022 2540 1047 2586 in
1063 2541 1086 2599 ς.
1096 2551 1117 2588 t.

165 2607 223 2657 M.
233 2614 251 2656 t.
266 2609 293 2656 iu
304 2609 350 2670 flu.
365 2623 422 2657 eum
435 2609 596 2669 adiunxisse,
611 2608 656 2657 ubi
669 2610 727 2671 quis
741 2623 800 2665 nom,
815 2614 842 2656 ut
853 2607 937 2671 Kriip.
952 2609 979 2655 io
994 2608 1033 2656 ed.
1044 2605 1117 2656 Strui.

165 2678 286 2740 opinatus
298 2684 350 2735 est,
367 2678 418 2727 sibi
430 2686 477 2727 aut
489 2685 628 2737 extraneo,
647 2679 694 2728 sed
707 2679 744 2736 ei,
763 2679 808 2742 qui
821 2679 876 2726 iuri
895 2679 977 2740 ipsius
991 2677 1120 2726 srabr'eetus

165 2749 212 2806 sit,
227 2749 376 2810 stipuletur,
395 2756 493 2798 retento
512 2757 595 2798 tamem
614 2751 690 2799 initio
709 2750 786 2798 etium
804 2763 866 2796 eusu
881 2749 1055 2810 stipulationis
1068 2745 1119 2794 sibi

166 2825 192 2868 et
204 2819 253 2867 ulii
264 2819 362 2880 saetae.
385 2817 476 2882 Itaque
490 2835 558 2868 mune
573 2835 607 2870 ex
622 2820 649 2868 V
650 2817 671 2851 st
684 2827 709 2868 et
720 2818 811 2868 Gelselt.
826 2818 929 2868 schedis
944 2821 971 2867 im
985 2818 1051 2866 luno
1061 2829 1117 2864 seu·

166 2889 270 2938 tentiam
284 2891 366 2939 iocum
379 2892 490 2948 restitui,
502 2891 627 2953 prisceiam
638 2896 727 2939 notata
735 2889 819 2951 fuisse
827 2903 933 2951 ponens,
944 2890 971 2937 iu
982 2889 1034 2951 fine
1043 2884 1120 2951 c(uru)

168 2956 301 3026 t(so)t(um)
314 2959 393 3025 (velut
407 2959 482 3027 l(ilio)
498 2959 621 3027 l(oruilias)
634 2967 660 3009 et
671 2951 743 3024 pter).
809 2957 830 3024 6)
845 2958 889 3006 Ee
902 2957 1071 3008 Studemumii
1086 2957 1118 3019 ej.

166 3144 235 3208 lipia.
250 3156 272 3204 s,
286 3157 306 3196 e·
326 3145 366 3206 ἐξ.
381 3156 401 3195 o.
417 3155 450 3196 ro.
466 3143 497 3193 L.
514 3156 533 3193 r.
553 3144 593 3206 ξς.
609 3155 628 3194 s.
644 3155 665 3194 4.
686 3142 717 3192 L.
733 3155 766 3194 ss.
787 3145 827 3205 §5-
842 3154 862 3193 r.
877 3154 897 3196 a.
913 3141 944 3192 t.
960 3153 993 3194 ss.
1013 3145 1035 3205 ξ.
1051 3155 1071 3194 s.
1087 3141 1118 3191 L.

165 3227 212 3267 154.
232 3216 255 3276 ξ.
271 3227 290 3264 1.
305 3214 338 3263 D.
354 3215 385 3264 de
405 3214 435 3262 V.
450 3213 477 3262 0.
488 3211 533 3280 (to,
545 3212 575 3278 1).
595 3213 669 3263 Lr’br.
685 3229 763 3264 meum
777 3211 882 3263 ‘Gaius'
896 3225 967 3277 ptos.
1018 3209 1043 3281 ξ.
1060 3215 1118 3262 103.

167 3286 205 3347 Cf.
221 3287 260 3348 ἐς.
274 3296 296 3342 s,
312 3296 344 3334 ro.
362 3283 382 3332 I.
398 3284 422 3335 lt.
437 3291 454 3332 t.
470 3283 501 3348 (s,
518 3282 561 3347 ro).
585 3285 659 3347 infra
679 3286 717 3346 ἐξ.
732 3295 779 3335 rra.
796 3296 841 3335 ros.
867 3283 898 3332 L.
918 3295 957 3334 oro
972 3297 1016 3346 pr.
1039 3283 1069 3332 D.
1088 3283 1121 3331 de

165 3355 233 3406 verb.
249 3353 296 3405 obl.
314 3354 358 3418 (45,
374 3354 404 3419 1).
430 3353 492 3403 Νου.
509 3364 554 3405 115.
570 3369 592 3403 e.
607 3366 627 3406 o.
649 3354 680 3402 L.
696 3367 729 3404 ot.
749 3353 781 3403 D.
796 3355 828 3403 (le
842 3360 923 3403 contr.
939 3361 1012 3416 empt.
1028 3352 1073 3418 (18,
1088 3351 1119 3416 1).

164 3425 197 3475 Ι..
211 3436 232 3475 r.
249 3425 280 3472 1).
295 3425 327 3473 ete
341 3425 400 3485 stip.
414 3438 480 3472 serv.
497 3421 591 3489 (rma).
660 3421 761 3493 §.104⁸
784 3421 1120 3488 0fi§.o.1.lr.t.(s,1e).

166 3495 210 3544 Fr.
231 3494 289 3543 Vm.
305 3505 337 3544 ae.
358 3493 390 3541 L.
405 3503 425 3543 s.
444 3495 467 3555 5.
482 3505 503 3543 t.
519 3494 551 3543 D.
566 3496 686 3544 commori.
703 3493 747 3559 (rs,
762 3492 792 3559 a).
809 3495 839 3543 L.
856 3505 901 3544 ιιι.
925 3495 948 3554 ξ,
965 3505 984 3544 a.
1001 3495 1120 3558 inserpat.

164 3565 199 3613 D.
211 3565 242 3614 de
252 3563 320 3613 verb.
331 3561 379 3612 obt.
390 3561 435 3628 (⁴5,
445 3562 475 3630 1).
526 3559 551 3632 5.
565 3567 621 3615 105.
634 3587 667 3606 =
678 3566 700 3626 §-
712 3575 732 3614 τ.
749 3563 769 3612 I.
785 3566 840 3614 eod.
862 3563 899 3626 Cf.
911 3563 942 3613 L.
954 3577 974 3614 1.
986 3565 1025 3625 §§.
1042 3575 1075 3614 14.
1087 3573 1120 3615 15.
