2542 3909
430 234 435 241 ¹
488 192 517 226 n.
535 190 674 226 anu1ss1vs
692 190 784 237 nunno,

404 361 447 425 M.
471 359 701 426 ANTISTIVS
724 360 869 426 LABEO

503 466 571 534 (vixit
584 468 629 516 sub
643 468 767 531 Augusto).

455 566 496 621 De
518 568 594 621 iure
614 566 815 639 pontiiieio.

150 740 155 756 .
216 675 240 735 l.
264 674 447 731 ‘Proculiunt'
461 677 625 749 promittunt
641 676 678 730 ait
692 672 843 746 significare
859 675 994 730 Antistius
1010 674 1043 731 de
1060 677 1128 731 iure

154 758 302 834 pontificali
317 759 336 815 l.
355 759 429 815 Villi.
443 789 486 799 ·-
500 758 573 815 Fest.
590 776 614 815 v.
631 757 790 813 Proouliunt
804 775 831 831 p.
850 757 921 816 253.

216 842 246 901 2.
269 843 414 917 ‘Spurcum
436 844 529 899 uinum
550 851 601 911 est,
622 841 696 914 quod
718 844 801 898 saeris
822 840 942 898 adhiberi
959 854 1014 898 non
1028 842 1124 915 licet',

156 936 185 983 ut
206 928 244 983 eit
258 927 345 983 Labeo
362 928 494 982 Antistius
515 926 533 981 i.
550 926 580 979 X.
601 926 787 982 commentarii
802 926 873 990 iuris
893 924 1039 999 pontificii,
1063 922 1125 982 ‘cui

157 1028 225 1085 aqua
241 1012 357 1068 admixta
372 1018 424 1081 est,
440 1010 613 1066 defrutumue
628 1018 675 1065 aut
689 1011 752 1083 igne
768 1016 868 1065 tactum
884 1017 936 1082 ast,
951 1018 1175 1083 mustumue,us]

153 1104 294 1167 antequam
310 1093 503 1153 deierueseat’.
519 1124 560 1134 —
575 1092 648 1148 Fest.
664 1110 688 1148 v.
704 1093 836 1166 Spurcum
852 1110 880 1166 p.
897 1092 968 1150 348.

216 1176 247 1236 3.
269 1178 351 1233 ‘Pron
377 1176 447 1232 bona
473 1194 538 1248 uox,
565 1178 619 1233 'uel
640 1175 812 1250 mquidem,
839 1176 924 1250 proha
945 1172 1122 1250 signifioure¹

154 1258 287 1330 uidetur'‚
313 1267 345 1315 ut
369 1261 406 1316 uit
419 1258 508 1317 Labeo
535 1261 567 1316 de
593 1262 652 1316 iure
673 1259 813 1335 pontificio
835 1260 854 1315 l.
876 1260 918 1317 Xi.
934 1290 977 1301 -
992 1260 1063 1323 Fest.
1090 1278 1118 1317 v.

56 1378 62 1389 -
154 1344 225 1401 Pron
240 1362 267 1417 p.
284 1342 356 1400 253.

217 1428 246 1485 4.
269 1427 372 1483 Sistere
392 1426 450 1483 ione
471 1444 533 1483 eum
552 1430 580 1484 in
602 1426 668 1483 urbe
692 1426 830 1484 condenda
846 1427 961 1499 dieitur,
982 1426 1122 1501 signifieat

153 1512 253 1568 loonio
270 1510 371 1584 oppido
386 1510 541 1567 futurorum
561 1511 687 1568 sonorum
702 1513 878 1567 constituere.
909 1507 1122 1585 quam(quam)²

154 1597 285 1651 Antistius
306 1593 395 1650 Labeo
416 1596 452 1651 eit
472 1597 499 1650 in
521 1597 713 1652 commentario
736 1595 789 1650 XV.
811 1596 877 1651 iuris
893 1594 1035 1668 pontificii,
1055 1595 1121 1652 iane

154 1680 251 1734 sistere
271 1695 331 1734 esse
353 1678 518 1735 lectisternia
534 1682 614 1736 certis
629 1680 698 1736 locis
714 1688 742 1735 et
757 1678 807 1734 diis
822 1678 930 1735 habere.
946 1708 988 1719 -
1002 1679 1075 1735 Fest.
1091 1696 1118 1736 v.

153 1762 255 1817 Sistere
269 1780 295 1833 p.
309 1760 381 1822 351.

215 1842 243 1901 5.
268 1837 418 1918 ³Subigere
445 1848 554 1902 arietem
581 1850 609 1902 in
632 1847 726 1912 eodem
749 1845 819 1902 libro
842 1845 974 1901 Antistius
997 1863 1057 1902 esse
1078 1850 1119 1903 ait

153 1929 217 1985 dore
238 1931 364 1998 arietem,
386 1931 431 2003 qui
452 1946 503 2003 pro
519 1948 548 1986 se
563 1936 674 2004 agatur,
696 1929 833 1987 caedatur.
853 1959 887 1969 -
906 1929 978 1985 Fest.
996 1948 1020 1989 v.
1037 1928 1118 1985 Subi-

152 2029 217 2085 gere
232 2030 261 2086 p.
277 2012 349 2070 351.

214 2092 243 2153 6.
266 2096 354 2154 Labeo
365 2099 532 2171 sexagesimo
545 2106 573 2153 et
584 2105 682 2153 octauo
695 2092 784 2152 libro⁴
799 2096 900 2169 intulit,
914 2098 964 2152 nisi
976 2096 1117 2170 Neptuno,

151 2181 269 2255 Apollini
290 2189 318 2236 et
337 2180 416 2237 Marti
437 2190 542 2238 taurum
564 2198 619 2238 non
639 2181 782 2237 immolari.
803 2209 844 2221 -
868 2180 983 2237 Moerob.
1003 2181 1060 2237 Set.
1082 2182 1115 2257 3,

153 2264 201 2325 1o.
219 2261 248 2339 s.
264 2264 293 2321 4.

345 2379 389 2435 Ex
410 2380 532 2436 iisdem
555 2379 675 2455 libris,
698 2390 735 2437 ut
757 2376 927 2440 videtun.⁵

214 2484 242 2544 7.
264 2483 485 2562 P(r)osimerium
508 2505 567 2544 esse
585 2490 622 2544 uit
639 2491 770 2546 Antistius
786 2491 881 2549 Labeo
895 2495 925 2548 in
945 2494 1019 2549 l...
1041 2494 1117 2548 iuris

150 2572 318 2645 pontificalis
332 2573 493 2645 pomerium,
514 2572 541 2628 id
556 2580 597 2628 est
612 2574 707 2630 locum
720 2592 776 2645 pro
791 2592 883 2647 muro,
903 2578 953 2647 qui
966 2580 1115 2647 auspicato

225 2733 246 2801 ¹)
260 2734 363 2800 Scripsi
366 2752 377 2792 ;
391 2736 456 2784 uelut
465 2736 561 2799 quidum
571 2738 763 2801 praesignificare
774 2739 831 2788 edd.
858 2737 896 2802 Of.
911 2739 986 2788 Paul.
1002 2755 1024 2788 u.
1031 2755 1113 2803 prox.

154 2804 176 2872 ι)
189 2806 319 2870 Supplevi.
355 2803 376 2870 8)
393 2805 431 2869 Cf.
445 2822 527 2870 supra
541 2807 572 2856 L.
590 2808 705 2857 Cincium
719 2820 753 2859 10.
793 2806 815 2873 ⁴)
831 2808 873 2857 Aa
888 2811 955 2858 iuris
967 2812 1115 2873 pontificii?

152 2894 186 2927 an
201 2876 315 2927 omnibus
329 2880 385 2927 eius
399 2876 474 2927 tibris
488 2880 636 2936 numeratis,
656 2894 719 2942 quos
733 2879 937 2944 quadrinpentoo
947 2880 1031 2942 fuisse
1045 2880 1077 2929 L.
1092 2893 1112 2931 2,

152 2950 175 3010 9.
191 2959 225 2998 st.
245 2947 277 2996 D.
292 2950 324 2997 de
337 2951 404 3015 arip.
420 2950 471 2997 iur.
487 2962 506 3010 1,
521 2961 542 2999 2.
562 2956 671 2998 testatur
685 2956 710 2998 et
724 2951 751 2998 io
766 2949 857 3013 quibus
875 2952 951 2999 etiam
966 2950 1028 2999 libri
1046 2952 1114 3000 iuris

149 3019 279 3083 pontificii
292 3020 348 3068 eine
361 3018 439 3069 dubio
453 3019 548 3083 dipeeti
565 3020 657 3068 erant?
670 3019 719 3084 (Cf
739 3020 771 3068 L.
786 3032 806 3070 2.
821 3022 845 3082 ξ.
859 3032 893 3071 44.
909 3019 953 3085 ib.)
980 3020 1115 3070 Posterius

152 3090 237 3138 mutim
251 3092 410 3139 existimare.
445 3086 465 3153 ⁶)
479 3089 512 3138 In
519 3089 561 3138 itis
568 3089 712 3139 Labeonem
722 3097 837 3139 nostrum
846 3092 922 3139 etiam
932 3092 963 3139 de
973 3092 1114 3156 diisepisoe

152 3168 177 3209 et
186 3175 237 3223 per
250 3175 278 3209 oe
292 3161 431 3210 uerisimile
445 3166 483 3208 est
496 3167 521 3207 et
535 3166 638 3208 constat
653 3175 688 3208 ex
699 3161 736 3223 fr.
748 3171 781 3212 15.
792 3173 825 3211 2ο.
849 3160 886 3209 Aa
895 3162 970 3210 etiam
980 3160 1114 3210 Cornelius

152 3231 255 3295 quidam
263 3230 350 3280 Labeo
358 3229 740 3295 hoearpumentumtteolopioa
745 3233 843 3293 potius,
851 3232 995 3289 utoidetur‚
1003 3234 1114 3289 ratione,

152 3301 326 3365 compluribus
336 3301 544 3350 tioriseaeeautuo
558 3306 623 3361 erat,
638 3301 669 3350 de
684 3300 775 3365 quibua
789 3303 840 3351 oid.
855 3300 1113 3364 Maerab.Sat.1,1u.

152 3382 186 3422 lo.
198 3383 231 3422 18.
246 3382 267 3433 t,
281 3383 302 3421 4.
331 3370 367 3419 Et
379 3372 423 3420 itia
437 3370 537 3434 quidem
550 3370 620 3419 Ituna
629 3370 773 3422 Labeonem
787 3373 877 3421 addito
887 3372 1001 3422 Cornelii
1015 3374 1114 3422 nomine

152 3435 245 3505 ubique
259 3457 276 3490 a
289 3450 378 3491 nostro
392 3447 515 3491 accurate
529 3442 663 3490 discernit.
696 3442 766 3492 Attis
779 3458 840 3493 vero
855 3444 913 3492 item
923 3443 1114 3506 posterioribus

154 3513 256 3574 saepius
269 3511 357 3562 Labeo
371 3513 522 3582 simptieiter
536 3511 660 3561 laudatur
673 3514 857 3562 sententiarum
871 3520 972 3573 auctor,
982 3528 1047 3577 quae
1057 3516 1114 3577 ple·
