2542 3909
180 231 243 295 438
322 246 429 283 summ
447 247 588 284 ramnum
604 247 770 284 annaneane
787 245 1002 285 BEROMNENSIA.

242 386 288 446 14.
314 390 382 447 Cum
397 394 432 448 de
447 395 511 448 iure
528 396 691 448 testamenti
704 395 877 462 disputatur,
893 390 939 462 qvi
955 395 1038 461 negat
1053 401 1147 459 neque

179 475 215 530 alt
236 476 267 530 id
281 477 405 548 probat,
426 486 476 533 aut
491 477 565 532 sicut
579 478 607 532 in
622 484 704 550 rupto
728 482 889 532 testamento
904 473 1025 545 probat,
1048 478 1147 528 tamen

180 559 318 616 lanarum
333 562 534 633 possessionem
547 560 595 617 sed
607 569 702 617 contra
715 559 818 616 tabulas
829 557 956 630 'accipit7
971 560 1040 631 quia
1052 571 1146 613 eausa

178 643 336 700 liberorum
349 663 425 716 prae
435 639 442 678 ¹
452 649 602 703 teritorum
617 645 715 702 melior
730 644 849 701 uidetur.

242 724 286 784 16.
312 723 356 805 [L.
379 736 406 790 5.
429 731 467 787 Ι).
488 732 523 787 de
545 733 619 787 dotis
640 732 737 786 collat.
760 733 798 784 37
804 771 811 798 ,
836 722 880 804 7.]

243 806 307 869 216.
332 807 376 889 [L.
398 818 423 870 9.
446 815 483 870 D.
504 817 539 871 de
559 817 632 872 datis
648 816 744 871 collat.
772 817 824 883 37,
849 817 876 869 t.
915 812 981 868 inde
1007 828 1026 866 a
1052 811 1148 867 verbis

179 893 275 970 (ldem)
299 913 384 970 nepas
406 891 474 975 εῑ.]3
904 957 907 964 ,

243 977 286 1038 17.
312 972 354 1060 [t.
380 987 424 1040 17.
453 983 489 1038 I).
512 984 548 1039 de
568 986 674 1040 iniusta
695 990 782 1055 rupto
806 985 859 1052 28,
882 977 924 1055 3.]

241 1062 287 1134 18.
313 1063 358 1140 [L.
382 1073 410 1123 5.
437 1069 473 1124 D.
496 1069 531 1124 de
546 1069 620 1124 elatis
641 1070 738 1125 collat.
760 1071 813 1130 37,
837 1059 897 1142 7.]4

253 1232 273 1301 ¹)
289 1235 320 1285 In
339 1239 397 1300 ipsa
416 1238 465 1287 noc
483 1254 559 1288 versu
579 1245 691 1288 ceterum
710 1252 792 1287 vacua
811 1237 837 1284 in
854 1237 906 1298 fine
925 1236 1020 1284 litteris
1041 1235 1147 1283 minutis

181 1307 298 1356 additum
314 1315 352 1357 est
375 1309 439 1370 lpins
459 1307 596 1374 (vulpiani)
676 1305 697 1372 ²)
718 1307 791 1357 Num.
811 1318 908 1358 16-18
928 1308 976 1354 alii
995 1305 1147 1371 (Kriiqerus

174 1385 253 1440 putat
271 1378 394 1444 eiusdem)
415 1380 515 1430 codicis
531 1381 599 1444 solio
613 1381 746 1444 sinqulari
760 1379 807 1428 sed
825 1377 892 1427 binis
907 1378 1031 1428 columnis
1045 1378 1145 1439 scripto

179 1448 305 1498 debentur
329 1451 398 1513 quod
415 1453 497 1513 paula
511 1457 574 1513 post
592 1453 619 1500 in
638 1451 726 1500 eadem
746 1450 888 1514 sarroqine
909 1455 1038 1512 repertum
1056 1453 1082 1496 et
1100 1462 1146 1496 eoc-

179 1534 280 1568 cnssum
294 1527 345 1578 est,
359 1521 392 1569 de
406 1536 455 1584 qao
470 1522 521 1573 vid.
537 1521 645 1586 Krisqer
660 1523 686 1569 in
702 1521 792 1569 iisdem
812 1514 1073 1569 ‘Monatsbericltten’
1094 1529 1148 1569 1880

174 1605 203 1652 p.
217 1601 258 1641 ³63
271 1605 323 1654 seq.
343 1598 367 1640 et
386 1591 531 1640 Zachariae
550 1593 582 1641 de
601 1591 761 1656 Linqentlial
779 1592 806 1640 in
828 1588 967 1640 ‘Deutscie
986 1590 1147 1638 Litteratur·

178 1656 294 1724 zeitunq’
310 1673 362 1712 1881
373 1668 401 1725 p.
416 1674 463 1713 sto.
491 1662 546 1712 Hic
560 1669 671 1726 praeter
690 1663 893 1722 convenientiam
909 1662 947 1724 fr.
962 1673 987 1714 tt
1002 1677 1059 1711 eum
1072 1660 1105 1708 L.
1121 1672 1147 1711 tt

180 1730 217 1779 ibi
231 1733 289 1788 cit„
308 1748 383 1796 qnam
398 1735 448 1782 iam
462 1733 571 1797 Krviqer
585 1733 780 1792 observaverat,
799 1735 875 1782 etiam
890 1732 929 1795 fr.
945 1743 970 1783 16
985 1734 1012 1783 in
1027 1731 1059 1780 L.
1074 1743 1086 1782 9
1101 1732 1145 1780 cit.

179 1808 204 1850 et
214 1801 253 1864 fr.
268 1813 294 1853 18
308 1805 336 1852 in
350 1803 382 1852 L.
397 1814 410 1854 5
430 1806 473 1854 cit.
488 1819 627 1854 recurrere
647 1804 713 1853 vidit
731 1804 840 1868 indeque
857 1803 1008 1868 Krtiqerum
1022 1803 1085 1866 folii
1094 1817 1157 1870 pa·-

176 1874 266 1937 qinam
278 1876 449 1936 posteriorem
462 1872 519 1942 (col.
531 1873 621 1942 111.1V)
636 1891 729 1925 errore
739 1889 791 1938 pra
802 1876 895 1938 priore
909 1873 1028 1923 inivisse
1041 1873 1147 1921 denton-

178 1947 280 1996 stravit.
317 1943 387 2004 Quae
401 1953 543 2009 praetereo
562 1948 589 1995 in
610 1953 719 2010 utraque
733 1947 835 2012 popina
850 1949 916 1995 lecta
932 1952 1004 2004 sunt,
1024 1945 1050 1992 in
1065 1942 1107 1991 tis
1122 1950 1148 1992 et

177 2017 290 2079 quinque
304 2016 404 2066 scliolia
422 2016 523 2080 Graeca
538 2019 565 2066 in
581 2019 787 2068 intercolumniis
807 2033 914 2081 quorum
933 2017 980 2064 uni
993 2017 1058 2064 sotis
1073 2015 1146 2064 clare

178 2102 268 2136 nomen
279 2081 406 2148 Ῥιτισιος
415 2090 610 2152 praescriptum
623 2095 670 2146 est,
685 2091 710 2137 el
724 2095 800 2140 notae
813 2090 889 2136 semel
903 2089 943 2135 uel
952 2086 992 2136 bis
1002 2085 1090 2144 Pauli,
1105 2092 1147 2134 ter

184 2156 290 2221 Ulpiani
303 2158 360 2224 (illo
373 2159 443 2209 ltunc
458 2167 527 2209 certe
540 2161 617 2209 semel
630 2160 667 2208 ad
681 2160 747 2209 idem
761 2173 912 2222 responsum
922 2154 1107 2221 praecedente)
1122 2163 1147 2205 et

179 2230 238 2291 ipsa
252 2231 337 2280 omnia
351 2231 388 2278 ad
401 2247 423 2280 c.
438 2236 456 2279 t.
471 2230 494 2279 b.
507 2233 696 2293 possessionem
707 2231 842 2293 pertinere
856 2229 920 2278 milti
933 2229 1061 2278 videntur.
1093 2225 1148 2276 Sed

175 2297 204 2348 ‘et
224 2300 283 2362 sere
302 2303 387 2350 omnia
406 2308 458 2350 tam
476 2303 567 2350 lacera
584 2308 657 2359 sunt,
682 2301 775 2350 utrix
793 2307 846 2350 tnto
864 2299 907 2348 tite
926 2299 1039 2362 referri,
1054 2298 1147 2347 nedum

179 2378 267 2419 certae
280 2372 423 2420 sententiae
438 2372 498 2420 inde
508 2372 580 2435 effici
590 2378 692 2436 queant.
750 2367 771 2436 8)
788 2371 927 2434 Numquae
938 2372 1054 2433 paucula
1065 2385 1146 2432 prae·

180 2441 276 2489 cedant
293 2443 320 2490 in
340 2456 404 2492 novo
420 2442 488 2504 folio
507 2444 555 2491 cvi.
571 2441 614 2501 ΙΙ,
633 2458 656 2490 v.
672 2454 742 2492 1-4
764 2441 938 2490 Tricomianus
957 2441 1049 2490 omisit.
1082 2440 1147 2489 Item

184 2510 290 2573 Ulpiani
303 2519 397 2570 notam,
412 2513 487 2561 cuius
500 2514 628 2576 reliquiae
643 2511 735 2562 ibidem
748 2529 770 2562 v.
781 2523 869 2564 10-1'1
884 2512 1054 2562 adiiciuntur.
1079 2510 1147 2560 Eam

179 2596 240 2632 vero
262 2583 349 2631 statim
366 2584 500 2646 excepisse
518 2583 621 2632 videtur
640 2599 749 2647 sequens
765 2582 1006 2646 sr.1t-·=eol.II
1020 2599 1042 2632 v.
1058 2593 1147 2633 18-—28

179 2652 226 2700 sed
244 2654 294 2710 ita,
314 2660 343 2702 ut
364 2653 538 2704 Tribonianus
557 2655 671 2712 omissis,
693 2669 757 2718 quas
772 2655 866 2718 solium
887 2671 909 2704 a.
924 2665 1013 2706 24-30
1031 2653 1146 2711 subiicit,

181 2722 261 2771 Pauli
274 2731 299 2772 et
317 2724 422 2788 Ulpiani
436 2727 517 2783 notis,
536 2740 571 2774 eu
585 2726 619 2774 iis
633 2727 716 2790 ipsum
732 2725 876 2788 Papiniani
890 2740 1040 2788 responsum
1055 2725 1081 2774 in
1094 2725 1147 2786 fine

180 2791 214 2858 (v.
229 2793 265 2857 ns)
283 2802 393 2844 mutasse
412 2796 630 2859 deprehendatur.
715 2793 737 2862 ⁴)
758 2796 796 2859 Cf.
817 2797 883 2845 idem
902 2796 984 2859 infr.
1004 2806 1037 2847 15.
1074 2793 1148 2854 Quod

181 2879 237 2913 cvm
252 2865 289 2914 ibi
298 2881 412 2928 prorsus
421 2869 483 2917 aliis
488 2867 708 2931 praecedentibus
719 2874 744 2916 et
754 2883 789 2916 eac
798 2868 888 2917 codice
894 2867 1011 2930 fortasse
1022 2881 1073 2916 non
1088 2867 1147 2914 item

180 2935 248 2986 binis
263 2939 388 2988 columnis
405 2940 505 3002 scripta
524 2940 673 3002 reseratur,
693 2941 739 2987 vinc
758 2945 807 2996 est,
823 2944 851 2987 vt
869 2943 984 2988 nostrum
999 2937 1094 3000 solium
1112 2950 1147 2986 eu

180 3006 300 3072 Kriiqeri
313 3011 440 3060 sententia
450 3011 487 3060 ad
495 3010 602 3059 eundem
616 3011 731 3060 codicem
739 3011 907 3072 pertinuerit,
918 3010 1075 3072 praesertim
1090 3023 1147 3056 cum

180 3077 261 3128 Pauli
274 3087 299 3129 et
317 3080 423 3144 Ulpiani
436 3083 541 3131 nomina
556 3083 582 3129 in
593 3096 622 3130 eo
633 3096 684 3130 non
695 3088 723 3129 vt
733 3079 769 3128 ibi
778 3080 859 3130 rubra
875 3082 962 3131 colore
975 3081 1076 3144 scripto
1086 3079 1147 3127 sint.
