2542 3909
152 224 214 288 316
474 239 536 274 eun
555 240 655 277 rusrrr.
676 220 724 275 Ill.
743 226 799 274 1⁶32.

152 383 303 456 promissor
315 372 403 457 (per)
416 381 506 454 legem
521 379 627 436 Furiam
640 380 748 437 biennio
761 381 923 450 liberantur,
939 387 968 434 et
980 386 1117 452 quotquot

153 474 234 522 erunt
254 482 368 522 numero
392 482 425 522 eo
443 475 579 538 tempore,
602 482 657 537 quo
679 466 791 538 pecunia
812 467 868 538 peti
896 473 1003 539 potest,
1027 465 1054 518 in
1076 471 1119 518 tot
1163 483 1164 486 ¹

153 559 243 624 partes
258 543 423 606 ’diducitur¹
441 552 511 605 inter
528 566 575 606 eos
591 549 741 622 obligatio,
757 558 784 606 et
799 549 902 623 singuli
917 548 1010 604 uiriles
1026 557 1117 620 partes

153 635 235 691 ’dare
262 629 427 703 iubentur32
455 633 630 690 fideiussores
660 650 725 690 uero
755 643 887 707 perpetuo
917 641 1062 700 tenentur,
1089 639 1119 686 et

81 732 137 780 160.
155 727 294 792 quotquot
314 728 395 775 erunt
409 734 540 792 numero,
561 719 663 792 singuli
682 718 838 774 insolidum
855 710 858 796 )
877 716 1046 790 obligantur:
1069 717 1117 771 ita·

90 800 107 838 i·
121 807 140 837 ¹·
155 820 208 878 que
230 803 343 859 liberunt
367 812 409 860 est
431 803 574 872 creditori,
597 820 683 876 aquo
699 806 781 872 uelit,
805 802 920 860 solidurn
944 809 1049 874 petere:
1071 801 1118 856 sed

154 905 226 944 nunc
241 905 273 943 ex
289 889 405 962 epistula
420 887 476 943 diui
492 886 619 945 Hadriani
636 887 816 959 compellitur
832 887 977 942 creditura
992 884 1118 958 singulis,

154 974 200 1045 qui
215 972 297 1028 ruodo
313 972 447 1028 soluendo
462 972 529 1043 sint,
550 979 644 1045 partes
658 982 765 1045 petere.
810 988 843 1027 eo
859 973 943 1044 igitur
958 970 1040 1026 distat
1054 970 1118 1024 haec

153 1057 269 1130 epistula
291 1057 387 1131 alege
408 1055 503 1127 Furia,
527 1057 601 1130 quod
622 1059 646 1112 sl
667 1058 727 1129 quis
744 1073 776 1112 er
791 1055 971 1130 sponsoribus
992 1063 1039 1110 aut
1054 1053 1119 1108 lide·

152 1140 366 1216 promissoribus
386 1140 520 1196 soluendo
541 1158 597 1197 uon
617 1143 669 1210 sit,
690 1139 752 1197 ’boc
772 1158 840 1197 onus
861 1139 912 1212 (ud
931 1146 1043 1196 eeteros
1061 1155 1119 1196 non
1180 1164 1185 1173 ·

149 1230 288 1298 pertinet,
304 1229 330 1280 si
344 1241 414 1282 uero
430 1241 470 1282 ece
483 1220 735 1296 fideiussoribus),
757 1225 789 1280 ad
805 1234 913 1282 ceteros
933 1239 1043 1298 quoque
1058 1239 1119 1297 per·

154 1312 229 1368 tinet.
265 1318 308 1365 set
334 1302 416 1364 cuur3
443 1310 486 1365 lex
509 1309 587 1364 l'uria
611 1314 716 1367 tantum
744 1311 771 1366 in
794 1309 870 1366 ltalia
896 1309 988 1365 locum
1012 1307 1118 1376 babeat,

154 1395 262 1463 euenit,
285 1395 359 1449 utin
374 1397 476 1449 ceteris
496 1395 648 1466 prouinciis
663 1410 813 1468 sponsores
833 1409 943 1467 quoque
958 1401 986 1448 et
1001 1391 1119 1465 lidepro·

153 1480 282 1534 missores
302 1477 418 1551 proinde
440 1493 471 1534 ac
490 1476 665 1534 fideiussores
688 1478 724 1534 ’et
747 1471 903 1551 perpetuo4
924 1485 1070 1533 teneantur
1092 1483 1120 1529 et

154 1561 256 1636 singuli
271 1563 298 1617 in
315 1561 431 1618 solidum
448 1561 616 1635 obligentur,
632 1565 684 1618 nisi
700 1579 731 1617 ex
748 1563 864 1635 epistula
880 1562 934 1617 diui
950 1559 1073 1616 Hadriani
1090 1559 1118 1614 hi

83 1645 86 1650 '
154 1647 276 1719 'quoque
301 1645 469 1702 adiuuentur
496 1647 522 1701 in
545 1641 648 1719 parte.⁵
690 1641 754 1705 122.
777 1647 918 1703 Praeterea
943 1647 1014 1701 inter
1036 1658 1119 1716 spon·

156 1746 233 1786 sores
250 1738 277 1786 et
292 1727 528 1803 fidepromissores
551 1729 594 1785 leu
609 1731 722 1804 Apuleia
745 1729 878 1804 quandam
902 1731 1056 1786 societatem
1079 1729 1119 1782 in·

155 1814 291 1871 trodurit:
315 1830 377 1870 narn
400 1816 423 1869 si
446 1816 507 1887 quis
528 1814 625 1870 horum
648 1813 710 1888 plus
721 1831 769 1871 sua
789 1816 918 1888 portione
932 1813 1062 1883 soluerit,
1086 1811 1120 1866 de

155 1914 199 1968 eo,
215 1898 288 1972 quod
304 1898 417 1972 amplius
433 1897 549 1970 dederit,
565 1899 697 1956 aduersus
712 1908 818 1955 ceteros
834 1900 954 1956 actiones
966 1896 1119 1954 constituit.

155 2000 225 2056 quae
240 1984 282 2040 len
297 1992 359 2039 ante
374 1983 462 2057 legem
480 1982 585 2040 Furiam
600 1983 654 2040 lata
669 1993 727 2056 est,
751 1999 805 2057 quo
823 1992 945 2057 tempore
960 1984 988 2038 in
1004 1981 1119 2038 solidum

156 2067 361 2142 obligabantur:
384 2069 455 2124 unde
478 2069 633 2142 qrraeritur,
657 2085 690 2124 an
712 2078 776 2142 post
797 2068 887 2142 legem
903 2066 1010 2122 Furiam
1034 2065 1121 2122 adbuc

230 2199 250 2268 ¹)
265 2203 305 2252 ed.
324 2201 398 2252 stud.
418 2203 544 2252 deducitur
564 2202 590 2251 Ο.
609 2202 668 2254 edd.
684 2209 709 2251 et
725 2217 793 2252 meae
809 2202 896 2264 prior.
969 2195 991 2263 ²)
1009 2198 1121 2248 Restitui

157 2271 263 2324 ‘Gaius'
277 2290 304 2338 p.
319 2285 353 2325 ot.
373 2274 521 2322 bocabentur
538 2273 564 2324 θ.
579 2271 628 2337 (in)
644 2273 726 2321 uiriles
746 2287 769 2335 p.
786 2273 937 2320 uocabantur
952 2273 984 2331 ej.
1002 2269 1120 2319 Pdsclrm.

155 2345 193 2397 II.
209 2361 236 2408 p.
251 2356 285 2396 to.
311 2343 359 2409 (in)
379 2360 402 2393 u.
422 2359 446 2407 p.
466 2343 610 2408 obligantur
623 2343 681 2392 edd.
696 2343 744 2408 Bp.
759 2353 780 2394 5.
795 2350 820 2392 et
833 2340 906 2391 stud.
928 2341 1121 2396 Potesttamen,

156 2424 184 2465 ut
198 2416 329 2465 exciderit
344 2429 372 2462 ex
381 2422 443 2478 post
457 2421 550 2476 part-es
561 2421 668 2476 tempore
679 2414 804 2475 posthoc,
820 2420 844 2462 et
853 2412 987 2476 legendum
996 2411 1031 2459 sit
1041 2416 1121 2472 partes
1135 2407 1141 2422 ⁸

156 2485 212 2552 (ere)
227 2486 273 2534 hoc
289 2486 411 2550 (tempore
426 2485 491 2532 dore
505 2482 639 2546 iu)bentur.
664 2483 734 2532 Unde
744 2485 811 2531 enim
820 2498 842 2530 o.
854 2482 916 2530 boc?
972 2478 994 2544 ⁸)
1008 2480 1083 2529 Haec
1097 2486 1122 2528 et

157 2572 223 2621 puae
236 2561 379 2619 sequuntur
393 2569 428 2602 eor
447 2553 474 2602 V
474 2549 507 2611 st,
526 2554 554 2601 in
575 2567 624 2616 quo
639 2559 722 2602 tamen
737 2559 775 2602 est
789 2559 924 2602 ceterorum
939 2548 985 2615 (eor
998 2551 1121 2612 ceteror').

161 2626 231 2688 Quae
250 2627 344 2675 omisso
362 2632 435 2682 sont,
454 2623 625 2673 Mommsenus
642 2630 747 2673 seruato
766 2639 788 2673 o.
809 2630 944 2672 ceterorum
962 2622 1002 2670 sie
1020 2626 1078 2682 post
1093 2619 1122 2667 ad

157 2698 275 2762 suppleri
284 2698 351 2744 vult:
366 2692 477 2745 ‘eeteros
486 2710 537 2743 nora
547 2695 679 2757 pertinen
693 2696 739 2744 sed
747 2709 782 2744 eae
790 2691 989 2756 fideiussoribus
997 2692 1046 2740 etsi
1056 2703 1123 2738 unus

158 2775 256 2819 tontum
270 2766 394 2816 soluendo
412 2767 447 2814 sit
465 2767 502 2815 od
514 2781 570 2814 eum
584 2780 649 2815 onus
664 2761 810 2836 cetemrum’
826 2772 851 2814 et
864 2766 903 2813 st'c
917 2763 957 2812 ed.
972 2761 1045 2812 stud.
1070 2757 1124 2808 Sed

159 2855 208 2889 our
222 2841 304 2902 pluro
321 2840 442 2900 supplere
461 2853 536 2902 quom
555 2843 656 2900 oportet
674 2842 700 2885 et
718 2837 869 2886 sententiam
887 2836 971 2883 minus
991 2837 1077 2894 optem
1098 2836 1123 2878 et

158 2911 298 2973 simplicem
318 2908 438 2958 Gaiana?
509 2906 532 2973 4)
552 2909 711 2971 inperpetuo
732 2907 758 2956 Ο.
773 2907 812 2956 ed.
828 2905 877 2972 Bp.
895 2905 993 2968 scripsi
1011 2917 1079 2952 nunc
1099 2908 1124 2949 et

154 2997 207 3046 pro
221 2982 258 3042 ln3
274 2987 350 3030 anteo
363 2979 497 3030 edideram
511 2980 535 3028 in
549 2986 700 3051 perpetuum.
764 2974 785 3043 ὁ)
805 2973 862 3038 V¹23
876 2983 901 3026 et
915 2976 980 3025 nibil
995 2976 1022 3022 in
1037 2974 1124 3024 eodem

158 3067 234 3102 versu
254 3059 315 3116 post
337 3051 401 3100 baec
418 3053 493 3115 sequi
510 3053 591 3100 visum
610 3057 655 3100 est.
688 3048 741 3098 Sed
761 3056 806 3098 out
824 3047 987 3098 scribendum
1006 3046 1125 3094 videtur:

159 3124 279 3172 adiuuent'
294 3131 319 3172 ut
335 3120 339 3187 Ι
356 3123 379 3171 in
398 3129 480 3186 partes
494 3123 698 3178 conuenienter,
713 3127 771 3178 aut,
791 3120 860 3184 quod
872 3123 1002 3182 praestet,
1018 3117 1041 3164 in
1056 3122 1123 3178 parte

160 3203 188 3244 ut
200 3196 327 3260 glossema
341 3193 482 3243 delendum.

160 3320 251 3384 quinti,
262 3325 290 3367 ut
299 3317 410 3375 videtur,
421 3319 507 3366 lutam.
524 3315 562 3379 Of.
572 3327 594 3377 t,
604 3326 638 3365 si.
654 3313 686 3362 L.
694 3324 729 3365 29.
743 3314 766 3374 ἕ.
776 3324 796 3363 6.
812 3312 842 3362 Β.
851 3313 933 3363 mand.
945 3310 990 3377 (rt,
1002 3309 1033 3377 1).
1049 3309 1080 3358 L.
1090 3319 1123 3360 25.

160 3391 192 3439 D·
203 3390 236 3438 de
244 3391 304 3452 stip.
313 3403 381 3436 sero.
399 3387 444 3453 (st,
454 3385 487 3452 o).
502 3385 534 3434 L.
549 3397 570 3436 4.
586 3385 618 3434 D.
629 3386 663 3434 de
677 3385 728 3434 dio.
745 3391 819 3446 temp.
834 3382 878 3449 (44,
888 3381 918 3446 o).
937 3382 969 3432 L.
984 3393 1005 3433 t.
1021 3383 1044 3444 ξ.
1056 3393 1078 3430 t.
1094 3380 1125 3429 D.

160 3476 214 3510 rem
223 3475 287 3524 pup.
298 3457 344 3526 (to,
354 3456 385 3523 t).
404 3464 485 3520 partes
495 3453 564 3523 dare]
583 3457 617 3518 cs.
628 3455 661 3506 L.
672 3467 692 3508 o.
707 3456 730 3517 ξ.
743 3467 761 3505 1.
777 3454 809 3504 L.
820 3465 853 3505 at.
869 3455 909 3515 ἐξ.
921 3466 939 3505 1.
950 3464 983 3504 ιο.
998 3452 1031 3505 L.
1042 3463 1077 3504 tt.
1092 3451 1124 3499 D.

160 3531 193 3580 de
207 3533 282 3583 solut.
299 3529 343 3594 (to,
357 3529 388 3591 s).
408 3528 515 3576 lldeiuss.
530 3523 601 3594 uero]
621 3526 656 3589 es.
672 3527 694 3587 §-
710 3537 729 3576 4.
748 3525 770 3574 I.
786 3525 809 3575 d.
824 3532 841 3574 t.
857 3522 888 3589 (a,
903 3523 949 3590 20).
1022 3519 1125 3591 §.122

161 3602 198 3649 lex
212 3596 321 3666 Apuleia]
336 3599 452 3661 fortasse
466 3614 490 3647 α.
506 3615 530 3647 u.
546 3609 593 3650 aot.
608 3623 642 3633 —
660 3597 699 3660 Os.
714 3596 745 3645 L.
761 3607 795 3648 ts.
814 3595 846 3644 D.
862 3596 894 3644 de
904 3596 976 3657 fidei.
991 3592 1037 3659 (so,
1052 3591 1083 3660 1).
