2542 3909
472 246 507 281 DE
525 246 638 281 LEGIBVS
655 246 735 282 mss
751 248 783 284 11.
1063 242 1104 299 57

200 370 243 429 M.
265 371 328 427 Non
349 372 431 443 enirn,
452 370 562 445 Quinte,
582 381 657 429 recte
672 375 864 444 existimamus,
880 388 949 447 quae
963 391 1051 447 poena
1067 375 1106 431 di·

140 457 199 514 uina
221 457 269 526 sit,
293 455 342 511 sed
366 455 537 528 opinionibus
557 456 634 530 uulgi
654 458 776 531 rapimur
796 460 824 513 in
839 472 960 514 errorem
974 474 1026 515 nec
1041 475 1105 516 uera

140 540 284 597 cernimus.
314 547 403 596 morte
414 546 461 595 ant
472 540 567 597 dolore
579 543 703 615 corporis
718 550 763 597 aut
779 542 855 598 luctu
869 542 950 598 animi
964 551 1011 599 aut
1022 543 1106 599 od'en·

140 625 216 679 sione
232 622 325 679 indicii
348 623 487 680 bominum
509 625 630 680 miserias
652 625 846 698 ponderemus,
867 640 938 699 quae
952 626 1042 683 lateor
1056 628 1106 683 bu·

141 724 217 763 mana
231 722 292 763 esse
307 714 337 763 et
358 706 452 763 multis
474 706 553 764 bonis
576 709 643 764 uiris
665 708 806 765 accidisse:
835 710 945 767 sceleris
960 719 1003 766 est
1017 727 1105 784 poena

139 792 227 847 tristis
243 799 270 846 et
281 796 448 864 praeterens
461 800 586 861 euentus,
603 794 650 865 qui
661 801 802 865 secuntur,
816 810 866 866 per
877 810 908 850 se
919 794 978 867 ipsa
990 796 1104 851 maxima

139 882 191 931 est.
221 874 338 930 uidimus
354 889 413 946 eos,
429 876 485 948 qui,
501 877 553 931 nisi
568 876 691 932 odissent
704 878 828 951 patriam,
844 892 991 949 numquam
1005 879 1105 935 luimicl

139 957 217 1014 nobis
239 958 369 1029 luissent,
392 957 509 1015 ardentis
531 967 590 1016 turn
605 960 764 1034 cupiditate,
788 968 844 1015 tum
861 968 945 1028 metu,
968 969 1026 1017 tum
1040 978 1105 1019 con·

140 1042 266 1111 scientia,
288 1038 447 1115 (puidlquid
467 1052 590 1117 agerent,
617 1043 699 1099 modo
721 1044 852 1115 timentis,
873 1044 992 1099 uicissim
1012 1054 1105 1101 conte·

139 1128 257 1182 mneutis
268 1125 429 1200 religiones,
443 1127 550 1197 iudicia,
565 1136 696 1202 perrupta
706 1127 738 1183 ab
749 1126 834 1183 isdem
850 1128 1005 1201 corruptela
1019 1129 1105 1185 bomi-

138 1226 215 1282 num,
237 1226 294 1267 non
316 1209 440 1270 deorum.
476 1207 526 1267 44.
549 1212 695 1285 reprimam
715 1213 767 1267 iam
790 1219 817 1267 et
832 1228 888 1268 non
902 1213 1032 1286 insequar
1046 1212 1105 1269 lou·
1153 1279 1157 1284 ,

139 1295 222 1367 gius,
243 1309 331 1367 coque
352 1296 455 1367 minus,
477 1311 532 1368 quo
552 1295 614 1369 plus
633 1312 783 1369 poenorum
802 1295 887 1353 babeo
906 1312 987 1370 quam
1006 1298 1104 1371 petiui3

140 1384 248 1433 tantum
269 1393 364 1450 ponam
387 1377 473 1450 breui,
495 1379 630 1453 duplicem
652 1396 765 1453 poenam
787 1396 848 1437 esse
874 1380 1002 1452 diuinam,
1030 1381 1104 1455 quod

141 1468 253 1517 constat
274 1456 314 1516 et¹
336 1479 367 1519 er
390 1462 519 1519 uexandis
543 1464 668 1519 uiuorum
690 1466 786 1519 animis
807 1473 834 1521 et
849 1480 880 1521 eo
896 1465 964 1520 lama
979 1472 1104 1521 mortuo·

138 1561 212 1616 rum,
224 1552 254 1601 ut
265 1561 359 1602 eorum
368 1548 479 1603 exitium
489 1554 518 1603 et
530 1547 629 1605 iudicio
636 1548 797 1604 uiuorumet
804 1548 904 1621 gaudio
910 1547 1103 1621 conprobetur.

201 1628 289 1686 XVlll.
313 1626 359 1687 45.
381 1631 448 1704 Agri
469 1638 559 1688 autem
581 1648 615 1687 ne
637 1639 842 1704 consecrentur,
864 1632 970 1689 Platoni
991 1648 1104 1706 prorsus

139 1713 289 1785 adsentior,
310 1715 368 1787 qui,
389 1716 412 1771 si
434 1714 515 1771 modo
536 1717 710 1789 interpretari
731 1724 857 1789 potuero,
878 1716 921 1772 bis
941 1716 999 1773 lere
1014 1716 1104 1773 uerbis

139 1799 241 1855 utitur:
264 1795 351 1855 ‘terra
372 1799 472 1872 igitur,
501 1807 532 1855 ut
553 1799 630 1856 loeus
652 1800 867 1873 domiciliorum,
895 1817 969 1857 sacra
991 1801 1104 1857 deorum

138 1884 258 1938 omnium
274 1889 335 1952 est;
352 1884 476 1956 quocirca
492 1900 526 1940 ne
542 1886 602 1957 quis
616 1886 715 1940 iterum
730 1884 800 1940 idern
816 1892 986 1942 consecrato.
1009 1901 1104 1941 aurum

138 1974 230 2021 autem
244 1973 272 2022 et
288 1974 433 2041 argentum
447 1968 474 2023 in
491 1967 602 2025 urbibus
618 1975 646 2024 et
659 1970 787 2042 priuatim
803 1970 873 2025 etin
887 1968 956 2025 sanis
970 1968 1104 2025 inuidiosa

137 2064 185 2105 res
199 2058 249 2108 est.
281 2059 339 2107 tum
360 2049 427 2107 ebur
446 2068 478 2108 ex
499 2054 571 2109 inani
591 2069 708 2126 corpore
726 2060 875 2109 extractum
895 2052 965 2110 haud
981 2054 1046 2109 sotis
1061 2070 1104 2109 ca·

136 2142 211 2191 stum
233 2134 336 2190 donum
356 2134 417 2194 deo.
451 2137 503 2192 iam
526 2153 569 2193 aes
593 2144 674 2210 atque
694 2136 796 2191 ierrum
817 2136 901 2192 duelli
914 2138 1104 2208 iustrumenta,

136 2234 194 2275 uon
210 2218 276 2275 lani.
307 2218 430 2292 ligneum
444 2228 533 2277 autem
550 2220 623 2293 quod
636 2221 683 2293 qui
694 2219 814 2274 uoluerit
825 2235 881 2274 uno
892 2218 992 2292 eligno
1004 2218 1105 2291 dicato,
1135 2240 1142 2248 ·

136 2304 258 2376 itemque
280 2302 432 2376 lapideum,
454 2306 481 2360 in
496 2304 614 2361 delubris
630 2301 829 2375 communibus,
849 2302 993 2358 teutilone
1008 2318 1105 2376 opero·

136 2388 196 2443 rius
212 2403 294 2461 quam
309 2386 429 2443 mulieris
445 2404 514 2461 opus
529 2398 710 2446 menstruum.
739 2385 817 2442 color
831 2395 921 2443 autem
937 2386 1012 2442 albus
1028 2402 1104 2460 prae·

136 2472 218 2544 cipue
240 2471 359 2528 decorus
380 2470 432 2527 deo
453 2480 496 2527 ost
515 2488 575 2529 cnm
590 2474 617 2527 in
632 2479 742 2543 cetero,
765 2478 822 2527 tum
838 2472 951 2527 maxime
965 2473 993 2527 in
1007 2471 1105 2549 textili,

139 2556 226 2611 tincta
241 2570 307 2611 uero
323 2554 414 2610 absint
428 2556 480 2611 nisi
495 2572 509 2613 a
523 2554 627 2612 bellicis
642 2554 804 2629 insignibus.
834 2555 999 2611 diuinissima
1014 2564 1104 2613 autem

139 2640 212 2695 dona
227 2655 290 2695 aues
312 2646 340 2695 ct
363 2638 465 2696 formae
480 2637 513 2695 ab
529 2656 584 2696 uno
599 2642 704 2713 pictore
718 2655 774 2695 uno
789 2638 929 2696 absolutae
944 2639 1004 2709 die;
1026 2642 1104 2697 itom-

137 2739 193 2798 que
209 2732 298 2780 cetera
318 2722 400 2779 buius
422 2723 537 2797 exempli
553 2724 621 2779 dona
636 2723 742 2781 sunto?
779 2725 843 2780 baec
857 2723 896 2779 illi
909 2723 1027 2797 placent.
1057 2724 1105 2781 sed

136 2824 192 2882 ego
208 2815 300 2865 cetera
315 2822 371 2863 non
386 2814 441 2865 tam
455 2809 581 2865 restricte
596 2806 737 2881 praefinio,
756 2808 801 2864 uel
816 2809 955 2865 hominurn
969 2809 1046 2865 uitiis
1060 2808 1105 2865 nel

136 2890 269 2951 subsidiis
292 2898 445 2965 temporum
463 2894 567 2950 uictus:
590 2900 679 2948 terrae
694 2892 797 2948 cultum
812 2894 967 2967 segniorem
981 2894 1106 2966 suspicor

135 2976 208 3048 lore,
232 2978 255 3031 si
278 2974 311 3033 nd
333 2991 393 3031 eam
415 2976 540 3033 utendam
562 2976 693 3051 ferroque
714 2976 888 3051 subigendam
903 2978 1105 3049 superstitionis

136 3059 240 3134 aliquid
257 3062 415 3117 accesserit.

201 3146 238 3203 A.
261 3143 353 3201 llabeo
376 3146 441 3201 ista:
463 3162 536 3202 nunc
558 3145 592 3201 dc
614 3147 696 3201 sacris
718 3147 858 3220 perpetuis
880 3153 909 3201 et
936 3142 969 3199 de
989 3143 1106 3200 lienium

136 3230 197 3286 iure
212 3235 310 3287 restat.

201 3314 244 3371 M.
267 3313 290 3369 0
311 3313 405 3369 miram
428 3316 600 3385 memoriam,
621 3312 770 3387 Pomponi,
793 3324 876 3371 taam.
919 3317 946 3366 at
968 3310 1034 3366 mibi
1054 3313 1106 3368 ista

137 3399 304 3457 exciderant.

212 3580 233 3651 ¹)
247 3588 371 3633 constaret
382 3581 435 3630 AB
446 3575 596 3648 eonst[ar]et
609 3578 649 3627 ed.
660 3578 691 3628 V.
