2542 3909
146 206 212 272 366
439 222 605 259 on111nsr1n.
624 206 672 260 IV.
691 211 804 260 tto-no.

145 353 214 412 eliud
231 370 281 428 pro
297 354 349 410 alio
365 353 519 424 intenderit,
535 352 601 409 nihii
617 369 679 409 eum
700 352 853 426 periclitari,
869 369 985 427 eumque
1004 370 1037 409 ex
1056 355 1097 409 in·

145 447 223 513 tegre
239 454 320 511 agere
335 453 427 511 posse,
444 438 504 509 qnia
520 436 586 493 nihii
602 445 665 493 ente
686 438 794 493 uidetur
815 438 915 511 egisse,
931 437 1006 493 neint
1024 439 1047 493 si
1062 438 1096 507 is,

74 531 134 580 208.
146 525 193 597 qni
207 523 342 578 hominem
357 520 478 577 Stichum
498 521 503 590 Ι
521 530 614 595 petere
634 519 761 592 deberet,
778 519 886 577 Erotem
907 522 1029 594 petierit,
1050 529 1097 577 eut

145 607 168 663 si
184 609 244 681 quis
260 622 292 662 en
308 613 470 662 testamento
485 604 544 661 dmi
557 606 607 661 sihi
621 613 751 678 oportere
765 604 922 676 intenderit,
939 606 983 661 cni
1000 621 1033 660 ex
1048 606 1096 661 sti·

145 690 240 763 putatu
260 688 417 760 debebatur,
434 697 480 744 aut
500 690 524 745 si
545 690 673 762 cognitor
692 697 739 745 eut
759 698 921 762 procurator
939 688 1094 760 intenderit,

145 776 196 831 sibi
207 774 266 830 dmi
280 782 417 847 oportere.
453 769 501 833 56.
518 772 567 829 Set
577 772 639 845 plus
650 773 758 845 quidem
769 772 919 843 intendere,
932 773 1004 829 sicut
1014 790 1097 847 snpra

145 858 269 929 diximus,
282 857 462 931 periculosum
474 865 531 925 est;
548 858 634 911 minus
648 865 738 912 antem
752 855 894 913 intendere
908 857 986 924 iicet;
1002 856 1050 913 sed
1062 857 1096 914 de

145 943 250 1014 reliquo
273 943 342 997 intrn
358 941 478 997 eiusdem
501 948 652 1014 praeturam
668 956 748 1013 agere
763 957 817 997 non
832 942 1013 1013 permittitur:
1034 957 1097 997 nam
1157 935 1169 954 ⁹

146 1028 191 1099 qni
206 1027 243 1081 ita
258 1027 324 1098 egit,
340 1041 389 1098 per
404 1026 590 1097 exceptionem
606 1024 768 1097 excluditur,
783 1040 852 1098 quae
867 1026 990 1097 exceptio
1005 1025 1096 1098 appel·

145 1110 215 1166 latur
230 1109 285 1166 litis
296 1108 430 1165 diuidnae.
461 1103 506 1166 57.
520 1110 554 1164 At
565 1109 588 1163 si
600 1110 627 1164 in
640 1107 862 1165 condemnatione
873 1108 936 1182 pins
946 1102 1096 1182 ’positum¹

144 1195 191 1266 sit,
207 1209 286 1267 quem
308 1200 429 1267 oportet,
445 1194 544 1248 actoris
560 1193 670 1265 quidem
685 1193 835 1265 pericnlum
850 1192 953 1248 nulium
968 1201 1027 1261 est;
1048 1193 1096 1248 sed

144 1269 197 1353 ³(et
219 1292 303 1347 reus,
324 1270 420 1352 cum)²
440 1277 559 1348 iniquom
581 1275 724 1332 iormniem
745 1278 888 1350 acceperit,
910 1277 938 1332 in
959 1278 1095 1349 integrum

145 1362 309 1432 restituitur,
331 1369 363 1415 nt
377 1361 515 1415 minuetur
529 1359 731 1416 condemnatio:
752 1362 776 1416 si
791 1376 857 1416 uero
872 1362 960 1415 minus
976 1362 1096 1433 positum

145 1444 238 1515 inerit,
254 1460 333 1517 quam
350 1451 471 1516 oportet,
491 1444 543 1499 hoo
558 1442 647 1499 solum
667 1446 845 1518 consequitur
860 1436 1006 1522 ‘iactor,)³
1021 1443 1096 1517 quod

144 1530 251 1602 posuit;
273 1544 333 1582 narn
350 1535 408 1582 tota
423 1526 531 1598 quidem
546 1542 590 1582 res
605 1529 633 1581 in
648 1527 774 1584 indicium
795 1529 946 1598 deducitur,
962 1530 1096 1584 constrin-

145 1614 218 1686 gitur
245 1619 334 1666 nutem
358 1610 589 1667 condemnationis
609 1609 679 1682 fine,
708 1628 787 1685 quem
813 1612 893 1667 index
920 1611 1012 1685 egredi
1040 1628 1095 1668 non

145 1702 246 1769 potest.
276 1710 326 1750 nen
341 1710 372 1750 er
384 1711 414 1750 ee
429 1702 506 1767 purte
522 1704 633 1767 praetor
649 1694 675 1749 in
690 1696 826 1767 integrum
840 1697 974 1751 restitnit:
991 1695 1095 1752 facilius

144 1781 215 1835 euim
230 1778 283 1833 reis
298 1787 407 1851 praetor
422 1780 556 1835 succurrit
577 1795 656 1852 quom
677 1780 827 1836 actoribus:
850 1779 987 1852 loquimur
1006 1787 1095 1835 entem

145 1864 264 1936 exceptis
279 1861 426 1918 minoribus
441 1877 504 1920 xxv
519 1878 667 1930 annornm3
690 1879 750 1918 nam
771 1864 852 1919 huius
872 1865 967 1919 aetatis
982 1864 1095 1919 homini·

144 1946 194 2003 bus
217 1949 244 2003 in
266 1946 389 2004 omnihus
411 1945 492 2002 rebus
516 1946 599 2019 lapsis
621 1954 732 2019 praetor
753 1948 898 2005 succurrit.
947 1944 996 2005 58.
1018 1946 1046 2003 st
1067 1948 1095 2003 in

144 2031 374 2088 demonstratione
390 2030 451 2103 plus
466 2032 615 2086 autminus
636 2031 755 2102 positum
777 2032 824 2104 sit,
844 2031 911 2086 nihii
926 2033 953 2086 in
967 2030 1095 2087 iudicium

144 2114 299 2185 deducitur,
322 2122 349 2171 et
370 2114 431 2171 ideo
454 2130 498 2170 res
520 2115 547 2170 in
569 2116 679 2187 integro
702 2123 804 2171 manet:
826 2123 855 2171 et
876 2115 928 2171 hoo
945 2123 998 2187 est,
1021 2114 1094 2187 qnod
1104 2130 1164 2179 [eoo]

144 2198 242 2255 dicitnr
256 2198 322 2254 inim
337 2199 568 2254 demonstratione
583 2213 640 2255 rem
660 2213 716 2253 non
733 2200 837 2272 perimi.
881 2196 929 2255 59.
952 2199 1005 2255 Sed
1020 2208 1095 2272 sunt,

143 2285 189 2356 qni
204 2290 312 2357 putant,
327 2284 415 2338 minus
429 2290 505 2338 recte
526 2281 720 2354 conprehendi,
737 2276 798 2337 ’nti
818 2283 864 2355 qni
880 2280 951 2339 iorte
972 2283 1095 2339 Stichum

134 2356 171 2423 'et
183 2365 291 2423 Erotem
307 2367 413 2435 emerit,
428 2374 502 2422 recte
518 2365 646 2421 uideatur
659 2367 698 2421 ite
713 2365 911 2422 demonstrare:
931 2382 1016 2430 oron
1031 2382 1095 2426 nuo

144 2468 186 2507 nn
201 2467 242 2507 rn
256 2464 402 2507 nomnen
416 2464 544 2507 unorum
557 2464 624 2519 nur,
644 2457 672 2505 et
686 2450 710 2505 si
725 2449 801 2521 uelit,
816 2449 850 2506 de
867 2449 960 2506 Sticho
975 2450 1025 2506 alia
1040 2452 1095 2507 ior·

73 2543 130 2649 ituit.
144 2534 215 2591 muln
229 2526 350 2591 iternm⁶
371 2540 442 2606 eget,
459 2534 520 2606 qnia
543 2548 639 2589 nerum
661 2541 712 2601 est,
728 2548 789 2588 eum
807 2535 813 2601 Ι
832 2534 880 2606 qui
898 2533 968 2591 dnos
989 2537 1094 2608 emerit,

95 2643 99 2652 .
110 2620 127 2651 Ι.

216 2698 236 2765 ¹)
257 2701 376 2750 Correaei.
390 2702 490 2765 petitum
501 2700 526 2750 Ο.
543 2701 577 2763 ef.
589 2702 671 2763 punio
685 2701 758 2764 infra
772 2707 797 2749 et
810 2702 849 2763 §S
860 2705 907 2753 52⁸.
918 2714 952 2754 ott.
1004 2700 1025 2767 ¹)
1039 2702 1094 2752 Aa·

142 2773 200 2823 didi
206 2772 270 2822 daec
277 2771 363 2832 uerba,
371 2788 386 2821 n
394 2774 474 2822 sciolo
483 2773 598 2821 consulto
606 2772 708 2829 omissa,
718 2772 787 2836 qnod
794 2779 871 2821 antea
879 2773 934 2837 quin
939 2788 990 2836 pro
998 2773 1094 2836 quidem

141 2844 265 2906 scriptum
279 2842 409 2906 effecerat,
424 2850 451 2891 nt
465 2848 542 2892 totum
556 2857 609 2891 rem
619 2857 757 2905 perperam
767 2849 879 2905 caperet.
900 2841 945 2893 ‘ci'
960 2843 1000 2893 ed.
1009 2842 1057 2909 Bp.

143 2910 164 2980 ³)
175 2913 282 2963 Addidi.
330 2910 351 2977 ⁴)
368 2914 393 2962 V
395 2910 416 2945 ¹2
424 2927 476 2975 pro
486 2910 562 2978 n(nm)
575 2911 665 2961 Gdseh.
676 2910 768 2962 Sched.
782 2914 849 2972 edd,
863 2914 931 2963 unde
940 2920 1032 2977 postea
1043 2928 1094 2978 pro

141 2986 236 3035 uidetur
250 2984 277 3033 V
279 2979 300 3018 ⁸*
312 2985 409 3047 eoripet'
423 2983 538 3033 uidentur.
591 2979 611 3047 ⁶)
622 2983 646 3032 id
656 2981 706 3048 (vel
715 2984 746 3047 qd
755 2981 859 3048 Sched.)
878 2984 906 3033 V
905 2979 934 3032 ⁸².
949 2985 1018 3048 qnod
1026 3000 1095 3035 nuno

137 3142 165 3191 p.
179 3138 213 3187 43,
224 3136 258 3177 uo.
274 3124 378 3174 Lachm.
394 3124 425 3172 J..
441 3133 461 3175 n.
484 3124 507 3185 ἕ.
522 3134 542 3175 5.
557 3124 590 3172 D.
605 3124 637 3174 de
651 3126 692 3173 rei
705 3125 774 3173 vind.
790 3124 821 3189 (o,
833 3123 863 3189 1).
887 3125 909 3174 si
922 3123 1043 3193 cognitor]
1058 3128 1093 3191 cf.

141 3200 164 3259 ἓ.
179 3209 213 3249 tt.
268 3192 293 3265 ξ.
310 3198 351 3245 56.
371 3192 455 3261 snpra]
470 3196 493 3256 ὅ.
509 3206 542 3246 nn.
558 3192 648 3262 minus]
664 3195 698 3259 ef.
714 3195 745 3243 L.
762 3205 781 3244 n.
797 3197 820 3257 ἕ.
836 3208 856 3245 1.
874 3194 899 3245 0.
915 3195 947 3245 de
956 3199 1028 3259 plur.
1040 3205 1093 3260 pet.

152 3280 173 3325 t,
190 3266 233 3330 10).
249 3294 283 3303 -
298 3265 329 3313 J..
346 3277 378 3317 ιε.
394 3266 426 3313 D.
442 3280 527 3315 eonem.
542 3267 593 3315 dio.
609 3265 654 3331 (ιο,
668 3264 698 3329 t).
719 3280 768 3317 exc.
784 3265 818 3317 lit.
834 3262 896 3332 din]
912 3267 947 3330 es.
963 3268 987 3328 ξ.
1003 3279 1049 3318 tue.

140 3268 166 3405 ξ.
183 3340 226 3388 57,
250 3332 365 3401 positum]
385 3336 419 3400 cf.
434 3337 457 3398 ἕ.
473 3347 506 3388 es.
527 3333 707 3401 constringitur]
724 3336 758 3398 es.
774 3337 797 3396 §-
811 3338 859 3386 ω’.
884 3337 908 3384 in
923 3337 1006 3399 integr.
1021 3335 1093 3405 rest]

142 3408 176 3470 cf.
192 3408 231 3469 §p
247 3416 280 3458 nn.
296 3416 342 3457 125.
353 3416 378 3465 s,
393 3417 439 3457 ms.
503 3402 528 3475 ξ.
544 3408 585 3456 58.
608 3406 646 3469 Cf.
661 3407 701 3467 §t
715 3417 749 3455 to.
765 3416 798 3457 sn.
862 3401 888 3474 ξ.
904 3407 946 3458 59.
967 3408 1006 3471 Cf.
1018 3408 1093 3460 hoo.

142 3478 173 3526 D.
189 3479 221 3526 dc
235 3483 285 3526 oct.
301 3478 377 3540 erupti
391 3475 436 3545 (19,Ι
449 3475 481 3539 1).
501 3477 533 3526 L.
549 3488 581 3527 1t.
597 3478 620 3538 §-
634 3488 657 3527 ι.
674 3475 706 3523 D.
722 3475 841 3527 comrnnd.
856 3475 902 3541 (13,
916 3476 948 3541 n).
963 3504 997 3515 -
1012 3478 1044 3527 1..
1060 3490 1093 3531 78.

142 3549 165 3608 §-
181 3560 201 3597 1.
216 3547 247 3595 D.
263 3547 294 3596 de
305 3563 413 3611 procur.
430 3546 461 3611 (n,
475 3548 506 3610 n).
