2542 3909
473 227 508 263 nn
525 226 638 265 ucrsvs
655 228 735 265 mee
751 230 772 265 1.
1059 222 1101 281 39

138 364 235 415 11111111
249 352 416 411 subornatus
431 356 459 411 in
475 354 556 411 uitam
571 356 677 413 uenerit
692 366 845 429 quantaque
863 357 1041 413 instrumenta
1057 357 1104 413 lra-

54 474 58 477 -
138 441 198 497 beat
213 440 245 497 ad
262 437 437 512 optinendam
452 438 702 513 adipiscendamque
712 441 878 513 sapientiam,
893 442 1104 515 quonlamprto·

136 526 205 598 cipio
226 538 319 579 rerum
337 522 458 578 omnium
480 523 557 595 quasi
572 522 740 579 adumbratas
754 524 954 597 intellegentias
968 525 1057 581 animo
1072 540 1104 581 ac

137 615 227 664 mente
249 607 421 679 conceperit,
452 604 549 679 quibus
576 606 726 663 inlustratie
753 608 885 681 sapientia
911 607 979 665 duce
1001 606 1103 664 1101111111

137 694 226 749 uuum
242 698 270 747 et
285 689 320 745 ob
335 704 394 746 eam
408 691 493 762 ipsam
506 706 615 747 censam
630 701 723 747 cernat
737 707 767 748 se
781 689 888 747 [10110111
908 690 976 748 lore.
1013 690 1102 747 xxiii.

136 772 189 835 60.
210 790 273 831 111111
292 789 376 846 quom
395 774 500 829 animus
515 776 631 847 cognitis
647 777 836 848 perceptisque
851 774 998 831 uirtutibus
1013 792 1027 831 a
1041 792 1103 831 cor·

137 860 213 934 poris
234 858 368 930 obsequio
387 856 610 931 indulgentiaque
624 856 781 915 discesserit
795 858 1017 933 uoluptatemque
1031 860 1103 915 sicut

137 942 224 999 lahem
239 940 356 1016 aliquam
372 940 513 998 dedecoris
527 944 695 1015 oppresserit
706 958 868 1015 omnemque
878 944 973 999 mortis
986 942 1102 999 doloris·

139 1043 192 1101 que
207 1028 335 1083 timorem
350 1024 478 1098 effugerit
492 1026 705 1098 societatemque
724 1026 844 1081 caritatis
858 1026 956 1083 coierit
970 1042 1030 1081 cum
1044 1028 1102 1081 suis

137 1110 281 1183 omnisque
302 1116 398 1166 natura
421 1108 581 1165 coniunctos
599 1125 667 1165 suos
686 1108 793 1165 duxerit
813 1108 970 1183 cultumque
990 1107 1103 1165 deorum

137 1202 166 1251 et
179 1182 275 1267 puram
287 1192 448 1266 religionem
459 1194 613 1265 susceperit
626 1200 655 1247 et
665 1192 892 1263 enascentium,
908 1200 939 1249 ut
950 1192 1102 1267 oculorum,

138 1280 178 1335 sic
193 1277 295 1349 ingenii
310 1276 393 1331 aciem
408 1274 442 1331 ad
456 1274 526 1331 hona
541 1274 665 1351 eligenda
681 1284 709 1331 et
722 1276 857 1333 reicienda
873 1276 1018 1349 contraria,
1032 1294 1102 1351 quae

142 1362 231 1416 uirtus
245 1376 277 1415 en
294 1357 463 1433 procidendo
481 1366 524 1415 est
538 1358 672 1433 appellata
686 1359 839 1433 prudentia,
860 1361 924 1433 quid
938 1378 971 1417 ec
986 1361 1039 1417 dici
1057 1369 1103 1417 aut

142 1444 256 1517 cogitari
273 1444 374 1518 poterit
394 1441 518 1498 beatius?
558 1436 602 1499 81.
625 1443 750 1516 idemque
770 1461 853 1517 quom
873 1443 988 1517 caelum,
1005 1454 1102 1517 terras,

138 1529 223 1585 maria
237 1543 383 1599 rerumque
404 1527 522 1581 omnium
537 1534 663 1583 naturam
677 1528 855 1601 perspexerit,
871 1544 955 1601 eaque
971 1528 1041 1584 unde
1057 1544 1103 1599 ge·

136 1620 240 1683 nerata,
263 1626 318 1684 quc
333 1626 488 1681 recursura,
511 1608 628 1683 quando,
651 1627 705 1683 quo
721 1610 803 1667 modo
818 1611 933 1675 obitura,
950 1610 1014 1685 quid
1028 1612 1056 1668 in
1070 1612 1103 1668 iis

137 1695 253 1752 mortale
276 1704 305 1751 et
326 1692 467 1764 caducum,
489 1693 555 1766 quid
576 1693 697 1750 diuinum
720 1705 913 1769 aeternumque
935 1695 982 1766 sit,
1006 1696 1103 1752 uiderlt

135 1782 281 1855 ipsumque
296 1794 328 1835 ea
343 1776 527 1833 moderantem
541 1785 569 1833 et
582 1786 723 1851 regentem
735 1796 820 1853 paene
836 1778 974 1853 prenderit
989 1795 1104 1853 seseque

135 1880 191 1921 non
206 1864 249 1919 iris
264 1860 458 1919 circumdatum
470 1861 609 1917 moenibus
620 1861 780 1935 popularem
797 1862 909 1919 alicuius
920 1858 1025 1919 deliniti
1038 1863 1102 1935 loci,

137 1956 180 2003 set
194 1949 281 2003 ciuem
295 1947 381 2002 totius
393 1943 485 2000 mundi
499 1946 577 2018 quasi
593 1948 673 2001 unius
688 1946 761 2003 urbis
776 1948 928 2019 agnouerit,
949 1949 977 2003 io
992 1947 1043 2003 hac
1058 1945 1104 2003 ille

137 2028 336 2105 magnificentia
356 2044 446 2085 rerum
468 2036 549 2101 atque
563 2028 591 2083 in
607 2030 660 2085 hoc
675 2038 825 2105 conspectu
840 2039 868 2087 et
883 2031 1041 2102 cognitione
1056 2048 1103 2086 na·

137 2124 230 2177 turae.
251 2113 289 2171 dii
304 2110 476 2181 inmortales,
491 2128 571 2185 quam
586 2115 688 2186 seipse
703 2123 808 2187 noscet,
824 2112 898 2185 quod
912 2114 1010 2188 Apollo
1024 2130 1103 2188 prae·

136 2201 209 2273 cepit
230 2196 361 2272 Pythius,
384 2212 464 2269 quam
485 2204 657 2267 contemnet,
680 2213 760 2267 quarn
783 2197 928 2269 despiciet,
951 2213 1030 2267 quam
1051 2214 1103 2269 pro

138 2282 223 2338 nihilo
237 2281 346 2357 putabit
360 2295 400 2351 ea,
422 2294 490 2353 quae
506 2280 588 2353 uolgo
605 2280 732 2335 dicuutur
745 2279 916 2353 amplissima.
946 2278 1034 2334 xxii.
1056 2274 1104 2340 62.

137 2368 226 2439 Atque
245 2365 313 2421 haec
335 2364 424 2420 omnia
440 2365 518 2435 quasi
531 2366 699 2438 saepimento
714 2364 805 2437 aliquo
828 2360 938 2419 uallahit
954 2362 1104 2421 disserendi

138 2452 253 2521 ratione,
275 2450 384 2505 uertet
404 2446 465 2503 lalsi
478 2446 612 2503 iudicandi
633 2448 745 2505 selentia
765 2455 793 2503 et
813 2454 871 2503 arte
890 2448 1005 2521 quadam
1025 2448 1104 2505 intel-

139 2532 257 2606 legendi,
274 2528 341 2605 quid
358 2547 492 2604 quamque
508 2547 565 2586 rem
581 2540 711 2604 sequatur
726 2541 754 2588 et
775 2532 838 2605 quid
855 2532 891 2587 sit
906 2534 1024 2607 quoique
1039 2549 1102 2589 con·

139 2618 260 2677 tranium
292 2632 430 2691 quomque
451 2631 481 2671 se
502 2613 535 2669 ad
556 2614 664 2671 ciuilem
683 2616 841 2671 societatem
862 2624 955 2671 uatum
976 2618 1102 2686 senserit,

138 2716 195 2757 11011
216 2698 306 2756 solum
325 2698 372 2756 illa
391 2696 483 2755 subtili
505 2696 688 2772 disputatione
707 2698 757 2755 sibi
779 2698 910 2755 utendum
925 2698 1039 2772 putabit,
1055 2700 1104 2755 sed

137 2784 219 2841 etiam
240 2782 302 2840 lusa
324 2782 406 2840 latius
427 2790 559 2857 perpetua
581 2784 715 2856 oratione,
736 2799 788 2857 qua
808 2789 887 2855 regat
900 2783 1028 2857 populos,
1050 2800 1103 2856 qua

136 2866 256 2923 stabiliat
270 2866 357 2941 leges,
378 2882 431 2940 qua
447 2868 561 2939 castiget
576 2866 723 2941 improbos,
744 2883 797 2940 qua
812 2875 921 2923 tueatur
932 2866 1028 2939 bonos,
1049 2884 1103 2941 qua

137 2950 230 3008 laudet
249 2950 339 3007 claros
360 2952 446 3021 uiros,
467 2965 536 3021 quae
555 2960 698 3024 praecepta
718 2950 813 3006 salutis
833 2959 861 3006 et
881 2949 968 3006 laudis
987 2959 1050 3026 apte
1071 2950 1103 3006 ad

136 3034 353 3109 persuadendum
374 3032 435 3089 edat
456 3034 512 3089 suis
533 3033 647 3105 ciuibus,
669 3051 722 3107 qua
737 3034 840 3093 hortari
854 3032 888 3090 ad
909 3033 1003 3105 decus,
1021 3050 1103 3091 reuo-

137 3135 199 3173 care
220 3118 370 3193 allagitic,
392 3116 528 3174 consolari
550 3120 640 3191 possit
660 3116 782 3174 addictos
798 3117 920 3191 iactaque
936 3126 964 3173 et
979 3117 1105 3175 consulta

137 3202 250 3258 iortlum
266 3210 295 3257 et
310 3201 472 3275 sapientium
488 3217 550 3257 011111
564 3200 751 3277 improborum
765 3202 913 3274 ignominia
933 3200 1104 3275 sempiternis

137 3287 321 3341 monumentis
335 3285 462 3359 prodere.
493 3301 561 3358 quae
576 3302 660 3359 quom
673 3294 715 3341 tot
729 3302 773 3341 res
789 3294 932 3358 tantaeque
948 3286 1014 3355 sint,
1035 3298 1104 3355 quae

137 3370 228 3425 inesse
242 3369 271 3425 tn
285 3369 394 3425 homine
406 3370 607 3444 perspiciantur
622 3368 655 3425 ab
669 3371 713 3440 iis,
733 3369 780 3441 qui
800 3368 897 3441 seipsi
912 3365 997 3420 uelint
1012 3381 1104 3435 nosse,

137 3466 232 3509 earum
247 3466 344 3527 parens
361 3462 403 3509 est
418 3452 611 3527 educatrinque
625 3452 766 3526 sapientia.
