2542 3909
182 226 246 290 666
388 243 449 279 taos.
469 243 582 278 arnone.
601 243 819 280 crememur.
839 226 884 280 VI.
905 233 930 278 t.

182 391 232 431 nec
247 389 390 439 nouercam
406 372 566 446 aliquando,
589 374 655 429 eiua
677 390 789 446 poenam
812 375 908 430 incesti
925 388 1034 428 uxorem
1050 373 1143 429 dicere

182 458 260 532 licet3
280 459 350 513 sicut
366 458 547 527 necomitam,
563 465 608 512 aut
623 466 804 514 materteram.
841 456 894 512 Sed
911 457 956 530 qui
972 449 1142 529 ’(asfincm)¹

184 540 228 596 uel
242 548 384 614 cognatam
396 548 490 596 contra
506 540 678 596 interdictum
691 540 807 612 duxerit,
823 543 935 598 remisso
952 541 1056 595 mulieri
1071 537 1141 596 iuris

181 639 292 695 errore,
314 625 372 697 ipse
392 639 506 698 poenam
528 623 653 680 adulterii
677 625 738 697 iege
753 623 818 680 luiia
840 627 958 698 patitur,
981 640 1036 680 non
1057 625 1142 679 etiam

181 701 284 768 ducta.²

246 791 312 866 Kap.
334 791 376 848 tv,
421 790 662 865 Gregorianus
685 791 777 847 libro
800 794 924 866 quinto
946 790 1009 847 suh
1031 785 1141 846 titulo

185 876 219 932 de
251 876 385 950 nupisss
420 875 612 948 exemplum
646 875 828 932 inerarum
860 875 1070 932 Diociessani
1103 882 1142 930 et

182 959 379 1016 Maximiani
402 954 524 1032 lmpp.³
550 960 652 1015 talem
674 960 958 1015 coniunctionem
980 959 1142 1032 grauiter

182 1045 304 1117 punire
337 1051 590 1099 commemorat.
635 1042 791 1116 Exemplum
819 1043 900 1100 edicti
929 1041 1083 1099 Diocletiani
1111 1050 1141 1098 et

182 1127 341 1184 'Maximiani
363 1119 613 1182 nobilissimorum*
634 1128 785 1183 Caesarum.
821 1125 846 1184 1.
871 1125 1001 1194 Quoniam
1023 1127 1074 1198 piis
1091 1134 1216 1190 're-[soe]

182 1211 341 1284 ligiosisque
363 1209 498 1266 mentibus
520 1211 622 1267 nostris
637 1226 682 1282 ea,
705 1226 774 1284 quae
788 1211 912 1266 Romanis
936 1209 1043 1283 iegibus
1065 1217 1140 1265 caste

183 1303 330 1368 sancteque
345 1302 410 1349 sunt
421 1295 580 1365 constituta,
597 1293 760 1350 uenerabilis
775 1296 888 1350 maxime
903 1293 1041 1364 uidentur,
1057 1299 1140 1367 atque

183 1386 292 1434 aeterna
307 1377 439 1451 reiigione
461 1378 599 1446 seruanda,
623 1372 809 1433 ’dissimulari5
832 1393 876 1443 ea,
900 1394 968 1451 quae
990 1395 1005 1432 a
1028 1376 1139 1450 quibus·

182 1463 243 1518 dam
264 1463 292 1517 iu
314 1461 490 1534 praeteritum
513 1460 614 1516 nefarie
636 1462 793 1535 incesteque
814 1463 956 1519 commissa
978 1468 1055 1531 sunt,
1082 1476 1138 1516 non

185 1553 312 1619 oportere
334 1543 483 1601 credimus:
506 1537 583 1620 '(imo
605 1538 645 1619 si)
668 1538 751 1618 quae⁰
773 1546 816 1601 uel
831 1544 980 1602 cohibenda
996 1552 1069 1614 sunt,
1092 1543 1138 1599 uel

183 1630 262 1684 etiam
278 1627 452 1698 uindicanda,
477 1629 620 1701 insurgere
635 1643 686 1684 nos
701 1628 842 1702 disciplina
860 1637 1018 1685 nostrorum
1032 1637 1138 1701 tempo·

183 1727 242 1766 rum
266 1711 435 1768 cohortatur.
478 1710 517 1766 lta
532 1710 604 1767 euim
619 1719 647 1766 et
660 1712 735 1785 ipsos
757 1714 921 1769 immortates
936 1712 1002 1768 deos
1017 1711 1137 1767 Romano

185 1796 303 1866 nomini,
325 1804 357 1851 ut
378 1809 485 1868 semper
507 1793 628 1865 fuerunt,
651 1795 774 1852 fauentes
789 1805 872 1868 atque
888 1797 1007 1870 placatos
1029 1795 1138 1851 futuros

183 1895 243 1934 esse
258 1895 313 1934 non
328 1877 439 1934 dubium
454 1886 512 1948 est,
535 1879 557 1934 si
578 1887 693 1936 cunctos
708 1879 759 1934 sub
773 1881 886 1954 imperio
901 1889 996 1937 nostro
1010 1871 1137 1953 agentes⁷

182 1963 252 2036 piam
267 1961 475 2036 religiosamque
497 1955 603 2018 'uitam⁸
619 1970 647 2018 et
668 1957 794 2019 'castum9
817 1967 844 2018 in
860 1963 983 2020 omuibus
998 1955 1139 2019 ’moremffl

182 2045 273 2102 coiere
294 2043 496 2120 'perspexerint
523 2039 700 2104 assuetum.¹¹
742 2043 770 2103 2.
793 2047 822 2103 lu
845 2063 899 2121 quo
921 2048 948 2103 id
972 2049 1052 2103 etiam
1073 2063 1137 2120 pro·

183 2129 330 2186 uidendum
346 2145 425 2202 quam
440 2130 552 2186 manime
568 2145 628 2186 esse
643 2131 812 2203 censuimus,
835 2139 865 2186 ut
883 2132 1060 2187 matrimoniis
1075 2130 1137 2186 reli·

256 2311 276 2380 1)
292 2313 401 2362 Addidi.
421 2313 443 2362 si
457 2327 514 2363 uero
529 2316 562 2377 ej.
579 2313 648 2364 Pitii.
670 2315 708 2378 Os.
723 2315 755 2363 L.
770 2327 804 2366 os.
824 2315 856 2364 D.
871 2317 903 2365 de
917 2318 968 2367 iur.
982 2316 1034 2366 dot.
1050 2315 1136 2383 (iuti).

184 2381 205 2450 ²)
226 2385 264 2448 Os.
285 2384 317 2435 L.
337 2395 371 2434 11.
393 2385 415 2444 5.
436 2395 456 2434 1.
482 2383 514 2432 L.
534 2395 568 2436 se.
593 2387 632 2446 §i-
652 2397 672 2436 s.
692 2397 712 2436 e.
732 2397 752 2436 r.
776 2386 808 2434 D.
828 2387 865 2435 cd
881 2387 994 2451 teplut.
1009 2389 1136 2438 deodati.

182 2455 227 2523 (48,
241 2455 273 2520 5).
348 2450 368 2520 8)
389 2454 448 2502 Vid.
463 2453 572 2507 Haenel.
590 2454 634 2504 Gr.
652 2455 678 2506 θ.
693 2471 722 2519 p.
736 2468 771 2507 sl.
786 2458 809 2517 6.
824 2467 845 2508 5.
859 2457 935 2505 iuius
948 2458 1029 2506 edicti
1041 2465 1138 2508 motato

182 2532 269 2575 eoestat
283 2525 315 2574 L.
331 2535 364 2574 tt.
389 2523 415 2572 0.
430 2525 461 2574 de
475 2532 546 2588 nupt.
561 2523 595 2589 (5,
615 2524 647 2591 4).
721 2523 742 2589 ⁴)
756 2525 882 2590 Suspicor
899 2528 1047 2592 tegendum:
1064 2529 1138 2578 Maxi·

183 2595 255 2644 miani
269 2595 314 2644 ΑΑ.
330 2608 358 2642 so
373 2594 583 2644 nobilissimorum.
645 2592 665 2660 ¹⁵)
681 2597 831 2664 dissimulare
848 2597 909 2646 Cdd.
924 2598 982 2655 edd.
1047 2595 1137 2664 &cnm

184 2665 245 2716 Odd.
261 2663 324 2730 (sed)
340 2677 393 2711 cum
408 2665 447 2712 ed.
461 2663 502 2713 Bi.
518 2666 565 2714 imo
580 2667 601 2714 si
615 2674 678 2730 post
691 2668 822 2717 cred-imus
841 2666 872 2717 ob
885 2668 1077 2718 similitudinem
1090 2685 1136 2718 esc·

123 2742 125 2745 ’
182 2736 290 2797 cidisse,
305 2734 399 2784 deinde
413 2749 473 2798 quac
488 2736 515 2784 in
530 2750 583 2784 cum
604 2744 725 2786 mutatum
743 2745 860 2801 apparet.
934 2734 954 2803 τ)
969 2737 1015 2788 Sic
1034 2739 1079 2789 Ve.
1094 2741 1136 2789 ha·

181 2806 266 2855 beutes
290 2805 332 2853 Vi.
356 2811 438 2866 gentes
456 2804 488 2854 B.
516 2805 575 2856 Hoc
593 2808 629 2856 ad
646 2823 748 2857 sensum
766 2823 817 2857 non
835 2810 932 2872 inepte,
954 2825 1010 2858 cum
1028 2826 1064 2860 ex
1084 2817 1135 2861 toto

182 2876 266 2926 edicto
280 2876 389 2925 unanime
403 2877 427 2937 5.
441 2877 509 2939 efin.
521 2884 620 2939 pateat,
634 2879 664 2926 id
673 2880 833 2942 potissimum
844 2886 934 2944 pentes
947 2881 1058 2929 nondum
1073 2882 1135 2930 ciui·

182 2953 233 2996 tate
249 2945 365 2996 Romana
384 2946 494 2996 donatas
515 2950 678 3010 spectavisse.
751 2946 773 3013 ⁸)
787 2957 811 2997 et
825 2951 928 3012 quietam
941 2948 972 2998 B.
995 2957 1019 2999 et
1032 2952 1135 3015 quietem

186 3016 232 3066 Vc.
247 3018 351 3081 quietam
370 3017 411 3066 Vi.
426 3017 465 3066 ed.
480 3016 521 3067 Bi.
549 3019 582 3067 In
596 3018 688 3082 quibus
702 3027 725 3068 ct
738 3034 761 3082 q.
776 3034 810 3068 eac
823 3021 975 3083 repetitione
989 3023 1135 3087 ultimarum

182 3089 327 3137 litterarum
337 3089 520 3151 praecedentis
529 3091 600 3142 uocis
610 3091 636 3138 in
644 3091 697 3152 fine
706 3096 808 3139 notatae
818 3091 936 3153 prodiit,·
949 3092 1052 3154 quietum
1063 3093 1134 3140 uitam

181 3171 251 3216 vero,
262 3157 323 3208 dinc
333 3160 412 3220 piane
423 3160 542 3218 alienam,
553 3158 597 3208 ubi
606 3160 638 3208 de
648 3161 746 3223 pietate
756 3167 781 3208 et
789 3162 917 3225 reiigione
927 3162 954 3210 in
964 3163 1135 3212 matrimoniis

182 3229 336 3291 copulandis
349 3229 446 3292 apitur,
460 3229 567 3278 librarii
580 3244 615 3278 eac
629 3243 640 3280 1
659 3229 720 3278 Tine
735 3242 756 3291 2,
770 3232 943 3283 ninrrusere.
1008 3230 1030 3298 ⁹)
1045 3240 1134 3281 castum

184 3298 246 3346 cdd.
261 3296 318 3347 edd.
386 3293 419 3363 ¹⁰)
433 3311 499 3346 more
516 3298 577 3348 Odd.
592 3300 650 3348 edd.
717 3296 750 3365 ¹¹)
764 3302 956 3363 perspexerimus
973 3304 1047 3352 uitem
1065 3301 1134 3368 (uitia

140 3371 142 3378 ’
187 3365 244 3432 Vc.)
260 3367 321 3416 Cdd.
336 3367 394 3416 edd.
424 3367 463 3431 Cf.
477 3367 525 3416 Sit.
541 3380 565 3426 t,
579 3381 626 3420 ult.
655 3365 767 3418 ‘Assueto
785 3370 841 3419 beili
860 3372 890 3420 de
908 3369 995 3421 more’
1025 3373 1134 3422 Assueto

183 3439 332 3486 contrarius
346 3451 398 3487 mos
412 3452 447 3486 em
460 3440 587 3487 sententia
601 3441 784 3501 imperatorum
802 3448 841 3490 est
853 3449 904 3491 tam
918 3442 1046 3493 barbarus
1060 3458 1135 3508 quam

185 3506 354 3556 Christianus.
378 3506 441 3570 piam
455 3507 646 3571 religiosamque,
660 3509 764 3572 quietum
778 3517 801 3558 et
815 3518 905 3561 castam
915 3513 939 3561 iu
949 3514 1058 3563 omuibus
1068 3527 1134 3562 more

184 3574 262 3622 colere
276 3576 467 3640 perspexerimus
481 3578 553 3626 uitem
567 3577 608 3628 Bi.
623 3578 662 3627 ed.
