2542 3909
467 222 494 255 rr.
512 220 652 256 aunrsmvs
670 220 762 257 mco.
1034 214 1097 272 113

131 352 186 417 sit;
210 350 277 404 item
299 362 370 422 quae
390 348 448 420 ipsa
469 355 516 403 aut
537 348 614 404 cuius
635 354 713 420 pater
727 349 909 421 emancipatus
925 349 971 417 sit,
995 349 1098 404 etiamsi

32 469 36 477 -
133 433 200 489 uiuo
223 439 301 505 patre
323 432 350 486 in
371 432 414 486 aui
428 439 563 504 potestate
577 432 630 499 sit3
649 432 713 487 item
728 434 805 487 euius
820 439 945 504 parentes
960 430 1030 487 alter
1043 448 1098 487 am·

132 516 206 573 boue
227 516 390 571 seruitutem
404 517 560 571 seruierunt
574 516 662 571 autin
677 516 797 588 negotiis
812 515 928 571 sordidis
944 524 1097 573 uersentur.

133 599 188 657 Sed
203 615 271 669 eam,
287 599 364 655 cuius
379 615 460 655 soror
472 598 507 653 ad
521 598 549 654 id
558 598 739 655 sacerdotium
748 597 817 654 lecta
827 607 880 670 est,
896 600 1097 656 excusationem

134 684 234 740 mereri
256 685 346 751 aiunt3
368 684 433 739 item
455 684 532 738 cuius
554 690 631 756 pater
651 682 747 737 damen
762 691 808 738 aut
823 699 912 756 augur
926 691 971 738 aut
987 683 1098 757 quinde-

133 769 278 824 cimuirum
293 770 378 822 sacris
393 766 524 821 faciundis
536 773 582 821 aut
592 767 788 839 septemuirum
800 765 947 839 epulonum
959 775 1005 822 aut
1016 766 1097 823 salius

133 859 187 907 est.
225 851 347 923 Sponsae
376 865 486 923 quoque
513 848 649 923 pontificis
672 857 700 905 et
722 846 847 905 tubicinis
869 865 1006 907 sacrorum
1028 848 1098 906 filiae

84 935 245 1004 [m]uacatio
256 933 433 991 asacerdotio
444 934 498 989 isto
511 932 593 990 tribui
603 926 702 990 solet.¹
713 962 755 974 -
765 933 833 990 Gell.
843 932 871 1003 1,
885 933 932 987 12.
947 934 993 1005 83.
1007 933 1098 991 1-7.

197 1030 248 1093 22.
271 1034 302 1090 in
322 1034 394 1089 iibro
409 1033 491 1101 Laelii
504 1034 602 1090 Felicis
623 1032 837 1099 admitterem
859 1034 946 1106 primo
969 1035 1099 1106 scriptum

134 1128 189 1189 est,
203 1118 357 1174 Labeonem
373 1116 502 1188 scribere,
518 1117 603 1174 calata
617 1117 725 1173 comitia
741 1133 809 1187 esse,
832 1133 901 1189 quae
916 1132 966 1190 pro
982 1116 1098 1190 collegio

134 1201 297 1278 pontificum
318 1200 453 1259 habentur
474 1210 521 1258 aut
541 1202 617 1274 regis
638 1207 686 1255 aut
700 1199 836 1260 flaminum
850 1199 1099 1274 inaugurandorum

135 1303 228 1345 eausa.
256 1285 356 1342 Eorum
371 1294 460 1341 autem
476 1285 527 1341 alia
541 1301 601 1341 esse
616 1286 729 1355 curiata,
742 1285 793 1340 aiia
808 1284 969 1368 centuriata.
992 1283 1099 1340 Curiata

135 1386 189 1445 per
209 1370 332 1426 lictorem
347 1370 481 1426 curiatum
496 1369 588 1440 calari,
609 1368 636 1423 id
653 1376 695 1424 est
709 1370 864 1440 conuocari,
886 1369 1036 1425 centuriata
1050 1384 1100 1443 per

137 1454 312 1511 cornicinem.
328 1483 370 1494 -
385 1452 455 1510 Geli.
472 1452 521 1521 15,
538 1452 588 1510 27.
605 1452 654 1524 83.
673 1452 699 1507 1.
717 1451 746 1510 2.

410 1620 457 1675 tid
479 1620 661 1677 duodecim
684 1618 828 1677 tabulas.

200 1735 250 1798 2³.
272 1737 361 1794 Labeo
383 1738 411 1793 in
431 1736 502 1793 libro
524 1738 557 1793 de
579 1732 722 1793 duodecim
737 1736 835 1793 tabuiis
850 1736 970 1794 secundo
986 1738 1055 1794 acria
1072 1746 1100 1793 et
1134 1760 1137 1771 ·

135 1840 234 1882 seuera
247 1823 347 1879 iudicia
362 1821 394 1877 de
409 1821 489 1878 iurtis
504 1821 593 1877 habita
608 1838 668 1877 esse
682 1820 751 1894 apud
763 1830 871 1876 ueteres
884 1822 1002 1894 scripsit,
1019 1821 1100 1895 idque

136 1910 251 1965 brutum
261 1906 373 1962 solitum
384 1905 484 1975 dicere,
499 1914 527 1961 et
541 1905 607 1961 iurti
622 1906 794 1979 dampnatum
810 1921 880 1975 esse,
896 1906 942 1977 qui
953 1907 1101 1961 iumentum

141 1992 272 2049 aliorsum
287 1989 410 2062 duxerat,
425 2005 504 2063 quam
520 2005 574 2063 quo
591 1988 721 2045 utendum
737 1996 883 2061 acceperat,
900 1989 964 2044 item
979 1990 1026 2062 qui
1042 1988 1100 2045 lon·

138 2078 199 2148 gius
214 2074 393 2149 produxerat,
408 2089 488 2146 quam
502 2075 530 2128 in
546 2089 625 2146 quern
642 2072 730 2129 locum
745 2074 869 2146 petierat.
882 2102 920 2112 -
937 2071 1005 2129 Gell.
1020 2070 1100 2147 tiit),

140 2158 189 2217 15.
205 2160 234 2231 s.
253 2160 282 2215 1.

200 2246 250 2308 24.
274 2250 416 2306 Praeterea
430 2249 459 2305 in
470 2248 669 2306 commentariis
682 2247 822 2311 Labeonis,
840 2262 908 2319 quae
917 2245 949 2300 ad
961 2246 1102 2301 duodecim

141 2334 244 2392 tabulas
266 2334 432 2407 composuit,
453 2335 491 2389 ita
512 2334 643 2405 scriptum
666 2340 724 2387 est:
763 2329 858 2403 ‘Virgo
875 2330 989 2386 Vestalis
1011 2346 1101 2403 neque

138 2420 219 2477 iteres
241 2426 285 2475 est
306 2419 431 2489 cuiquam
452 2418 580 2473 intestato
603 2432 692 2489 neque
713 2417 855 2471 intestatae
878 2416 1031 2488 quisquam,
1054 2415 1102 2470 sed

137 2502 210 2560 bona
232 2504 290 2558 eius
312 2503 341 2557 in
362 2499 498 2574 publicum
521 2500 609 2573 redigi
630 2500 715 2556 aiunt.
747 2498 776 2554 id
798 2514 853 2572 quo
868 2500 927 2555 iure
944 2496 998 2562 fiat,
1021 2515 1102 2573 quae·

138 2585 231 2645 ritur’.
246 2616 290 2629 --
305 2584 373 2640 Geli.
391 2584 420 2655 1,
438 2584 485 2642 12.
500 2585 529 2656 3.
547 2584 595 2644 18.

202 2683 251 2744 25.
276 2686 369 2757 itaque
384 2701 446 2739 cum
460 2701 517 2740 eam
531 2684 621 2757 legem
636 2683 724 2741 Labeo
740 2700 851 2757 quoque
867 2691 959 2740 uester
973 2685 1000 2739 in
1017 2684 1103 2755 libris,

138 2788 210 2845 quos
232 2769 267 2827 ad
289 2768 433 2823 duodecim
456 2767 559 2825 tabulas
573 2770 744 2841 conscripsit,
768 2785 823 2824 non
837 2769 978 2841 probaret,
993 2762 1101 2834 ‘tum',²

138 2856 239 2929 inquit,
263 2850 304 2907 ‘L
322 2852 445 2908 Veratius
459 2852 510 2908 fuit
526 2853 635 2925 egregie
647 2852 728 2907 homo
744 2850 883 2926 improbus
899 2861 981 2926 atque
995 2854 1103 2909 immoni

138 2938 278 2997 uecordia.
300 2936 325 2991 is
340 2952 391 3009 pro
404 2936 599 2993 delectamento
610 2935 735 3008 babebat,
751 2952 782 2993 os
793 2937 910 2993 hominis
921 2937 999 2993 liberi
1008 2954 1103 2994 manus

136 3039 203 3079 suae
225 3021 314 3095 palma
337 3018 489 3079 uerberare.
522 3020 589 3075 iium
611 3036 708 3075 seruus
730 3019 904 3093 sequebatur,
928 3021 1019 3077 ferens
1042 3038 1103 3077 cru-

136 3122 243 3162 menam
265 3105 373 3179 plenam
394 3106 509 3174 assium3
532 3112 562 3159 ut
584 3120 718 3177 quemque
733 3102 944 3178 depalmaueret,
966 3106 1102 3160 numerari

212 3325 233 3391 ι)
245 3326 322 3378 Haeo
335 3329 422 3379 omnia
431 3326 519 3378 Labeo
533 3328 571 3377 iio
584 3327 686 3377 dixisse
699 3327 809 3388 uidetur,
824 3336 853 3379 ut
866 3328 989 3393 cuiusque
1002 3333 1103 3375 senten-

136 3402 190 3449 tiae
203 3400 366 3463 antiquiores
374 3406 497 3449 auctorent
505 3398 628 3461 offerret:
641 3398 709 3447 unde
722 3397 818 3451 Gellius
832 3412 888 3449 eum
897 3400 979 3448 sotum
992 3412 1010 3445 a
1022 3386 1050 3443 be
1064 3396 1103 3442 in·

134 3477 251 3533 specim
259 3472 370 3519 omnium
379 3470 576 3534 diligentissime
585 3469 616 3518 de
625 3470 677 3519 bac
686 3483 716 3517 re
725 3472 863 3533 scripsisse
873 3466 951 3518 discit.
969 3465 991 3537 ²)
1001 3464 1105 3526 Scripsi

137 3538 245 3591 ‘daim’
257 3556 286 3604 p.
301 3553 348 3592 m.
369 3541 448 3604 legem
462 3554 515 3589 cum
530 3539 608 3588 Labeo
619 3578 625 3590 .
636 3578 643 3590 .
656 3577 661 3590 .
674 3576 680 3589 .
691 3546 784 3602 postea
798 3543 891 3593 ommno
907 3545 957 3589 tum
970 3534 1029 3589 edd·

190 3636 390 3669 nmmum
404 3634 460 3666 un.
487 3634 527 3663 nn.
551 3633 574 3664 v.
857 3626 873 3673 g
