2542 3909
362 230 586 268 pertimuerunt
599 230 698 268 radun.
718 214 738 267 l.
760 219 870 267 15-21.
1032 212 1094 277 571

141 365 232 435 ipsum
254 359 296 416 ies
319 362 399 417 Aelia
421 361 513 417 Sentia
535 360 607 419 iacit.
657 358 702 419 15.
727 354 840 417 ¹Eadem
862 361 905 418 ier
927 362 955 418 ln
977 360 1098 418 fraudem

141 445 319 503 ’credituram
333 439 400 502 αεὶ2
413 447 521 518 patroni
536 446 724 502 manumittere
740 446 876 519 prohibet.

56 534 131 585 [4⁷⁵]
206 526 253 586 16.
276 521 346 595 ³Qui
367 537 472 585 tautum
485 530 514 585 iu
529 528 622 593 bonis,
647 545 702 585 non
724 531 804 586 etiam
827 546 858 585 er
878 530 941 587 iure
955 528 1099 597 Quiritium

141 629 253 671 seruum
267 611 355 678 babet,
373 611 587 669 manumittendi>
601 612 726 669 Latinum
740 614 812 669 iacit.
857 613 886 670 in
901 612 978 670 ironis
995 621 1099 669 tantum

142 698 256 755 alicuius
271 713 367 754 seruus
382 706 425 754 eat
441 697 517 754 uelut
531 698 584 753 iroe
598 697 697 766 inodo,
717 698 741 754 si
763 699 830 753 ciuis
845 696 980 754 Romanus
1003 696 1027 752 ’a
1040 698 1099 753 ciue

142 775 284 839 Romano⁴
304 797 414 859 seruum
436 783 544 852 emerit,
567 784 647 855 isque
668 780 782 837 traditus
799 783 822 837 ei
845 784 891 853 sit,
907 798 995 853 neque
1011 789 1099 836 tamen

142 867 309 939 mancipatus
324 867 367 937 ei,
381 881 472 938 neque
486 867 514 921 in
529 867 588 921 inre
604 881 706 936 cessus,
723 880 811 938 neque
826 864 858 920 ab
873 866 933 938 ipso
949 880 1020 920 anuo
1036 880 1099 938 pus·

143 966 237 1007 sessus
252 952 297 1007 sit.
334 965 400 1022 natu¹
412 948 539 1023 quamdiu
554 950 650 1006 horum
667 948 732 1021 quid
747 948 835 1020 '(aon)
851 942 906 1014 uti
921 950 945 1004 is
960 964 1056 1004 seruus
1071 950 1098 1003 in

142 1032 222 1091 bonis
244 1033 353 1107 quidem
375 1032 531 1106 ’emptoris,
553 1027 612 1091 ea⁶
636 1034 700 1089 iure
725 1032 867 1099 Quiritium
895 1040 985 1089 autom
1007 1031 1100 1087 uendi·

142 1119 214 1175 toris
229 1126 280 1174 est.
666 1165 670 1171 .

114 1240 117 1245 -
207 1196 249 1259 17.
272 1195 400 1272 ¹iiuiier,
422 1216 490 1273 quae
504 1203 533 1257 in
547 1200 633 1257 tutela
649 1209 706 1267 est,
727 1200 791 1257 item
806 1200 926 1274 pupillus
949 1206 977 1257 et
998 1198 1100 1273 pupilia

141 1276 224 1362 ’(aa'si
237 1293 332 1343 tutore
345 1278 496 1359 auctore)⁸
511 1287 700 1341 manumittere
715 1300 770 1340 non
785 1293 911 1358 possunt.

207 1366 253 1426 ts.
274 1362 470 1425 ¹¹Communem
492 1384 603 1426 sernum
626 1384 695 1425 unus
711 1385 742 1425 ex
758 1368 872 1424 dominis
887 1367 1100 1425 manumittendo

144 1461 251 1527 partem
276 1468 354 1509 suant
378 1454 492 1523 amittit,
514 1469 599 1527 eaque
621 1452 754 1509 adcrescit
776 1452 864 1520 socio;
887 1452 1000 1509 maxime
1022 1453 1045 1507 si
1067 1468 1100 1507 co

144 1537 225 1594 modo
239 1537 440 1609 manumiserit,
455 1552 527 1610 quo,
542 1538 566 1592 si
580 1538 719 1610 proprium
737 1530 744 1613 Ι
762 1534 883 1608 haberet,
900 1538 986 1593 ciuem
1001 1535 1096 1592 itoma-
1108 1534 1207 1601 luthp

144 1636 210 1677 num
233 1620 355 1679 iacturas
369 1629 453 1677 esset.
490 1637 552 1676 nam
574 1622 597 1676 si
618 1622 690 1675 inter
711 1622 811 1676 amieos
827 1636 888 1676 eum
904 1618 1100 1692 manumiserit,

146 1705 284 1780 plerisque
305 1704 411 1779 placet,
433 1720 496 1761 eum
518 1704 584 1760 nihii
606 1705 706 1777 egisse.
750 1699 797 1761 19.
822 1696 973 1775 ¹⁰Seruus,
995 1706 1024 1760 in
1046 1720 1101 1778 quo

145 1787 257 1845 alterius
283 1797 326 1845 est
351 1787 539 1858 ususfructus,
560 1787 673 1843 alterius
697 1789 865 1861 proprietas,
892 1804 906 1843 a
929 1790 1102 1862 proprietatis

146 1871 256 1929 domiuo
272 1873 450 1929 manumissus
465 1871 533 1928 liber
542 1888 597 1929 non
609 1870 648 1935 iit,
661 1871 709 1928 sed
720 1888 817 1928 seruus
829 1874 887 1927 sine
899 1870 1009 1929 domino
1021 1865 1101 1927 est.¹¹

208 1953 262 2014 20.
285 1948 378 2014 ¹²Post
392 1965 506 2013 mortem
522 1955 630 2012 heredis
645 1965 691 2011 aut
706 1964 768 2012 ante
782 1956 981 2011 institutionem
994 1954 1102 2011 heredis

146 2048 309 2096 testamento
323 2039 435 2096 libertas
449 2040 507 2096 dari
518 2056 573 2095 non
587 2047 687 2115 potest,
700 2048 812 2112 exceptu
824 2046 987 2096 testamento
999 2038 1102 2095 militis.

145 2119 191 2181 21.
212 2123 285 2180 iuter
299 2124 399 2179 medias
413 2123 543 2180 heredum
557 2123 744 2180 institutiones
764 2121 874 2180 libertas
895 2121 955 2179 data
978 2124 1102 2195 utrisque

146 2207 308 2264 adeuntibus
323 2223 378 2264 non
393 2199 516 2275 ualet3¹³
536 2205 597 2263 solo
613 2215 704 2263 autem
718 2208 810 2280 priore
825 2206 941 2263 adeunte
959 2207 1019 2261 iure
1034 2206 1102 2261 anti·

55 2285 60 2287 ⁷
147 2285 237 2363 quo¹⁴
252 2291 335 2348 ualet.
366 2289 415 2345 sed
430 2298 494 2364 post
509 2289 598 2364 legem
613 2290 719 2364 Papiam
733 2289 899 2364 Poppaeam,
916 2306 984 2363 quae
999 2298 1102 2363 partem

148 2391 204 2431 non
219 2375 344 2431 adeuntis
359 2374 486 2431 caducam
500 2374 583 2446 iacit,
603 2374 627 2429 si
650 2374 758 2448 quidem
773 2376 876 2448 primus
898 2374 977 2429 ireres
991 2366 1046 2429 ’uei
1059 2375 1102 2429 ius

221 2575 242 2643 ¹)
258 2578 297 2640 Of.
313 2578 370 2627 Gai.
385 2591 406 2640 1,
420 2588 454 2630 tt.
467 2588 503 2629 et.
555 2572 718 2642 ¹)ereditoris
732 2584 756 2627 et
774 2578 833 2628 Vat.
849 2576 962 2641 (saetam
975 2571 1011 2629 ea
1024 2579 1102 2628 credi-

146 2657 194 2700 tor.
208 2648 257 2711 uei)
271 2648 329 2697 edd.
350 2648 389 2710 Cf.
406 2648 463 2697 Gai.
479 2650 495 2697 l.
511 2663 534 2697 c.
585 2644 661 2713 ¹)0f.
678 2648 735 2697 Gai.
751 2660 771 2706 1,
786 2643 883 2699 411185.
905 2648 949 2698 Iti.
964 2649 1065 2700 Dasitd.
1081 2662 1102 2701 9.

148 2746 182 2756 -
199 2717 256 2769 Gai.
270 2730 292 2777 8,
305 2730 340 2769 41.
355 2729 402 2770 rot.
466 2713 488 2782 ⁴)
504 2717 597 2773 Reate:
614 2734 673 2767 aaut
687 2720 711 2767 oi
724 2734 741 2767 a
755 2720 912 2783 perepriaa,
931 2734 967 2769 eac
980 2722 1038 2769 t'ara
1055 2718 1101 2780 Qu.

145 2804 238 2840 amas
248 2790 280 2851 fit
292 2790 426 2851 emptoris,
439 2791 501 2851 qaia
514 2795 568 2837 tam
580 2790 639 2837 iare
654 2790 695 2838 rei
708 2803 755 2838 aec
769 2790 883 2852 mancipi
900 2792 1043 2840 censendus
1056 2797 1102 2840 est.

148 2860 188 2923 Cf.
205 2859 249 2909 di.
268 2858 327 2909 Vnt.
341 2870 376 2910 tt.
436 2856 458 2924 ⁵)
473 2859 514 2907 fiat
532 2858 590 2908 Vat.
604 2859 662 2908 edd.
685 2856 923 2921 Saperaariptamfi
939 2860 1062 2911 ooaadalo
1077 2861 1103 2909 iit

146 2945 265 2981 errorent
274 2931 394 2993 peperit,·
406 2944 465 2978 nam
481 2925 624 2992 ‘quamdiu'
645 2928 771 2992 Ulpianus
780 2930 922 2980 indicativa
933 2933 1038 2993 copulat
1042 2947 1053 2987 ,·
1067 2932 1101 2993 af.

145 3013 169 3060 a,
178 3012 199 3051 2.
215 3012 250 3062 1⁰,
259 3012 281 3052 a
295 3010 331 3059 aa,
340 3012 362 3053 a.
413 2996 434 3061 ⁶)
449 3000 564 3063 emptoris
578 3006 627 3049 eat
641 2997 717 3065 (male
728 3001 859 3065 pemiaata
873 2998 897 3063 e)
917 3000 976 3049 Vat.
987 3002 1102 3062 emptoris

146 3078 193 3133 est,
208 3084 236 3120 ex
249 3071 307 3120 edd.
360 3066 436 3135 ¹)0f.
447 3069 491 3119 Ii.
502 3070 601 3119 Daaitd.
616 3080 651 3121 15.
671 3070 744 3133 t‘afra
753 3083 788 3132 11,
798 3082 832 3121 it.
884 3067 905 3135 ¹³)
920 3069 1032 3120 Restitaa'
1048 3069 1101 3119 Fu.

143 3158 172 3206 p.
186 3153 234 3193 aas.
285 3138 307 3205 ⁰)
323 3140 362 3203 Cf.
378 3140 423 3189 li.
437 3140 538 3190 Dacica.
552 3151 586 3191 ιο.
607 3140 683 3191 Paul.
697 3152 719 3200 4,
734 3152 767 3192 rr.
783 3142 824 3201 ἓξ.
839 3153 859 3191 1.
875 3152 894 3192 a.
953 3137 985 3205 ¹⁰)
1002 3139 1041 3202 Of.
1059 3140 1102 3189 Fr.

147 3212 249 3262 Dasitlt.
268 3224 302 3262 11.
368 3207 402 3275 ¹¹)
422 3210 487 3260 Gaas
505 3226 562 3260 cam
580 3210 735 3261 Mommsena
750 3218 838 3274 pates,
859 3210 923 3260 haec
941 3212 1103 3260 desiderari:

147 3280 243 3333 ‘donec
256 3288 340 3331 maaet
353 3282 532 3345 ususfructus:
549 3296 600 3345 qua
610 3284 685 3345 finito
699 3280 811 3331 Latinus
825 3278 960 3344 effleitar’.
994 3281 1054 3330 Vid.
1070 3280 1102 3331 L.

147 3365 215 3416 tpr.
232 3352 257 3402 0.
272 3367 359 3403 comm.
373 3352 406 3401 de
419 3367 486 3401 mara
504 3350 541 3417 (t,
556 3350 592 3417 15)
611 3360 636 3401 et
654 3367 701 3402 aas
718 3352 754 3402 ad
774 3352 817 3402 ut».
832 3352 932 3404 Dasitu.
948 3365 973 3403 n
985 3354 1030 3415 fia.

149 3419 184 3489 ¹²)
200 3422 239 3486 Os.
256 3423 313 3473 Gai.
328 3433 350 3481 Β,
363 3434 410 3474 tao.
425 3434 472 3474 aaa.
526 3418 558 3486 ¹¹)
576 3421 643 3482 Quia
652 3437 705 3486 pro
714 3430 793 3485 parte
807 3430 904 3473 tantam
917 3430 977 3472 ante
992 3423 1103 3472 instituti

145 3501 173 3544 et
183 3493 253 3556 facti
265 3493 370 3543 heredis
388 3491 430 3558 (ab
448 3492 521 3542 adita
540 3494 606 3542 enine
624 3492 767 3543 hereditate
785 3494 841 3543 dies
859 3496 915 3543 eius
935 3492 1013 3557 cedit)
1033 3499 1103 3543 recte

145 3565 211 3615 data
223 3571 270 3623 eat,
284 3578 332 3615 aec
341 3578 394 3627 pro
404 3570 482 3627 parte
496 3571 639 3626 competere
650 3570 741 3625 potest.
808 3561 841 3630 ¹⁴)
857 3566 873 3612 i.
889 3579 910 3613 e.
925 3564 1101 3614 accrescendi.
