<?xml version="1.0" encoding="UTF-8"?>
<!DOCTYPE html PUBLIC "-//W3C//DTD XHTML 1.0 Transitional//EN"
    "http://www.w3.org/TR/xhtml1/DTD/xhtml1-transitional.dtd">
<html xmlns="http://www.w3.org/1999/xhtml" xml:lang="en" lang="en">
 <head>
  <title>
</title>
<meta http-equiv="Content-Type" content="text/html;charset=utf-8" />
  <meta name='ocr-system' content='tesseract 3.04.00' />
  <meta name='ocr-capabilities' content='ocr_page ocr_carea ocr_par ocr_line ocrx_word'/>
</head>
<body>
  <div class='ocr_page' id='page_1' title='image "./iurisprudentiae01huscgoog_0751.png"; bbox 0 0 2542 3909; ppageno 0'>
   <div class='ocr_carea' id='block_1_1' title="bbox 155 215 838 280">
    <p class='ocr_par' dir='ltr' id='par_1_1' title="bbox 155 215 838 280">
     <span class='ocr_line' id='line_1_1' title="bbox 155 215 838 280; baseline -0.018 0"><span class='ocrx_word' id='word_1_1' title='bbox 155 215 214 280; x_wconf 77' lang='grc'><strong>726</strong></span> <span class='ocrx_word' id='word_1_2' title='bbox 420 234 517 270; x_wconf 79' lang='lat' dir='ltr'><strong>auson.</strong></span> <span class='ocrx_word' id='word_1_3' title='bbox 537 234 589 270; x_wconf 82' lang='lat' dir='ltr'><strong>run.</strong></span> <span class='ocrx_word' id='word_1_4' title='bbox 608 235 671 270; x_wconf 83' lang='lat' dir='ltr'><strong>aon.</strong></span> <span class='ocrx_word' id='word_1_5' title='bbox 690 233 775 270; x_wconf 75' lang='lat' dir='ltr'><strong>vanc.</strong></span> <span class='ocrx_word' id='word_1_6' title='bbox 796 221 838 270; x_wconf 74' lang='lat'><strong>35.</strong></span> 
     </span>
    </p>
   </div>
   <div class='ocr_carea' id='block_1_2' title="bbox 56 361 1181 2110">
    <p class='ocr_par' dir='ltr' id='par_1_2' title="bbox 56 361 1181 2110">
     <span class='ocr_line' id='line_1_2' title="bbox 153 361 1107 438; baseline -0.002 -18"><span class='ocrx_word' id='word_1_7' title='bbox 153 365 258 420; x_wconf 89' lang='lat' dir='ltr'><strong>tionum</strong></span> <span class='ocrx_word' id='word_1_8' title='bbox 274 362 389 436; x_wconf 80' lang='lat' dir='ltr'>qualitas</span> <span class='ocrx_word' id='word_1_9' title='bbox 406 364 545 436; x_wconf 87' lang='lat' dir='ltr'><strong>disparari,</strong></span> <span class='ocrx_word' id='word_1_10' title='bbox 566 379 664 438; x_wconf 89' lang='lat' dir='ltr'><strong>parens</strong></span> <span class='ocrx_word' id='word_1_11' title='bbox 679 362 816 420; x_wconf 77' lang='lat' dir='ltr'><strong>carissime</strong></span> <span class='ocrx_word' id='word_1_12' title='bbox 830 370 912 435; x_wconf 86' lang='lat' dir='ltr'><strong>atque</strong></span> <span class='ocrx_word' id='word_1_13' title='bbox 926 361 1107 418; x_wconf 86' lang='lat' dir='ltr'><strong>amantissime</strong></span> 
     </span>
     <span class='ocr_line' id='line_1_3' title="bbox 153 437 1106 522; baseline -0.002 -20"><span class='ocrx_word' id='word_1_14' title='bbox 153 440 264 504; x_wconf 84' lang='lat' dir='ltr'><strong>nobis.¹</strong></span> <span class='ocrx_word' id='word_1_15' title='bbox 308 446 367 504; x_wconf 86' lang='lat' dir='ltr'><strong>Pari</strong></span> <span class='ocrx_word' id='word_1_16' title='bbox 388 447 521 522; x_wconf 81' lang='lat' dir='ltr'>siquidem</span> <span class='ocrx_word' id='word_1_17' title='bbox 544 447 667 520; x_wconf 80' lang='lat' dir='ltr'><strong>exemplo</strong></span> <span class='ocrx_word' id='word_1_18' title='bbox 689 445 928 504; x_wconf 77' lang='lat' dir='ltr'><strong>uociferationibus</strong></span> <span class='ocrx_word' id='word_1_19' title='bbox 950 437 1106 502; x_wconf 78' lang='lat' dir='ltr'><strong>’consutis²</strong></span> 
     </span>
     <span class='ocr_line' id='line_1_4' title="bbox 154 528 1106 602; baseline -0.003 -17"><span class='ocrx_word' id='word_1_20' title='bbox 154 530 339 587; x_wconf 78' lang='lat' dir='ltr'><strong>multitudines</strong></span> <span class='ocrx_word' id='word_1_21' title='bbox 354 539 550 602; x_wconf 79' lang='lat' dir='ltr'>memorarunt,</span> <span class='ocrx_word' id='word_1_22' title='bbox 572 546 626 587; x_wconf 91' lang='lat' dir='ltr'><strong>non</strong></span> <span class='ocrx_word' id='word_1_23' title='bbox 643 531 714 587; x_wconf 90' lang='lat' dir='ltr'><strong>iuste</strong></span> <span class='ocrx_word' id='word_1_24' title='bbox 727 546 772 587; x_wconf 92' lang='lat' dir='ltr'><strong>res</strong></span> <span class='ocrx_word' id='word_1_25' title='bbox 787 545 849 586; x_wconf 87' lang='lat' dir='ltr'><strong>suas</strong></span> <span class='ocrx_word' id='word_1_26' title='bbox 865 545 925 586; x_wconf 88' lang='lat' dir='ltr'><strong>esse</strong></span> <span class='ocrx_word' id='word_1_27' title='bbox 939 528 1106 597; x_wconf 84' lang='lat' dir='ltr'><strong>diuenditas3</strong></span> 
     </span>
     <span class='ocr_line' id='line_1_5' title="bbox 154 611 1106 687; baseline -0.001 -19"><span class='ocrx_word' id='word_1_28' title='bbox 154 613 213 670; x_wconf 90' lang='lat' dir='ltr'><strong>aliis</strong></span> <span class='ocrx_word' id='word_1_29' title='bbox 234 613 451 687; x_wconf 78' lang='lat' dir='ltr'><strong>possidentibus,</strong></span> <span class='ocrx_word' id='word_1_30' title='bbox 473 631 503 671; x_wconf 88' lang='lat' dir='ltr'><strong>se</strong></span> <span class='ocrx_word' id='word_1_31' title='bbox 525 613 625 671; x_wconf 83' lang='lat' dir='ltr'><strong>fiscalia</strong></span> <span class='ocrx_word' id='word_1_32' title='bbox 647 615 736 670; x_wconf 89' lang='lat' dir='ltr'><strong>luere:</strong></span> <span class='ocrx_word' id='word_1_33' title='bbox 763 614 898 686; x_wconf 80' lang='lat' dir='ltr'><strong>frequenti</strong></span> <span class='ocrx_word' id='word_1_34' title='bbox 920 613 1036 684; x_wconf 87' lang='lat' dir='ltr'><strong>denique</strong></span> <span class='ocrx_word' id='word_1_35' title='bbox 1058 611 1106 667; x_wconf 94' lang='lat' dir='ltr'><strong>ob-</strong></span> 
     </span>
     <span class='ocr_line' id='line_1_6' title="bbox 155 692 1108 772; baseline 0 -21"><span class='ocrx_word' id='word_1_36' title='bbox 155 699 306 754; x_wconf 90' lang='lat' dir='ltr'><strong>secratione</strong></span> <span class='ocrx_word' id='word_1_37' title='bbox 319 699 407 755; x_wconf 90' lang='lat' dir='ltr'><strong>delata</strong></span> <span class='ocrx_word' id='word_1_38' title='bbox 421 698 568 755; x_wconf 86' lang='lat' dir='ltr'><strong>remedium</strong></span> <span class='ocrx_word' id='word_1_39' title='bbox 579 700 753 770; x_wconf 90' lang='lat' dir='ltr'><strong>cupiueruut.</strong></span> <span class='ocrx_word' id='word_1_40' title='bbox 783 692 842 772; x_wconf 82' lang='lat'><strong>(2.)</strong></span> <span class='ocrx_word' id='word_1_41' title='bbox 858 695 907 753; x_wconf 81' lang='lat' dir='ltr'><strong>llis</strong></span> <span class='ocrx_word' id='word_1_42' title='bbox 921 711 1015 753; x_wconf 86' lang='lat' dir='ltr'><strong>sumus</strong></span> <span class='ocrx_word' id='word_1_43' title='bbox 1029 694 1108 751; x_wconf 91' lang='lat' dir='ltr'><strong>ualde</strong></span> 
     </span>
     <span class='ocr_line' id='line_1_7' title="bbox 153 772 1109 854; baseline -0.003 -17"><span class='ocrx_word' id='word_1_44' title='bbox 153 782 286 854; x_wconf 90' lang='lat' dir='ltr'><strong>permoti,</strong></span> <span class='ocrx_word' id='word_1_45' title='bbox 314 791 457 853; x_wconf 89' lang='lat' dir='ltr'><strong>uereutes,</strong></span> <span class='ocrx_word' id='word_1_46' title='bbox 484 799 519 838; x_wconf 89' lang='lat' dir='ltr'><strong>ne</strong></span> <span class='ocrx_word' id='word_1_47' title='bbox 541 782 653 839; x_wconf 88' lang='lat' dir='ltr'><strong>alieuius</strong></span> <span class='ocrx_word' id='word_1_48' title='bbox 676 780 779 837; x_wconf 89' lang='lat' dir='ltr'><strong>’callidi</strong></span> <span class='ocrx_word' id='word_1_49' title='bbox 801 776 928 836; x_wconf 80' lang='lat' dir='ltr'><strong>artibus³</strong></span> <span class='ocrx_word' id='word_1_50' title='bbox 950 772 1109 836; x_wconf 79' lang='lat' dir='ltr'><strong>auersabili⁴</strong></span> 
     </span>
     <span class='ocr_line' id='line_1_8' title="bbox 154 864 1109 940; baseline 0 -21"><span class='ocrx_word' id='word_1_51' title='bbox 154 865 335 922; x_wconf 90' lang='lat' dir='ltr'><strong>emolumento</strong></span> <span class='ocrx_word' id='word_1_52' title='bbox 351 867 474 940; x_wconf 78' lang='lat' dir='ltr'><strong>persuasi</strong></span> <span class='ocrx_word' id='word_1_53' title='bbox 488 881 531 922; x_wconf 92' lang='lat' dir='ltr'><strong>res</strong></span> <span class='ocrx_word' id='word_1_54' title='bbox 546 881 607 922; x_wconf 86' lang='lat' dir='ltr'><strong>suas</strong></span> <span class='ocrx_word' id='word_1_55' title='bbox 622 864 773 921; x_wconf 88' lang='lat' dir='ltr'><strong>uenderent</strong></span> <span class='ocrx_word' id='word_1_56' title='bbox 792 866 850 920; x_wconf 90' lang='lat' dir='ltr'><strong>sine</strong></span> <span class='ocrx_word' id='word_1_57' title='bbox 872 881 970 935; x_wconf 88' lang='lat' dir='ltr'><strong>ceusu,</strong></span> <span class='ocrx_word' id='word_1_58' title='bbox 993 879 1024 920; x_wconf 89' lang='lat' dir='ltr'><strong>ac</strong></span> <span class='ocrx_word' id='word_1_59' title='bbox 1044 871 1109 936; x_wconf 94' lang='lat' dir='ltr'><strong>post</strong></span> 
     </span>
     <span class='ocr_line' id='line_1_9' title="bbox 153 941 1108 1023; baseline -0.002 -21"><span class='ocrx_word' id='word_1_60' title='bbox 153 948 270 1004; x_wconf 90' lang='lat' dir='ltr'><strong>subsidia</strong></span> <span class='ocrx_word' id='word_1_61' title='bbox 285 956 394 1006; x_wconf 91' lang='lat' dir='ltr'><strong>nostrae</strong></span> <span class='ocrx_word' id='word_1_62' title='bbox 410 949 621 1007; x_wconf 90' lang='lat' dir='ltr'><strong>mausuetudinis</strong></span> <span class='ocrx_word' id='word_1_63' title='bbox 639 957 831 1023; x_wconf 78' lang='lat' dir='ltr'><strong>precarentur,</strong></span> <span class='ocrx_word' id='word_1_64' title='bbox 852 949 943 1021; x_wconf 87' lang='lat' dir='ltr'><strong>itaque</strong></span> <span class='ocrx_word' id='word_1_65' title='bbox 964 941 1108 1003; x_wconf 67' lang='lat' dir='ltr'><strong>&#39;uersuttsi</strong></span> 
     </span>
     <span class='ocr_line' id='line_1_10' title="bbox 154 1030 1108 1106; baseline -0.002 -18"><span class='ocrx_word' id='word_1_66' title='bbox 154 1031 306 1090; x_wconf 75' lang='lat' dir='ltr'><strong>calliditatis</strong></span> <span class='ocrx_word' id='word_1_67' title='bbox 328 1043 478 1091; x_wconf 90' lang='lat' dir='ltr'><strong>commenta</strong></span> <span class='ocrx_word' id='word_1_68' title='bbox 500 1031 685 1106; x_wconf 88' lang='lat' dir='ltr'><strong>miscentibus,</strong></span> <span class='ocrx_word' id='word_1_69' title='bbox 707 1033 769 1088; x_wconf 92' lang='lat' dir='ltr'><strong>dum</strong></span> <span class='ocrx_word' id='word_1_70' title='bbox 789 1033 944 1088; x_wconf 85' lang='lat' dir='ltr'><strong>insidiarum</strong></span> <span class='ocrx_word' id='word_1_71' title='bbox 960 1030 1108 1087; x_wconf 80' lang='lat' dir='ltr'><strong>fallentium</strong></span> 
     </span>
     <span class='ocr_line' id='line_1_11' title="bbox 154 1118 1108 1191; baseline -0.002 -20"><span class='ocrx_word' id='word_1_72' title='bbox 154 1131 210 1172; x_wconf 89' lang='lat' dir='ltr'><strong>uon</strong></span> <span class='ocrx_word' id='word_1_73' title='bbox 225 1118 392 1190; x_wconf 89' lang='lat' dir='ltr'><strong>suspicamur</strong></span> <span class='ocrx_word' id='word_1_74' title='bbox 403 1133 507 1188; x_wconf 87' lang='lat' dir='ltr'><strong>arcana,</strong></span> <span class='ocrx_word' id='word_1_75' title='bbox 523 1133 574 1191; x_wconf 94' lang='lat' dir='ltr'><strong>pro</strong></span> <span class='ocrx_word' id='word_1_76' title='bbox 589 1118 758 1173; x_wconf 79' lang='lat' dir='ltr'><strong>innocentiae</strong></span> <span class='ocrx_word' id='word_1_77' title='bbox 772 1124 882 1172; x_wconf 86' lang='lat' dir='ltr'><strong>nostrae</strong></span> <span class='ocrx_word' id='word_1_78' title='bbox 896 1124 990 1171; x_wconf 87' lang='lat' dir='ltr'><strong>natura</strong></span> <span class='ocrx_word' id='word_1_79' title='bbox 1000 1123 1108 1171; x_wconf 86' lang='lat' dir='ltr'><strong>ceteros</strong></span> 
     </span>
     <span class='ocr_line' id='line_1_12' title="bbox 155 1191 1108 1272; baseline -0.002 -18"><span class='ocrx_word' id='word_1_80' title='bbox 155 1200 338 1270; x_wconf 83' lang='lat' dir='ltr'><strong>aestimantes,</strong></span> <span class='ocrx_word' id='word_1_81' title='bbox 353 1201 516 1258; x_wconf 87' lang='lat' dir='ltr'><strong>detrimento</strong></span> <span class='ocrx_word' id='word_1_82' title='bbox 529 1217 625 1257; x_wconf 90' lang='lat' dir='ltr'><strong>census</strong></span> <span class='ocrx_word' id='word_1_83' title='bbox 641 1191 796 1256; x_wconf 69' lang='lat' dir='ltr'><strong>’nocentes⁰</strong></span> <span class='ocrx_word' id='word_1_84' title='bbox 809 1198 968 1257; x_wconf 88' lang='lat' dir='ltr'><strong>leuaremus.</strong></span> <span class='ocrx_word' id='word_1_85' title='bbox 992 1193 1042 1272; x_wconf 74' lang='lat'><strong>(3.)</strong></span> <span class='ocrx_word' id='word_1_86' title='bbox 1055 1195 1108 1254; x_wconf 87' lang='lat' dir='ltr'><strong>llas</strong></span> 
     </span>
     <span class='ocr_line' id='line_1_13' title="bbox 153 1281 1109 1358; baseline -0.004 -18"><span class='ocrx_word' id='word_1_87' title='bbox 153 1283 272 1353; x_wconf 82' lang='lat' dir='ltr'><strong>fraudes,</strong></span> <span class='ocrx_word' id='word_1_88' title='bbox 295 1285 345 1340; x_wconf 89' lang='lat' dir='ltr'><strong>hos</strong></span> <span class='ocrx_word' id='word_1_89' title='bbox 367 1285 457 1355; x_wconf 90' lang='lat' dir='ltr'><strong>dolos,</strong></span> <span class='ocrx_word' id='word_1_90' title='bbox 478 1287 543 1340; x_wconf 88' lang='lat' dir='ltr'><strong>istas</strong></span> <span class='ocrx_word' id='word_1_91' title='bbox 563 1285 682 1358; x_wconf 76' lang='lat' dir='ltr'><strong>argutias</strong></span> <span class='ocrx_word' id='word_1_92' title='bbox 696 1284 759 1357; x_wconf 78' lang='lat' dir='ltr'><strong>lege</strong></span> <span class='ocrx_word' id='word_1_93' title='bbox 774 1281 957 1356; x_wconf 89' lang='lat' dir='ltr'><strong>probibemus,</strong></span> <span class='ocrx_word' id='word_1_94' title='bbox 979 1282 1109 1337; x_wconf 89' lang='lat' dir='ltr'><strong>constitu·</strong></span> 
     </span>
     <span class='ocr_line' id='line_1_14' title="bbox 155 1365 1109 1441; baseline -0.001 -20"><span class='ocrx_word' id='word_1_95' title='bbox 155 1368 228 1424; x_wconf 86' lang='lat' dir='ltr'><strong>tione</strong></span> <span class='ocrx_word' id='word_1_96' title='bbox 247 1367 429 1426; x_wconf 83' lang='lat' dir='ltr'><strong>excludimus:</strong></span> <span class='ocrx_word' id='word_1_97' title='bbox 451 1377 480 1425; x_wconf 87' lang='lat' dir='ltr'><strong>et</strong></span> <span class='ocrx_word' id='word_1_98' title='bbox 494 1368 595 1425; x_wconf 89' lang='lat' dir='ltr'><strong>idcireo</strong></span> <span class='ocrx_word' id='word_1_99' title='bbox 610 1369 697 1423; x_wconf 89' lang='lat' dir='ltr'><strong>iustae</strong></span> <span class='ocrx_word' id='word_1_100' title='bbox 710 1367 897 1441; x_wconf 87' lang='lat' dir='ltr'><strong>prouidentiae</strong></span> <span class='ocrx_word' id='word_1_101' title='bbox 918 1366 1042 1422; x_wconf 89' lang='lat' dir='ltr'><strong>consulta</strong></span> <span class='ocrx_word' id='word_1_102' title='bbox 1063 1365 1109 1420; x_wconf 92' lang='lat' dir='ltr'><strong>de·</strong></span> 
     </span>
     <span class='ocr_line' id='line_1_15' title="bbox 154 1446 1108 1524; baseline -0.001 -19"><span class='ocrx_word' id='word_1_103' title='bbox 154 1449 311 1506; x_wconf 84' lang='lat' dir='ltr'><strong>liberatione</strong></span> <span class='ocrx_word' id='word_1_104' title='bbox 326 1446 484 1523; x_wconf 86' lang='lat' dir='ltr'><strong>sancimus,⁷</strong></span> <span class='ocrx_word' id='word_1_105' title='bbox 499 1460 529 1506; x_wconf 93' lang='lat' dir='ltr'><strong>ut</strong></span> <span class='ocrx_word' id='word_1_106' title='bbox 545 1454 655 1508; x_wconf 90' lang='lat' dir='ltr'><strong>omniuo</strong></span> <span class='ocrx_word' id='word_1_107' title='bbox 670 1454 716 1524; x_wconf 87' lang='lat' dir='ltr'><strong>qui</strong></span> <span class='ocrx_word' id='word_1_108' title='bbox 730 1458 869 1523; x_wconf 84' lang='lat' dir='ltr'><strong>conparat,</strong></span> <span class='ocrx_word' id='word_1_109' title='bbox 885 1450 934 1505; x_wconf 89' lang='lat' dir='ltr'><strong>’rei</strong></span> <span class='ocrx_word' id='word_1_110' title='bbox 947 1456 1108 1522; x_wconf 87' lang='lat' dir='ltr'><strong>conparatae</strong></span> 
     </span>
     <span class='ocr_line' id='line_1_16' title="bbox 154 1529 1109 1607; baseline 0.001 -19"><span class='ocrx_word' id='word_1_111' title='bbox 154 1535 196 1589; x_wconf 90' lang='lat' dir='ltr'><strong>ius</strong></span> <span class='ocrx_word' id='word_1_112' title='bbox 218 1543 366 1607; x_wconf 81' lang='lat' dir='ltr'><strong>cognoscat</strong></span> <span class='ocrx_word' id='word_1_113' title='bbox 388 1544 415 1592; x_wconf 90' lang='lat' dir='ltr'><strong>et</strong></span> <span class='ocrx_word' id='word_1_114' title='bbox 430 1529 565 1605; x_wconf 83' lang='lat' dir='ltr'><strong>ceusum,⁸</strong></span> <span class='ocrx_word' id='word_1_115' title='bbox 587 1550 675 1607; x_wconf 89' lang='lat' dir='ltr'><strong>neque</strong></span> <span class='ocrx_word' id='word_1_116' title='bbox 694 1534 772 1590; x_wconf 88' lang='lat' dir='ltr'><strong>liceat</strong></span> <span class='ocrx_word' id='word_1_117' title='bbox 787 1534 866 1589; x_wconf 87' lang='lat' dir='ltr'><strong>alicui</strong></span> <span class='ocrx_word' id='word_1_118' title='bbox 881 1549 938 1589; x_wconf 89' lang='lat' dir='ltr'><strong>rem</strong></span> <span class='ocrx_word' id='word_1_119' title='bbox 953 1534 1012 1588; x_wconf 89' lang='lat' dir='ltr'><strong>sine</strong></span> <span class='ocrx_word' id='word_1_120' title='bbox 1027 1547 1109 1589; x_wconf 90' lang='lat' dir='ltr'><strong>ceusu</strong></span> 
     </span>
     <span class='ocr_line' id='line_1_17' title="bbox 56 1609 1109 1695; baseline -0.002 -22"><span class='ocrx_word' id='word_1_121' title='bbox 56 1609 222 1689; x_wconf 80' lang='lat' dir='ltr'><strong>[o]ss.a.&#39;uel⁹</strong></span> <span class='ocrx_word' id='word_1_122' title='bbox 242 1631 389 1689; x_wconf 86' lang='lat' dir='ltr'><strong>conparare</strong></span> <span class='ocrx_word' id='word_1_123' title='bbox 403 1619 447 1674; x_wconf 89' lang='lat' dir='ltr'><strong>uel</strong></span> <span class='ocrx_word' id='word_1_124' title='bbox 462 1617 589 1675; x_wconf 88' lang='lat' dir='ltr'><strong>uendere.</strong></span> <span class='ocrx_word' id='word_1_125' title='bbox 612 1614 664 1690; x_wconf 90' lang='grc'>(4.)</span> <span class='ocrx_word' id='word_1_126' title='bbox 680 1610 824 1695; x_wconf 71' lang='grc' dir='ltr'><strong>Ιιι)εροοῖίο</strong></span> <span class='ocrx_word' id='word_1_127' title='bbox 839 1625 927 1673; x_wconf 91' lang='lat' dir='ltr'><strong>autem</strong></span> <span class='ocrx_word' id='word_1_128' title='bbox 941 1615 1051 1690; x_wconf 88' lang='lat' dir='ltr'><strong>publico</strong></span> <span class='ocrx_word' id='word_1_129' title='bbox 1066 1615 1109 1672; x_wconf 92' lang='lat' dir='ltr'><strong>uel</strong></span> 
     </span>
     <span class='ocr_line' id='line_1_18' title="bbox 154 1697 1108 1774; baseline 0.001 -19"><span class='ocrx_word' id='word_1_130' title='bbox 154 1697 251 1757; x_wconf 86' lang='lat' dir='ltr'><strong>fiscalis</strong></span> <span class='ocrx_word' id='word_1_131' title='bbox 267 1715 327 1756; x_wconf 90' lang='lat' dir='ltr'><strong>esse</strong></span> <span class='ocrx_word' id='word_1_132' title='bbox 341 1699 459 1773; x_wconf 90' lang='lat' dir='ltr'><strong>debebit,</strong></span> <span class='ocrx_word' id='word_1_133' title='bbox 474 1703 522 1758; x_wconf 87' lang='lat' dir='ltr'><strong>bac</strong></span> <span class='ocrx_word' id='word_1_134' title='bbox 537 1702 609 1774; x_wconf 79' lang='lat' dir='ltr'><strong>lege,</strong></span> <span class='ocrx_word' id='word_1_135' title='bbox 623 1709 656 1758; x_wconf 85' lang='lat' dir='ltr'><strong>nt</strong></span> <span class='ocrx_word' id='word_1_136' title='bbox 671 1701 804 1774; x_wconf 79' lang='lat' dir='ltr'><strong>sinitquid</strong></span> <span class='ocrx_word' id='word_1_137' title='bbox 819 1702 877 1757; x_wconf 91' lang='lat' dir='ltr'><strong>siue</strong></span> <span class='ocrx_word' id='word_1_138' title='bbox 887 1716 970 1758; x_wconf 92' lang='lat' dir='ltr'><strong>censu</strong></span> <span class='ocrx_word' id='word_1_139' title='bbox 986 1701 1108 1770; x_wconf 87' lang='lat' dir='ltr'><strong>ueniorit,</strong></span> 
     </span>
     <span class='ocr_line' id='line_1_19' title="bbox 155 1778 1108 1858; baseline -0.001 -19"><span class='ocrx_word' id='word_1_140' title='bbox 155 1791 183 1840; x_wconf 91' lang='lat' dir='ltr'><strong>et</strong></span> <span class='ocrx_word' id='word_1_141' title='bbox 198 1792 262 1857; x_wconf 89' lang='lat' dir='ltr'><strong>post</strong></span> <span class='ocrx_word' id='word_1_142' title='bbox 276 1783 308 1840; x_wconf 89' lang='lat' dir='ltr'><strong>ab</strong></span> <span class='ocrx_word' id='word_1_143' title='bbox 324 1783 415 1857; x_wconf 87' lang='lat' dir='ltr'><strong>aliquo</strong></span> <span class='ocrx_word' id='word_1_144' title='bbox 431 1778 623 1856; x_wconf 79' lang='lat' dir='ltr'><strong>’deteratur,¹⁰</strong></span> <span class='ocrx_word' id='word_1_145' title='bbox 635 1784 763 1841; x_wconf 88' lang='lat' dir='ltr'><strong>uenditor</strong></span> <span class='ocrx_word' id='word_1_146' title='bbox 774 1784 881 1858; x_wconf 87' lang='lat' dir='ltr'><strong>quidem</strong></span> <span class='ocrx_word' id='word_1_147' title='bbox 896 1785 1108 1858; x_wconf 87' lang='lat' dir='ltr'><strong>possessionem,</strong></span> 
     </span>
     <span class='ocr_line' id='line_1_20' title="bbox 155 1866 1108 1943; baseline -0.001 -19"><span class='ocrx_word' id='word_1_148' title='bbox 155 1876 317 1941; x_wconf 82' lang='lat' dir='ltr'><strong>cooperator</strong></span> <span class='ocrx_word' id='word_1_149' title='bbox 330 1885 397 1924; x_wconf 90' lang='lat' dir='ltr'><strong>uero</strong></span> <span class='ocrx_word' id='word_1_150' title='bbox 417 1870 459 1941; x_wconf 93' lang='lat' dir='ltr'><strong>id,</strong></span> <span class='ocrx_word' id='word_1_151' title='bbox 482 1869 553 1943; x_wconf 90' lang='lat' dir='ltr'><strong>quod</strong></span> <span class='ocrx_word' id='word_1_152' title='bbox 569 1869 657 1939; x_wconf 93' lang='lat' dir='ltr'><strong>dedit,</strong></span> <span class='ocrx_word' id='word_1_153' title='bbox 679 1870 796 1942; x_wconf 90' lang='lat' dir='ltr'><strong>pretium</strong></span> <span class='ocrx_word' id='word_1_154' title='bbox 811 1867 878 1924; x_wconf 87' lang='lat' dir='ltr'><strong>lisco</strong></span> <span class='ocrx_word' id='word_1_155' title='bbox 894 1867 1047 1924; x_wconf 88' lang='lat' dir='ltr'><strong>uindicante</strong></span> <span class='ocrx_word' id='word_1_156' title='bbox 1062 1866 1108 1923; x_wconf 89' lang='lat' dir='ltr'><strong>de·</strong></span> 
     </span>
     <span class='ocr_line' id='line_1_21' title="bbox 154 1950 1108 2026; baseline 0.001 -21"><span class='ocrx_word' id='word_1_157' title='bbox 154 1951 259 2026; x_wconf 89' lang='lat' dir='ltr'><strong>perdat.</strong></span> <span class='ocrx_word' id='word_1_158' title='bbox 296 1951 348 2026; x_wconf 86' lang='lat'><strong>(5.)</strong></span> <span class='ocrx_word' id='word_1_159' title='bbox 364 1952 392 2009; x_wconf 93' lang='lat' dir='ltr'><strong>ld</strong></span> <span class='ocrx_word' id='word_1_160' title='bbox 408 1955 488 2009; x_wconf 91' lang='lat' dir='ltr'><strong>etiam</strong></span> <span class='ocrx_word' id='word_1_161' title='bbox 503 1952 629 2011; x_wconf 91' lang='lat' dir='ltr'><strong>uolumus</strong></span> <span class='ocrx_word' id='word_1_162' title='bbox 646 1951 769 2008; x_wconf 88' lang='lat' dir='ltr'><strong>omuibus</strong></span> <span class='ocrx_word' id='word_1_163' title='bbox 782 1953 910 2023; x_wconf 87' lang='lat' dir='ltr'><strong>intimari,</strong></span> <span class='ocrx_word' id='word_1_164' title='bbox 930 1959 1040 2007; x_wconf 85' lang='lat' dir='ltr'><strong>nostrae</strong></span> <span class='ocrx_word' id='word_1_165' title='bbox 1056 1950 1108 2007; x_wconf 90' lang='lat' dir='ltr'><strong>cle·</strong></span> 
     </span>
     <span class='ocr_line' id='line_1_22' title="bbox 154 2035 1181 2110; baseline -0.008 -19"><span class='ocrx_word' id='word_1_166' title='bbox 154 2037 269 2094; x_wconf 86' lang='lat' dir='ltr'><strong>montiae</strong></span> <span class='ocrx_word' id='word_1_167' title='bbox 285 2036 433 2110; x_wconf 87' lang='lat' dir='ltr'><strong>placuisse,</strong></span> <span class='ocrx_word' id='word_1_168' title='bbox 456 2040 588 2094; x_wconf 91' lang='lat' dir='ltr'><strong>neminem</strong></span> <span class='ocrx_word' id='word_1_169' title='bbox 603 2037 702 2092; x_wconf 90' lang='lat' dir='ltr'><strong>debere</strong></span> <span class='ocrx_word' id='word_1_170' title='bbox 716 2036 750 2092; x_wconf 94' lang='lat' dir='ltr'><strong>ad</strong></span> <span class='ocrx_word' id='word_1_171' title='bbox 765 2035 949 2092; x_wconf 87' lang='lat' dir='ltr'><strong>uenditionem</strong></span> <span class='ocrx_word' id='word_1_172' title='bbox 965 2036 1005 2090; x_wconf 89' lang='lat' dir='ltr'><strong>rei</strong></span> <span class='ocrx_word' id='word_1_173' title='bbox 1019 2035 1107 2090; x_wconf 88' lang='lat' dir='ltr'><strong>cuius·</strong></span> <span class='ocrx_word' id='word_1_174' title='bbox 1118 2045 1181 2095; x_wconf 81' lang='lat' dir='ltr'><strong>[aar]</strong></span> 
     </span>
    </p>
   </div>
   <div class='ocr_carea' id='block_1_3' title="bbox 153 2116 1106 2362">
    <p class='ocr_par' dir='ltr' id='par_1_3' title="bbox 153 2116 1106 2362">
     <span class='ocr_line' id='line_1_23' title="bbox 154 2116 1105 2193; baseline -0.004 -18"><span class='ocrx_word' id='word_1_175' title='bbox 154 2119 219 2176; x_wconf 89' lang='lat' dir='ltr'><strong>libet</strong></span> <span class='ocrx_word' id='word_1_176' title='bbox 234 2120 369 2177; x_wconf 87' lang='lat' dir='ltr'><strong>adfectare</strong></span> <span class='ocrx_word' id='word_1_177' title='bbox 382 2129 409 2176; x_wconf 93' lang='lat' dir='ltr'><strong>et</strong></span> <span class='ocrx_word' id='word_1_178' title='bbox 420 2121 557 2193; x_wconf 87' lang='lat' dir='ltr'><strong>accedere,</strong></span> <span class='ocrx_word' id='word_1_179' title='bbox 573 2122 625 2177; x_wconf 91' lang='lat' dir='ltr'><strong>nisi</strong></span> <span class='ocrx_word' id='word_1_180' title='bbox 635 2136 667 2176; x_wconf 93' lang='lat' dir='ltr'><strong>eo</strong></span> <span class='ocrx_word' id='word_1_181' title='bbox 678 2128 810 2193; x_wconf 92' lang='lat' dir='ltr'><strong>tempore,</strong></span> <span class='ocrx_word' id='word_1_182' title='bbox 826 2135 881 2192; x_wconf 89' lang='lat' dir='ltr'><strong>quo</strong></span> <span class='ocrx_word' id='word_1_183' title='bbox 895 2120 969 2175; x_wconf 88' lang='lat' dir='ltr'><strong>inter</strong></span> <span class='ocrx_word' id='word_1_184' title='bbox 982 2116 1105 2174; x_wconf 83' lang='lat' dir='ltr'><strong>uendito-</strong></span> 
     </span>
     <span class='ocr_line' id='line_1_24' title="bbox 153 2202 1106 2278; baseline -0.004 -18"><span class='ocrx_word' id='word_1_185' title='bbox 153 2220 211 2260; x_wconf 89' lang='lat' dir='ltr'><strong>rem</strong></span> <span class='ocrx_word' id='word_1_186' title='bbox 227 2211 254 2261; x_wconf 87' lang='lat' dir='ltr'><strong>et</strong></span> <span class='ocrx_word' id='word_1_187' title='bbox 270 2212 419 2278; x_wconf 86' lang='lat' dir='ltr'><strong>emptorem</strong></span> <span class='ocrx_word' id='word_1_188' title='bbox 433 2213 588 2262; x_wconf 86' lang='lat' dir='ltr'><strong>contractus</strong></span> <span class='ocrx_word' id='word_1_189' title='bbox 610 2203 778 2260; x_wconf 89' lang='lat' dir='ltr'><strong>sollemniter</strong></span> <span class='ocrx_word' id='word_1_190' title='bbox 799 2202 962 2277; x_wconf 82' lang='lat' dir='ltr'><strong>explicatur,</strong></span> <span class='ocrx_word' id='word_1_191' title='bbox 984 2209 1057 2258; x_wconf 89' lang='lat' dir='ltr'><strong>certa</strong></span> <span class='ocrx_word' id='word_1_192' title='bbox 1078 2208 1106 2257; x_wconf 89' lang='lat' dir='ltr'><strong>et</strong></span> 
     </span>
     <span class='ocr_line' id='line_1_25' title="bbox 154 2286 1106 2362; baseline -0.003 -19"><span class='ocrx_word' id='word_1_193' title='bbox 154 2304 218 2344; x_wconf 89' lang='lat' dir='ltr'><strong>uera</strong></span> <span class='ocrx_word' id='word_1_194' title='bbox 239 2290 391 2361; x_wconf 88' lang='lat' dir='ltr'><strong>proprietas</strong></span> <span class='ocrx_word' id='word_1_195' title='bbox 406 2289 503 2345; x_wconf 89' lang='lat' dir='ltr'><strong>uicinis</strong></span> <span class='ocrx_word' id='word_1_196' title='bbox 518 2286 706 2362; x_wconf 87' lang='lat' dir='ltr'><strong>praesentibus</strong></span> <span class='ocrx_word' id='word_1_197' title='bbox 726 2286 942 2355; x_wconf 65' lang='lat' dir='ltr'><strong>demonstratum</strong></span> <span class='ocrx_word' id='word_1_198' title='bbox 964 2300 1052 2360; x_wconf 87' lang='lat' dir='ltr'><strong>usque</strong></span> <span class='ocrx_word' id='word_1_199' title='bbox 1074 2299 1106 2340; x_wconf 93' lang='lat' dir='ltr'><strong>eo</strong></span> 
     </span>
    </p>
   </div>
   <div class='ocr_carea' id='block_1_4' title="bbox 153 2443 1110 3616">
    <p class='ocr_par' dir='ltr' id='par_1_4' title="bbox 153 2443 1110 3616">
     <span class='ocr_line' id='line_1_26' title="bbox 228 2443 1107 2511; baseline -0.001 -16"><span class='ocrx_word' id='word_1_200' title='bbox 228 2443 248 2510; x_wconf 88' lang='lat'><strong>¹)</strong></span> <span class='ocrx_word' id='word_1_201' title='bbox 266 2445 385 2497; x_wconf 84' lang='lat' dir='ltr'><strong>Solennia</strong></span> <span class='ocrx_word' id='word_1_202' title='bbox 399 2449 562 2511; x_wconf 82' lang='lat' dir='ltr'><strong>praefectum</strong></span> <span class='ocrx_word' id='word_1_203' title='bbox 581 2454 667 2511; x_wconf 85' lang='lat' dir='ltr'><strong>praet.</strong></span> <span class='ocrx_word' id='word_1_204' title='bbox 686 2447 835 2510; x_wconf 83' lang='lat' dir='ltr'><strong>alloquendi</strong></span> <span class='ocrx_word' id='word_1_205' title='bbox 850 2447 965 2509; x_wconf 73' lang='lat' dir='ltr'><strong>formula</strong></span> <span class='ocrx_word' id='word_1_206' title='bbox 983 2443 1030 2510; x_wconf 74' lang='lat' dir='ltr'><strong>(es.</strong></span> <span class='ocrx_word' id='word_1_207' title='bbox 1049 2444 1107 2495; x_wconf 81' lang='lat' dir='ltr'><strong>aab·</strong></span> 
     </span>
     <span class='ocr_line' id='line_1_27' title="bbox 153 2512 1109 2581; baseline -0.003 -15"><span class='ocrx_word' id='word_1_208' title='bbox 153 2516 339 2581; x_wconf 68' lang='lat' dir='ltr'><strong>sorbitionem).</strong></span> <span class='ocrx_word' id='word_1_209' title='bbox 368 2514 463 2568; x_wconf 78' lang='lat' dir='ltr'><strong>‘nodis&#39;</strong></span> <span class='ocrx_word' id='word_1_210' title='bbox 484 2518 590 2567; x_wconf 87' lang='lat' dir='ltr'><strong>debetur</strong></span> <span class='ocrx_word' id='word_1_211' title='bbox 604 2517 766 2568; x_wconf 77' lang='lat' dir='ltr'><strong>Mommseno.</strong></span> <span class='ocrx_word' id='word_1_212' title='bbox 832 2512 854 2581; x_wconf 81' lang='lat'><strong>²)</strong></span> <span class='ocrx_word' id='word_1_213' title='bbox 872 2515 903 2566; x_wconf 84' lang='lat' dir='ltr'><strong>Ut</strong></span> <span class='ocrx_word' id='word_1_214' title='bbox 917 2517 1041 2566; x_wconf 83' lang='lat' dir='ltr'><strong>dicuntur</strong></span> <span class='ocrx_word' id='word_1_215' title='bbox 1055 2516 1109 2566; x_wconf 87' lang='lat' dir='ltr'><strong>doli</strong></span> 
     </span>
     <span class='ocr_line' id='line_1_28' title="bbox 154 2586 1107 2637; baseline -0.002 -1"><span class='ocrx_word' id='word_1_216' title='bbox 154 2588 256 2636; x_wconf 83' lang='lat' dir='ltr'><strong>consuti</strong></span> <span class='ocrx_word' id='word_1_217' title='bbox 270 2592 294 2634; x_wconf 89' lang='lat' dir='ltr'><strong>et</strong></span> <span class='ocrx_word' id='word_1_218' title='bbox 307 2589 412 2636; x_wconf 84' lang='lat' dir='ltr'><strong>sutelae.</strong></span> <span class='ocrx_word' id='word_1_219' title='bbox 440 2588 550 2637; x_wconf 87' lang='lat' dir='ltr'><strong>consules</strong></span> <span class='ocrx_word' id='word_1_220' title='bbox 570 2587 628 2636; x_wconf 84' lang='lat' dir='ltr'><strong>Vnt.</strong></span> <span class='ocrx_word' id='word_1_221' title='bbox 643 2588 683 2636; x_wconf 84' lang='lat' dir='ltr'><strong>ed.</strong></span> <span class='ocrx_word' id='word_1_222' title='bbox 697 2586 791 2636; x_wconf 86' lang='lat' dir='ltr'><strong>Hollw.</strong></span> <span class='ocrx_word' id='word_1_223' title='bbox 806 2588 924 2636; x_wconf 88' lang='lat' dir='ltr'><strong>consertis</strong></span> <span class='ocrx_word' id='word_1_224' title='bbox 938 2587 978 2636; x_wconf 84' lang='lat' dir='ltr'><strong>ed.</strong></span> <span class='ocrx_word' id='word_1_225' title='bbox 993 2586 1107 2636; x_wconf 84' lang='lat' dir='ltr'><strong>Momma.</strong></span> 
     </span>
     <span class='ocr_line' id='line_1_29' title="bbox 156 2654 1109 2722; baseline 0 -17"><span class='ocrx_word' id='word_1_226' title='bbox 156 2654 177 2722; x_wconf 74' lang='grc'><strong>8)</strong></span> <span class='ocrx_word' id='word_1_227' title='bbox 192 2656 361 2705; x_wconf 84' lang='lat' dir='ltr'><strong>calliditatibus</strong></span> <span class='ocrx_word' id='word_1_228' title='bbox 380 2657 438 2706; x_wconf 84' lang='lat' dir='ltr'><strong>Vnt.</strong></span> <span class='ocrx_word' id='word_1_229' title='bbox 458 2658 515 2706; x_wconf 86' lang='lat' dir='ltr'><strong>edd.</strong></span> <span class='ocrx_word' id='word_1_230' title='bbox 544 2657 661 2706; x_wconf 87' lang='lat' dir='ltr'><strong>Eundem</strong></span> <span class='ocrx_word' id='word_1_231' title='bbox 679 2659 793 2721; x_wconf 64' lang='lat' dir='ltr'><strong>intellige</strong></span> <span class='ocrx_word' id='word_1_232' title='bbox 811 2657 946 2715; x_wconf 84' lang='lat' dir='ltr'><strong>callidum,</strong></span> <span class='ocrx_word' id='word_1_233' title='bbox 967 2658 1109 2720; x_wconf 82' lang='lat' dir='ltr'><strong>queminus</strong></span> 
     </span>
     <span class='ocr_line' id='line_1_30' title="bbox 153 2727 1107 2792; baseline -0.002 -16"><span class='ocrx_word' id='word_1_234' title='bbox 153 2727 366 2792; x_wconf 70' lang='lat' dir='ltr'><strong>sipnipicuuerant</strong></span> <span class='ocrx_word' id='word_1_235' title='bbox 377 2729 441 2788; x_wconf 85' lang='lat' dir='ltr'><strong>pori</strong></span> <span class='ocrx_word' id='word_1_236' title='bbox 454 2730 570 2791; x_wconf 75' lang='lat' dir='ltr'><strong>exemplo</strong></span> <span class='ocrx_word' id='word_1_237' title='bbox 584 2727 749 2791; x_wconf 81' lang='lat' dir='ltr'><strong>querentibus</strong></span> <span class='ocrx_word' id='word_1_238' title='bbox 757 2727 958 2791; x_wconf 74' lang='lat' dir='ltr'><strong>vociferationes</strong></span> <span class='ocrx_word' id='word_1_239' title='bbox 967 2728 1107 2776; x_wconf 76' lang='lat' dir='ltr'><strong>consuisse.</strong></span> 
     </span>
     <span class='ocr_line' id='line_1_31' title="bbox 154 2795 1110 2863; baseline 0 -17"><span class='ocrx_word' id='word_1_240' title='bbox 154 2795 177 2863; x_wconf 79' lang='lat'><strong>⁴)</strong></span> <span class='ocrx_word' id='word_1_241' title='bbox 199 2797 343 2846; x_wconf 86' lang='lat' dir='ltr'><strong>aduersabili</strong></span> <span class='ocrx_word' id='word_1_242' title='bbox 371 2797 429 2846; x_wconf 89' lang='lat' dir='ltr'><strong>Vot.</strong></span> <span class='ocrx_word' id='word_1_243' title='bbox 451 2798 508 2848; x_wconf 85' lang='lat' dir='ltr'><strong>edd.</strong></span> <span class='ocrx_word' id='word_1_244' title='bbox 533 2797 654 2862; x_wconf 83' lang='lat' dir='ltr'><strong>(praeter</strong></span> <span class='ocrx_word' id='word_1_245' title='bbox 677 2795 809 2862; x_wconf 76' lang='lat' dir='ltr'><strong>Maioma).</strong></span> <span class='ocrx_word' id='word_1_246' title='bbox 847 2797 1048 2846; x_wconf 86' lang='lat' dir='ltr'><strong>Emolumentam</strong></span> <span class='ocrx_word' id='word_1_247' title='bbox 1071 2804 1110 2846; x_wconf 83' lang='lat' dir='ltr'><strong>eat</strong></span> 
     </span>
     <span class='ocr_line' id='line_1_32' title="bbox 154 2867 1108 2932; baseline -0.002 -14"><span class='ocrx_word' id='word_1_248' title='bbox 154 2873 281 2918; x_wconf 82' lang='lat' dir='ltr'><strong>ostensum</strong></span> <span class='ocrx_word' id='word_1_249' title='bbox 295 2869 329 2916; x_wconf 83' lang='lat' dir='ltr'><strong>iia</strong></span> <span class='ocrx_word' id='word_1_250' title='bbox 342 2868 455 2926; x_wconf 85' lang='lat' dir='ltr'><strong>lucrum,</strong></span> <span class='ocrx_word' id='word_1_251' title='bbox 474 2869 543 2932; x_wconf 84' lang='lat' dir='ltr'><strong>qnod</strong></span> <span class='ocrx_word' id='word_1_252' title='bbox 556 2883 603 2918; x_wconf 86' lang='lat' dir='ltr'><strong>nec</strong></span> <span class='ocrx_word' id='word_1_253' title='bbox 616 2874 714 2931; x_wconf 84' lang='lat' dir='ltr'><strong>emptor</strong></span> <span class='ocrx_word' id='word_1_254' title='bbox 732 2883 767 2917; x_wconf 74' lang='lat' dir='ltr'><strong>era</strong></span> <span class='ocrx_word' id='word_1_255' title='bbox 780 2874 860 2931; x_wconf 85' lang='lat' dir='ltr'><strong>paeto</strong></span> <span class='ocrx_word' id='word_1_256' title='bbox 877 2883 926 2917; x_wconf 85' lang='lat' dir='ltr'><strong>nec</strong></span> <span class='ocrx_word' id='word_1_257' title='bbox 943 2868 1063 2918; x_wconf 83' lang='lat' dir='ltr'><strong>uenditor</strong></span> <span class='ocrx_word' id='word_1_258' title='bbox 1076 2867 1108 2916; x_wconf 84' lang='lat' dir='ltr'><strong>ab</strong></span> 
     </span>
     <span class='ocr_line' id='line_1_33' title="bbox 154 2935 1107 3002; baseline 0 -16"><span class='ocrx_word' id='word_1_259' title='bbox 154 2941 230 3002; x_wconf 87' lang='lat' dir='ltr'><strong>impp.</strong></span> <span class='ocrx_word' id='word_1_260' title='bbox 252 2941 352 2988; x_wconf 80' lang='lat' dir='ltr'><strong>leuatus</strong></span> <span class='ocrx_word' id='word_1_261' title='bbox 372 2938 469 2988; x_wconf 84' lang='lat' dir='ltr'><strong>tributu</strong></span> <span class='ocrx_word' id='word_1_262' title='bbox 486 2941 667 3001; x_wconf 78' lang='lat' dir='ltr'><strong>pensitatores</strong></span> <span class='ocrx_word' id='word_1_263' title='bbox 687 2945 759 2988; x_wconf 83' lang='lat' dir='ltr'><strong>esset.</strong></span> <span class='ocrx_word' id='word_1_264' title='bbox 833 2935 918 3002; x_wconf 77' lang='lat' dir='ltr'><strong>⁶)Er</strong></span> <span class='ocrx_word' id='word_1_265' title='bbox 938 2938 1053 2987; x_wconf 81' lang='lat' dir='ltr'><strong>Momme.</strong></span> <span class='ocrx_word' id='word_1_266' title='bbox 1074 2939 1107 3001; x_wconf 71' lang='lat' dir='ltr'><strong>ej.</strong></span> 
     </span>
     <span class='ocr_line' id='line_1_34' title="bbox 153 3005 1107 3074; baseline -0.002 -16"><span class='ocrx_word' id='word_1_267' title='bbox 153 3009 268 3058; x_wconf 90' lang='lat' dir='ltr'><strong>uersutiis</strong></span> <span class='ocrx_word' id='word_1_268' title='bbox 287 3009 345 3058; x_wconf 87' lang='lat' dir='ltr'><strong>Vat.</strong></span> <span class='ocrx_word' id='word_1_269' title='bbox 418 3005 440 3074; x_wconf 71' lang='grc' dir='ltr'><strong>ο)</strong></span> <span class='ocrx_word' id='word_1_270' title='bbox 454 3007 496 3058; x_wconf 86' lang='lat' dir='ltr'><strong>Ito</strong></span> <span class='ocrx_word' id='word_1_271' title='bbox 510 3016 535 3058; x_wconf 89' lang='lat' dir='ltr'><strong>et</strong></span> <span class='ocrx_word' id='word_1_272' title='bbox 554 3009 666 3058; x_wconf 85' lang='lat' dir='ltr'><strong>Momms.</strong></span> <span class='ocrx_word' id='word_1_273' title='bbox 686 3009 725 3057; x_wconf 84' lang='lat' dir='ltr'><strong>ed.</strong></span> <span class='ocrx_word' id='word_1_274' title='bbox 745 3009 853 3058; x_wconf 88' lang='lat' dir='ltr'><strong>nocentis</strong></span> <span class='ocrx_word' id='word_1_275' title='bbox 877 3008 935 3057; x_wconf 84' lang='lat' dir='ltr'><strong>Vnt.</strong></span> <span class='ocrx_word' id='word_1_276' title='bbox 954 3008 993 3057; x_wconf 89' lang='lat' dir='ltr'><strong>ed.</strong></span> <span class='ocrx_word' id='word_1_277' title='bbox 1013 3008 1107 3058; x_wconf 86' lang='lat' dir='ltr'><strong>Hollw.</strong></span> 
     </span>
     <span class='ocr_line' id='line_1_35' title="bbox 156 3077 1107 3145; baseline -0.002 -17"><span class='ocrx_word' id='word_1_278' title='bbox 156 3077 175 3145; x_wconf 79' lang='lat'><strong>⁷)</strong></span> <span class='ocrx_word' id='word_1_279' title='bbox 191 3080 263 3129; x_wconf 86' lang='lat' dir='ltr'><strong>Hinc</strong></span> <span class='ocrx_word' id='word_1_280' title='bbox 282 3081 375 3143; x_wconf 83' lang='lat' dir='ltr'><strong>incipit</strong></span> <span class='ocrx_word' id='word_1_281' title='bbox 392 3082 499 3143; x_wconf 83' lang='lat' dir='ltr'><strong>epitome</strong></span> <span class='ocrx_word' id='word_1_282' title='bbox 517 3079 593 3128; x_wconf 78' lang='lat' dir='ltr'><strong>buius</strong></span> <span class='ocrx_word' id='word_1_283' title='bbox 612 3080 677 3144; x_wconf 75' lang='lat' dir='ltr'><strong>lepis</strong></span> <span class='ocrx_word' id='word_1_284' title='bbox 694 3081 722 3127; x_wconf 88' lang='lat' dir='ltr'><strong>in</strong></span> <span class='ocrx_word' id='word_1_285' title='bbox 736 3078 768 3127; x_wconf 81' lang='lat' dir='ltr'><strong>L.</strong></span> <span class='ocrx_word' id='word_1_286' title='bbox 783 3090 803 3130; x_wconf 80' lang='lat' dir='ltr'><strong>a.</strong></span> <span class='ocrx_word' id='word_1_287' title='bbox 832 3077 875 3127; x_wconf 80' lang='lat' dir='ltr'><strong>tn.</strong></span> <span class='ocrx_word' id='word_1_288' title='bbox 898 3077 923 3127; x_wconf 83' lang='lat'><strong>0.</strong></span> <span class='ocrx_word' id='word_1_289' title='bbox 939 3077 971 3127; x_wconf 82' lang='lat' dir='ltr'><strong>de</strong></span> <span class='ocrx_word' id='word_1_290' title='bbox 989 3078 1107 3127; x_wconf 79' lang='lat' dir='ltr'><strong>contrait.</strong></span> 
     </span>
     <span class='ocr_line' id='line_1_36' title="bbox 154 3147 1109 3215; baseline -0.003 -16"><span class='ocrx_word' id='word_1_291' title='bbox 154 3158 227 3214; x_wconf 83' lang='lat' dir='ltr'><strong>empt.</strong></span> <span class='ocrx_word' id='word_1_292' title='bbox 243 3149 275 3215; x_wconf 82' lang='lat' dir='ltr'><strong>(a,</strong></span> <span class='ocrx_word' id='word_1_293' title='bbox 285 3149 308 3215; x_wconf 88' lang='lat'><strong>1)</strong></span> <span class='ocrx_word' id='word_1_294' title='bbox 323 3166 346 3200; x_wconf 84' lang='lat' dir='ltr'><strong>a.</strong></span> <span class='ocrx_word' id='word_1_295' title='bbox 357 3161 403 3202; x_wconf 76' lang='lat' dir='ltr'><strong>att.</strong></span> <span class='ocrx_word' id='word_1_296' title='bbox 419 3151 447 3199; x_wconf 86' lang='lat' dir='ltr'><strong>in</strong></span> <span class='ocrx_word' id='word_1_297' title='bbox 461 3151 560 3200; x_wconf 85' lang='lat' dir='ltr'><strong>oriente</strong></span> <span class='ocrx_word' id='word_1_298' title='bbox 570 3151 743 3213; x_wconf 65' lang='lat' dir='ltr'><strong>promulgata,</strong></span> <span class='ocrx_word' id='word_1_299' title='bbox 758 3150 832 3199; x_wconf 83' lang='lat' dir='ltr'><strong>euius</strong></span> <span class='ocrx_word' id='word_1_300' title='bbox 842 3150 931 3212; x_wconf 87' lang='lat' dir='ltr'><strong>primu</strong></span> <span class='ocrx_word' id='word_1_301' title='bbox 944 3147 1023 3197; x_wconf 82' lang='lat' dir='ltr'><strong>aerbo</strong></span> <span class='ocrx_word' id='word_1_302' title='bbox 1032 3149 1109 3197; x_wconf 85' lang='lat' dir='ltr'><strong>etiem</strong></span> 
     </span>
     <span class='ocr_line' id='line_1_37' title="bbox 158 3217 1107 3281; baseline -0.004 -11"><span class='ocrx_word' id='word_1_303' title='bbox 158 3220 331 3270; x_wconf 61' lang='lat' dir='ltr'><strong>tribonianus</strong></span> <span class='ocrx_word' id='word_1_304' title='bbox 344 3221 426 3269; x_wconf 82' lang='lat' dir='ltr'><strong>assuit</strong></span> <span class='ocrx_word' id='word_1_305' title='bbox 439 3221 488 3269; x_wconf 86' lang='lat' dir='ltr'><strong>ulii</strong></span> <span class='ocrx_word' id='word_1_306' title='bbox 502 3221 680 3270; x_wconf 83' lang='lat' dir='ltr'><strong>constitutioni</strong></span> <span class='ocrx_word' id='word_1_307' title='bbox 692 3233 717 3268; x_wconf 84' lang='lat' dir='ltr'><strong>a.</strong></span> <span class='ocrx_word' id='word_1_308' title='bbox 730 3230 779 3270; x_wconf 82' lang='lat' dir='ltr'><strong>ata.</strong></span> <span class='ocrx_word' id='word_1_309' title='bbox 798 3219 830 3267; x_wconf 87' lang='lat' dir='ltr'><strong>L.</strong></span> <span class='ocrx_word' id='word_1_310' title='bbox 845 3231 865 3270; x_wconf 81' lang='lat' dir='ltr'><strong>a.</strong></span> <span class='ocrx_word' id='word_1_311' title='bbox 882 3218 908 3268; x_wconf 81' lang='lat'><strong>0.</strong></span> <span class='ocrx_word' id='word_1_312' title='bbox 923 3218 966 3281; x_wconf 84' lang='lat' dir='ltr'><strong>(L.</strong></span> <span class='ocrx_word' id='word_1_313' title='bbox 981 3231 1002 3268; x_wconf 88' lang='lat'><strong>1.</strong></span> <span class='ocrx_word' id='word_1_314' title='bbox 1021 3217 1065 3266; x_wconf 73' lang='lat' dir='ltr'><strong>lb.</strong></span> <span class='ocrx_word' id='word_1_315' title='bbox 1082 3217 1107 3267; x_wconf 81' lang='lat' dir='ltr'><strong>C.</strong></span> 
     </span>
     <span class='ocr_line' id='line_1_38' title="bbox 154 3286 1108 3355; baseline -0.005 -14"><span class='ocrx_word' id='word_1_316' title='bbox 154 3303 193 3348; x_wconf 92' lang='lat'><strong>11,</strong></span> <span class='ocrx_word' id='word_1_317' title='bbox 207 3289 231 3354; x_wconf 84' lang='lat' dir='ltr'><strong>a)</strong></span> <span class='ocrx_word' id='word_1_318' title='bbox 245 3292 302 3339; x_wconf 86' lang='lat' dir='ltr'><strong>sine</strong></span> <span class='ocrx_word' id='word_1_319' title='bbox 320 3304 397 3338; x_wconf 86' lang='lat' dir='ltr'><strong>censu</strong></span> <span class='ocrx_word' id='word_1_320' title='bbox 415 3306 438 3338; x_wconf 87' lang='lat' dir='ltr'><strong>o.</strong></span> <span class='ocrx_word' id='word_1_321' title='bbox 454 3291 562 3354; x_wconf 84' lang='lat' dir='ltr'><strong>reliquis</strong></span> <span class='ocrx_word' id='word_1_322' title='bbox 580 3288 616 3355; x_wconf 78' lang='lat' dir='ltr'><strong>(a,</strong></span> <span class='ocrx_word' id='word_1_323' title='bbox 629 3288 676 3354; x_wconf 79' lang='lat' dir='ltr'><strong>at).</strong></span> <span class='ocrx_word' id='word_1_324' title='bbox 749 3286 883 3353; x_wconf 74' lang='lat' dir='ltr'><strong>⁸)ccusum</strong></span> <span class='ocrx_word' id='word_1_325' title='bbox 902 3289 938 3337; x_wconf 89' lang='lat' dir='ltr'><strong>rei</strong></span> <span class='ocrx_word' id='word_1_326' title='bbox 957 3295 1108 3351; x_wconf 84' lang='lat' dir='ltr'><strong>comparatae</strong></span> 
     </span>
     <span class='ocr_line' id='line_1_39' title="bbox 155 3356 1109 3422; baseline -0.003 -13"><span class='ocrx_word' id='word_1_327' title='bbox 155 3367 283 3421; x_wconf 79' lang='lat' dir='ltr'><strong>cognoscat</strong></span> <span class='ocrx_word' id='word_1_328' title='bbox 301 3359 344 3407; x_wconf 84' lang='lat' dir='ltr'><strong>Tb.</strong></span> <span class='ocrx_word' id='word_1_329' title='bbox 362 3359 387 3410; x_wconf 81' lang='lat'><strong>0.</strong></span> <span class='ocrx_word' id='word_1_330' title='bbox 402 3373 499 3408; x_wconf 89' lang='lat' dir='ltr'><strong>censum</strong></span> <span class='ocrx_word' id='word_1_331' title='bbox 514 3361 548 3407; x_wconf 88' lang='lat' dir='ltr'><strong>rei</strong></span> <span class='ocrx_word' id='word_1_332' title='bbox 562 3366 713 3422; x_wconf 86' lang='lat' dir='ltr'><strong>comparatae</strong></span> <span class='ocrx_word' id='word_1_333' title='bbox 727 3371 855 3419; x_wconf 77' lang='lat' dir='ltr'><strong>agnoscere</strong></span> <span class='ocrx_word' id='word_1_334' title='bbox 870 3356 893 3407; x_wconf 88' lang='lat' dir='ltr'><strong>I.</strong></span> <span class='ocrx_word' id='word_1_335' title='bbox 909 3358 935 3407; x_wconf 80' lang='lat'><strong>0.</strong></span> <span class='ocrx_word' id='word_1_336' title='bbox 968 3357 1040 3407; x_wconf 85' lang='lat' dir='ltr'><strong>Unde</strong></span> <span class='ocrx_word' id='word_1_337' title='bbox 1050 3358 1109 3422; x_wconf 71' lang='lat' dir='ltr'><strong>sor·</strong></span> 
     </span>
     <span class='ocr_line' id='line_1_40' title="bbox 154 3426 1109 3493; baseline -0.001 -15"><span class='ocrx_word' id='word_1_338' title='bbox 154 3437 222 3478; x_wconf 84' lang='lat' dir='ltr'><strong>tasse</strong></span> <span class='ocrx_word' id='word_1_339' title='bbox 236 3431 299 3493; x_wconf 59' lang='lat' dir='ltr'><strong>lep:</strong></span> <span class='ocrx_word' id='word_1_340' title='bbox 316 3444 337 3477; x_wconf 91' lang='lat' dir='ltr'><strong>c.</strong></span> <span class='ocrx_word' id='word_1_341' title='bbox 353 3428 427 3493; x_wconf 87' lang='lat' dir='ltr'><strong>(cum)</strong></span> <span class='ocrx_word' id='word_1_342' title='bbox 445 3443 471 3477; x_wconf 85' lang='lat' dir='ltr'><strong>re</strong></span> <span class='ocrx_word' id='word_1_343' title='bbox 491 3436 618 3490; x_wconf 91' lang='lat' dir='ltr'><strong>conparata</strong></span> <span class='ocrx_word' id='word_1_344' title='bbox 638 3429 689 3477; x_wconf 91' lang='lat' dir='ltr'><strong>eius</strong></span> <span class='ocrx_word' id='word_1_345' title='bbox 708 3437 821 3488; x_wconf 82' lang='lat' dir='ltr'><strong>agnoscat</strong></span> <span class='ocrx_word' id='word_1_346' title='bbox 840 3436 864 3476; x_wconf 89' lang='lat' dir='ltr'><strong>et</strong></span> <span class='ocrx_word' id='word_1_347' title='bbox 882 3441 980 3476; x_wconf 89' lang='lat' dir='ltr'><strong>censum</strong></span> <span class='ocrx_word' id='word_1_348' title='bbox 998 3426 1109 3493; x_wconf 82' lang='lat' dir='ltr'><strong>(scilicet</strong></span> 
     </span>
     <span class='ocr_line' id='line_1_41' title="bbox 154 3494 1109 3563; baseline 0.001 -18"><span class='ocrx_word' id='word_1_349' title='bbox 154 3506 215 3548; x_wconf 84' lang='lat' dir='ltr'><strong>nota</strong></span> <span class='ocrx_word' id='word_1_350' title='bbox 229 3514 250 3547; x_wconf 93' lang='lat' dir='ltr'><strong>c.</strong></span> <span class='ocrx_word' id='word_1_351' title='bbox 265 3497 441 3563; x_wconf 85' lang='lat' dir='ltr'><strong>transposita).</strong></span> <span class='ocrx_word' id='word_1_352' title='bbox 493 3495 514 3562; x_wconf 68' lang='grc' dir='ltr'><strong>ο)</strong></span> <span class='ocrx_word' id='word_1_353' title='bbox 533 3499 577 3546; x_wconf 77' lang='lat' dir='ltr'><strong>Ta.</strong></span> <span class='ocrx_word' id='word_1_354' title='bbox 594 3498 619 3546; x_wconf 83' lang='lat'><strong>0.</strong></span> <span class='ocrx_word' id='word_1_355' title='bbox 635 3500 728 3561; x_wconf 83' lang='lat' dir='ltr'><strong>etipse</strong></span> <span class='ocrx_word' id='word_1_356' title='bbox 747 3498 775 3546; x_wconf 89' lang='lat' dir='ltr'><em>V</em></span> <span class='ocrx_word' id='word_1_357' title='bbox 774 3496 793 3546; x_wconf 54' lang='grc' dir='ltr'><strong>ὅ.</strong></span> <span class='ocrx_word' id='word_1_358' title='bbox 843 3494 876 3562; x_wconf 83' lang='lat'><strong>¹⁰)</strong></span> <span class='ocrx_word' id='word_1_359' title='bbox 891 3497 1011 3546; x_wconf 85' lang='lat' dir='ltr'><strong>deleretur</strong></span> <span class='ocrx_word' id='word_1_360' title='bbox 1024 3497 1069 3546; x_wconf 75' lang='lat' dir='ltr'><strong>ab.</strong></span> <span class='ocrx_word' id='word_1_361' title='bbox 1082 3496 1109 3546; x_wconf 83' lang='lat' dir='ltr'><strong>O.</strong></span> 
     </span>
     <span class='ocr_line' id='line_1_42' title="bbox 155 3567 365 3616; baseline 0.019 -4"><span class='ocrx_word' id='word_1_362' title='bbox 155 3567 287 3614; x_wconf 86' lang='lat' dir='ltr'><strong>deterretur</strong></span> <span class='ocrx_word' id='word_1_363' title='bbox 307 3567 365 3616; x_wconf 85' lang='lat' dir='ltr'><strong>Vct.</strong></span> 
     </span>
    </p>
   </div>
   <div class='ocr_carea' id='block_1_5' title="bbox 0 0 1279 3909">
    <p class='ocr_par' dir='ltr' id='par_1_5' title="bbox 0 0 1279 3909">
     <span class='ocr_line' id='line_1_43' title="bbox 0 0 1279 3909; baseline 0 0"><span class='ocrx_word' id='word_1_364' title='bbox 0 0 1279 3909; x_wconf 95' lang='lat' dir='ltr'><strong> </strong></span> 
     </span>
    </p>
   </div>
  </div>
 </body>
</html>
