2542 3909
182 162 245 228 546
469 182 535 217 rnen
553 181 648 217 311111
667 182 737 217 euna.
756 163 789 217 V.
809 168 850 217 16.

181 313 340 384 scripturam
354 312 519 383 interrogari
533 326 588 367 non
603 318 728 385 possunt.
764 307 793 367 b.
817 302 886 377 ¹Qui
907 308 975 365 ielso
996 308 1040 364 uel
1061 310 1139 365 uarie

182 393 239 468 (uel
251 393 373 467 oblique)
386 396 539 451 testimonia
549 394 675 451 dixerunt
687 394 731 451 uel
742 395 851 467 utrique
863 394 932 467 parti
944 390 1137 465 prodiderunt,

181 486 228 536 aut
242 480 270 535 in
285 477 394 535 exilium
410 487 543 552 aguntur,
565 487 612 535 aut
625 481 653 535 iu
675 478 789 535 insulam
805 477 978 552 relegentur,
999 484 1045 532 aut
1060 478 1137 532 curia

181 556 404 620 submoueutur.²
446 559 476 621 b.
498 556 547 619 ³ln
566 578 597 619 re
617 564 769 638 pecuniaria
790 570 937 633 tormenta,
958 562 1009 617 nisi
1025 576 1084 618 cum
1099 564 1139 621 de

182 646 263 702 rebus
284 646 453 703 hereditariis
475 648 630 720 quaeritur,
649 663 706 702 non
726 644 903 715 adhibentur3
925 637 1022 701 ’311311
1043 652 1137 701 eutem

182 730 354 787 iureiurando
370 740 416 787 eut
433 731 547 787 testibus
562 730 738 804 explicantur.

313 902 377 946 nm.
393 901 456 942 xvi.
487 901 529 943 ne
546 876 999 948 suevonvuornusr1on1eve.⁸

242 992 268 1054 1.
294 988 428 1052 ⁶Seruum
450 995 484 1052 de
506 995 578 1052 iacto
600 1012 651 1051 suo
673 996 701 1051 iu
722 1012 752 1051 se
766 996 928 1067 interrogari
944 1008 1040 1068 posse,
1063 995 1138 1051 ratio

179 1082 324 1154 aequitatis
340 1078 472 1135 ostendit:
488 1096 537 1135 uec
551 1080 622 1135 enim
638 1077 733 1135 obesse
748 1080 773 1135 ei
789 1076 882 1145 debet,
899 1080 944 1151 qui
959 1094 1008 1152 per
1022 1093 1136 1133 seruum

180 1163 279 1236 aliquid
296 1164 354 1219 sine
369 1163 493 1219 cautione
510 1162 663 1220 commodet
678 1169 725 1219 eut
740 1162 859 1235 deponit.
895 1157 925 1219 2.
946 1154 1045 1217 ⁷iudex
1061 1169 1136 1217 tute·

180 1248 256 1318 laris,
272 1249 391 1319 itemque
407 1248 567 1306 centumuiri
582 1249 605 1303 si
620 1246 698 1303 aliter
713 1246 842 1303 derebus
857 1246 1024 1302 hereditariis
1039 1244 1084 1301 uel
1099 1243 1136 1301 de

180 1330 232 1387 [ide
248 1330 357 1406 generis
370 1331 469 1386 instrui
484 1347 539 1386 non
553 1339 686 1404 possunt,
702 1338 831 1405 poterunt
848 1330 880 1385 de
896 1331 983 1386 seruis
998 1328 1135 1386 heredita·

179 1416 226 1471 riis
241 1414 339 1471 hebere
362 1414 557 1487 quaestionem.
600 1410 630 1471 8.
654 1408 750 1471 ⁸Serui
771 1414 849 1469 alieni
871 1416 899 1470 in
920 1413 1030 1469 alterius
1052 1422 1209 1486 caputteuu

179 1515 235 1555 non
251 1499 303 1553 nisi
317 1497 420 1570 singuli
435 1500 557 1572 torqueri
572 1506 698 1571 possunt.
735 1506 763 1553 et
777 1498 830 1553 hoc
844 1498 931 1554 inuito
947 1496 1056 1553 domino
1077 1513 1135 1553 non

178 1589 221 1638 est
242 1580 470 1654 permittendum,
490 1583 542 1637 uisi
556 1581 677 1653 delator,
698 1583 774 1637 cuius
794 1582 908 1639 interest
924 1580 995 1656 quod
1017 1581 1136 1638 intendit

179 1662 308 1739 probare,
329 1664 415 1738 pretia
431 1681 541 1735 eorum,
564 1666 657 1738 quenti
679 1664 803 1721 dominus
818 1666 960 1735 texeuerit,
981 1664 1082 1723 inierre
1097 1666 1135 1722 sit

178 1757 289 1823 paratus
313 1748 357 1805 uel
377 1756 452 1805 certe
478 1748 621 1805 deterioris
649 1748 710 1807 iacti
739 1750 813 1805 serui
839 1748 931 1805 subire
959 1750 1132 1812 taxationem.

177 1831 207 1889 4.
231 1826 349 1903 ⁹Seruo‚
372 1833 418 1906 qui
439 1832 513 1890 ultro
528 1832 628 1906 aliquid
645 1832 678 1889 de
693 1832 802 1891 domino
819 1832 978 1904 confitetur,
993 1831 1059 1889 tides
1074 1849 1133 1889 nou

178 1916 410 1975 accommodetur:
434 1933 484 1974 nec
512 1918 582 1973 enim
604 1925 715 1992 oportet
742 1917 769 1973 iu
796 1916 877 1973 rebus
905 1916 993 1973 dubiis
1015 1916 1132 1975 salutem

177 2000 348 2058 dominorum
362 2017 504 2058 seruorum
520 2000 630 2057 arbitrio
646 2001 787 2057 committi.
828 1997 856 2057 5.
869 1994 907 2043 ·¹⁰
914 2002 992 2057 Serui
1007 2002 1035 2057 iu
1049 2008 1133 2075 ceput

178 2085 281 2142 domini
294 2100 383 2158 neque
399 2102 414 2141 a
427 2084 552 2158 praeside
565 2100 654 2157 neque
670 2100 684 2139 u
699 2093 885 2158 procuratore,
901 2098 990 2159 neque
1005 2086 1033 2140 iu
1048 2101 1132 2158 pecu-

177 2260 268 2303 testato
283 2254 409 2315 confectis
421 2256 546 2316 scriptum
559 2260 609 2311 eet,
628 2254 696 2303 alios
709 2260 786 2301 testes
798 2252 960 2317 interropari
977 2268 1029 2303 non
1043 2267 1131 2317 posse,

177 2326 229 2373 nisi
242 2325 264 2372 ii
277 2330 360 2385 testes,
375 2324 420 2387 qui
433 2324 600 2385 conficiendis
614 2322 709 2372 tabulis
722 2323 832 2373 adhibiti
843 2324 953 2386 fuerint,
968 2324 1000 2372 de
1009 2339 1047 2383 eo,
1062 2325 1133 2388 quod

175 2396 300 2455 scriptum
314 2395 359 2450 eit,
379 2394 447 2441 inter
465 2408 492 2442 ee
510 2394 664 2442 dissentiant
682 2396 722 2443 ael
735 2396 803 2443 aliae
816 2392 930 2443 titubent.
958 2394 1029 2443 Idem
1047 2396 1131 2459 ipitur

177 2464 328 2511 accuratius
342 2462 448 2517 elicitur,
457 2464 527 2522 quod
535 2478 569 2511 eae
581 2463 738 2514 Graecorum
748 2464 824 2513 tibris
833 2464 909 2514 initio
918 2466 956 2513 tit.
969 2466 994 2515 0.
1005 2466 1038 2514 de
1046 2464 1129 2515 testib.

176 2533 320 2581 restitutum
335 2536 379 2579 est.
433 2526 453 2594 1)
466 2528 550 2577 Batai
563 2531 639 2577 etium
654 2536 682 2577 tn
698 2534 858 2588 bottaeus..
872 2534 916 2582 ubi
929 2536 980 2584 uid.
996 2543 1047 2585 not.
1063 2542 1088 2585 et
1102 2538 1129 2585 in

176 2602 208 2650 1..
223 2612 258 2652 io.
272 2600 305 2649 D.
320 2600 352 2649 de
365 2598 447 2649 testib.
463 2598 508 2664 (tu,
518 2598 549 2665 5).
570 2599 608 2663 Cf.
618 2598 669 2649 Ed.
683 2599 806 2649 Tbeoder.
816 2610 851 2651 tu.
903 2596 925 2665 Ι)
942 2604 980 2663 Of.
993 2605 1129 2663 Lampeid.

175 2672 308 2722 Aletum.
373 2666 448 2736 1)()[.
463 2671 537 2734 infra
556 2680 581 2730 5,
597 2680 630 2720 15.
650 2670 673 2731 ἓ.
688 2680 708 2719 1.
732 2668 910 2722 L.1o.1i.1e.
936 2670 962 2721 0.
982 2671 1013 2719 de
1031 2678 1129 2735 quaest.

176 2742 207 2806 (o,
226 2740 271 2807 11).
296 2740 328 2791 L.
347 2752 360 2792 9
370 2755 414 2804 pr.
438 2740 470 2789 D.
489 2741 545 2791 eod.
564 2739 613 2806 (13,
633 2740 678 2805 13).
702 2740 733 2790 L.
749 2753 768 2791 1.
787 2742 810 2802 ξ.
825 2751 845 2790 1.
871 2740 897 2790 0.
912 2740 944 2790 de
958 2742 1067 2791 iuretur.
1083 2757 1129 2805 pr.

176 2815 285 2862 column.
301 2810 332 2878 (1,
346 2811 391 2876 51).
443 2809 464 2877 ⁴)
478 2811 523 2861 De
539 2811 626 2861 Ouiae.
642 2813 674 2874 ej.
690 2812 729 2861 ed.
744 2810 828 2861 Haeo.
844 2811 903 2859 alias
919 2811 981 2861 odd.
996 2812 1035 2861 ed.
1051 2811 1083 2861 A.

249 2882 298 2932 itt.
316 2881 393 2931 XVI.
437 2878 458 2948 ⁶)
481 2882 519 2945 cs.
534 2889 586 2932 not.
601 2895 620 2932 1.
641 2882 677 2930 aa
694 2883 731 2931 tit.
751 2892 784 2933 11.
859 2877 934 2946 ⁶)0f.
950 2882 982 2931 L.
997 2892 1030 2934 15.
1056 2882 1081 2932 0.
1096 2882 1130 2932 rte

176 2961 272 3019 quaest.
288 2952 378 3019 (9.11).
398 2952 430 3001 L.
445 2965 465 3004 8.
487 2954 513 3003 0.
528 2953 559 3002 de
574 2952 656 3001 testib.
671 2950 702 3018 (4,
717 2950 761 3017 1ο).
841 2946 861 3018 1)
874 2950 999 3001 Breaiuta
1013 2959 1087 3002 eactut
1101 2955 1128 3001 in

175 3025 206 3074 L.
222 3037 255 3077 1e.
271 3027 294 3086 ξ.
307 3037 328 3076 i.
348 3023 380 3072 D.
395 3024 428 3072 ate
442 3030 538 3088 quaest.
552 3022 597 3088 (13,
613 3022 656 3085 1e).
678 3023 716 3085 Of.
731 3032 752 3080 5,
768 3032 800 3073 15.
815 3023 838 3083 5.
853 3034 873 3074 e.
889 3022 920 3071 L.
936 3036 956 3074 1.
972 3024 995 3085 ξ.
1009 3035 1030 3075 3.
1049 3024 1081 3072 D.
1096 3024 1130 3073 de

175 3097 268 3145 tutelae
282 3102 307 3144 et
320 3102 371 3146 rat.
386 3093 431 3159 (et,
445 3091 478 3158 u).
493 3094 523 3143 J..
539 3104 573 3145 11.
593 3093 625 3142 D.
640 3094 672 3142 de
686 3094 751 3143 adm.
767 3100 791 3142 et
801 3095 886 3157 peric.
900 3091 945 3158 (ie,
956 3090 988 3158 t).
1003 3094 1034 3145 L.
1046 3104 1079 3144 11.
1095 3094 1128 3143 D.

175 3163 207 3215 de
221 3181 290 3229 coep.
305 3172 350 3215 tut.
365 3163 410 3230 (eo,
426 3163 472 3230 13),
536 3162 558 3230 ⁸)
574 3163 613 3227 Cf.
627 3164 660 3215 L.
675 3176 708 3216 1u.
728 3164 759 3215 D.
775 3164 806 3213 de
820 3171 917 3228 quaest.
932 3162 977 3228 (ee,
992 3163 1038 3230 13).
1059 3164 1091 3213 L.
1107 3176 1129 3216 e.

174 3236 207 3285 D.
222 3237 253 3285 de
263 3250 383 3298 praescr.
398 3234 466 3284 verb.
481 3234 526 3300 (19,
540 3234 572 3298 5).
587 3234 619 3283 L.
630 3245 663 3285 15.
683 3236 721 3297 §5-
736 3244 769 3286 13.
784 3245 818 3285 41.
838 3234 870 3284 D.
886 3236 917 3284 ele
932 3236 1012 3285 iniur.
1027 3234 1072 3301 (4⁷,
1083 3234 1128 3299 10).

174 3306 224 3355 Ed.
243 3305 364 3356 Tbeoder.
380 3316 428 3356 10⁰.
474 3302 496 3369 9)
506 3304 554 3353 Est
568 3308 644 3354 etiam
658 3305 690 3353 L.
705 3315 738 3356 18.
753 3306 776 3367 ξ.
791 3315 811 3356 5.
830 3304 863 3354 D.
877 3306 909 3355 de
919 3313 1015 3369 quaest.
1026 3303 1072 3371 (11,
1082 3304 1128 3372 18).

176 3377 214 3438 Of.
229 3386 251 3434 5,
266 3387 298 3427 13.
314 3378 336 3437 ξ.
351 3387 372 3427 a.
392 3374 423 3423 L.
438 3386 459 3424 1.
474 3377 497 3436 §-
511 3385 533 3425 5.
552 3375 584 3423 L.
598 3387 619 3426 o.
634 3378 657 3437 §-
673 3388 692 3425 1.
713 3374 746 3423 Ι).
761 3375 817 3425 caat.
871 3372 903 3442 11)
919 3376 1129 3440 01111513.

175 3446 206 3494 L.
221 3458 288 3509 epa.
303 3445 336 3494 D.
351 3445 406 3495 eod.
421 3444 453 3493 L.
468 3456 488 3495 1.
503 3457 524 3496 6.
546 3446 571 3495 O.
586 3447 642 3495 eod.
658 3443 688 3511 (9,
698 3443 743 3509 41).
765 3445 817 3495 Dia.
828 3460 881 3509 pro
891 3446 948 3495 Mil.
959 3456 993 3497 11.
1004 3462 1056 3511 pro
1066 3459 1130 3511 repe

178 3516 257 3564 Deiot.
273 3529 292 3566 1.
307 3523 373 3565 orat.
385 3522 455 3578 part.
471 3525 504 3566 15.
528 3514 608 3565 Tacit.
624 3516 656 3564 A.
671 3526 692 3575 1,
707 3526 740 3566 uo.
1193 3526 1197 3533 '
