2542 3909
422 224 535 281 unamve
554 243 668 279 ruccas
687 242 844 280 nrcmmuvs.
995 252 998 259 Α
1051 236 1112 293 109

214 366 244 427 6.
269 369 323 425 Sed
344 377 371 425 et
389 370 455 426 deos
477 371 663 427 conserenteis
683 370 740 442 pari
762 385 837 425 more
857 386 888 426 ac
902 370 1115 427 dissimulatione

146 466 298 526 taceamus,
314 470 382 527 quos
399 470 459 510 cum
475 455 573 510 ceteris
588 452 681 510 scribit
696 452 807 509 Flaccus
822 454 972 511 inhumani
987 456 1064 529 penis
1079 455 1114 510 si·

147 538 329 595 militudinem
350 554 446 594 uersos
470 537 594 593 obruisse
612 554 643 593 se
663 539 760 607 cineri,
787 538 833 610 qui
853 536 903 592 sub
924 538 1006 594 ollula
1026 539 1115 595 luerat

148 624 240 679 iactus
260 630 401 678 extorum:
425 638 505 694 quem
525 637 586 677 cum
601 621 731 694 Tanaquil
751 620 902 678 dimoueret
917 622 1039 679 Etruriae
1061 622 1113 678 dis·

149 706 313 779 ciplinarum
333 706 428 779 perita,
451 706 603 764 surrexisse
622 722 652 761 se
667 705 734 761 deos
750 714 778 761 et
793 705 885 761 neruis
901 704 1061 762 obduruisse
1075 706 1114 761 di·

149 792 232 846 uiuis.
263 788 456 845 corniculanae
476 788 540 845 inde
554 790 728 863 imperauisse
745 790 878 862 captiuae,
893 797 925 844 ut
938 790 1114 864 intelligeret,

149 876 198 947 qui
212 872 263 929 sibi
278 866 343 929 res1
357 872 474 929 uellent:
499 871 627 929 Ocrisiam
642 873 875 946 prudentissimam
891 872 1034 929 foeminam
1047 875 1114 928 diui·

147 974 202 1015 nos
217 958 366 1013 inseruisse
381 957 508 1031 genitali:
525 956 685 1029 explicuisse
701 965 790 1011 motus
805 965 903 1013 certos.
935 957 1009 1012 'lunc
1023 965 1114 1013 sancta

93 1052 142 1102 tati
150 1050 179 1098 et
196 1042 332 1097 feruentia
352 1042 462 1096 numina
483 1041 539 1096 uim
559 1042 699 1096 uomuisse
718 1038 813 1095 anilii
833 1056 863 1095 ac
882 1055 975 1113 regem
990 1038 1113 1097 Seruium

149 1134 242 1182 natum
257 1140 319 1181 esse
332 1122 493 1185 Romanum.
509 1154 551 1165 -
566 1122 668 1179 urnob.
684 1121 714 1191 5,
731 1122 780 1179 18.

12 1263 13 1326 l
213 1239 241 1299 7.
265 1241 380 1298 Granius
404 1240 513 1315 quidem
531 1242 569 1297 ait
591 1236 721 1315 (sericas
737 1235 887 1315 cariculas)
911 1255 969 1295 esse
985 1239 1114 1296 muliebre

151 1326 290 1399 cingulum
305 1325 411 1400 capitis,
429 1342 483 1398 quo
498 1341 548 1399 pro
565 1326 634 1380 uitta
649 1323 792 1381 Flaminica
806 1324 972 1380 redimiatur.
983 1353 1025 1365 -·
1039 1324 1113 1380 Fest.

152 1428 181 1465 v.
193 1409 272 1465 Ricae
285 1428 312 1483 p.
327 1409 400 1466 277.

216 1525 245 1583 8.
270 1523 299 1602 (ll
322 1518 465 1583 'l'laccus²
479 1523 582 1595 scribit,
598 1524 709 1581 Numam
721 1520 891 1598 Pompilium,
903 1541 964 1580 cum
976 1541 1052 1581 sacra
1062 1524 1114 1580 llo·

149 1613 236 1668 manis
257 1610 397 1680 conderet,
420 1618 487 1666 uoto
509 1610 678 1682 impetrasse,
701 1616 732 1663 ut
753 1624 846 1664 omnes
868 1608 904 1664 dii
926 1607 1022 1664 ialsnm
1043 1610 1113 1664 iura·

152 1703 272 1772 mentum
288 1694 468 1750 uindicarent.
483 1723 525 1733 -
540 1692 656 1749 Gramm.
674 1693 725 1748 inc.
743 1691 827 1767 gloss.
842 1690 875 1749 ad
891 1694 957 1751 Aen.
975 1692 1025 1767 12,
1042 1692 1113 1750 234.

151 1796 184 1834 es
198 1779 290 1836 Barth.
306 1778 413 1834 advers.
429 1777 478 1848 33,
497 1776 547 1833 13.

449 1994 493 2051 lle
518 1996 597 2051 iure
622 1994 815 2067 Papiriano.

214 2127 245 2188 9.
268 2130 299 2187 lu
321 2128 463 2202 Papiriano
491 2130 562 2185 enim
585 2131 645 2184 iure
667 2128 807 2185 euidenter
829 2128 942 2186 relatum
966 2137 1025 2203 est,
1054 2144 1115 2186 arae

153 2217 238 2271 uicem
253 2222 392 2288 praestare
407 2228 488 2285 posse
503 2228 621 2268 mensam
633 2211 761 2269 dicatam:
784 2209 829 2268 ‘Ut
841 2212 868 2267 iu
881 2210 1003 2284 templo’,
1016 2214 1114 2285 iuquit,

153 2298 274 2354 ‘lunonis
290 2296 457 2371 Populoniae
477 2304 592 2369 augusta
614 2312 706 2351 mensa
726 2305 778 2351 est.
807 2311 923 2368 namque
937 2297 965 2351 in
980 2295 1047 2351 lanis
1064 2296 1114 2354 alia

155 2398 281 2438 uasorum
295 2389 362 2436 sunt
376 2388 404 2436 et
418 2396 509 2435 sacrae
525 2379 712 2452 supellectilis,
725 2380 777 2436 alia
791 2387 1020 2438 ornamentorum.
1046 2396 1114 2453 quae

154 2482 282 2522 uasorum
297 2475 372 2536 sunt,
387 2465 560 2520 instrumenti
574 2464 659 2518 instar
670 2463 779 2538 habent,
797 2462 894 2536 quibus
909 2462 1039 2520 sacrificia
1051 2482 1115 2521 con·

150 2548 289 2607 ficiuntur.
320 2564 434 2622 quarum
455 2563 546 2603 rerum
566 2548 715 2621 principem
736 2548 826 2604 locum
842 2547 946 2605 obtinet
962 2564 1064 2622 mensa,
1086 2551 1114 2604 in

151 2651 205 2709 qua
219 2633 315 2707 epulae
329 2632 527 2704 libationesque
542 2640 570 2687 et
584 2632 669 2704 stipes
679 2639 858 2705 reponuntur.
881 2640 1035 2689 ornamenta
1048 2649 1113 2689 uero

151 2726 218 2775 sunt
231 2718 332 2791 clypei,
352 2732 470 2773 coronae
485 2726 512 2771 et
528 2714 715 2771 huiuscemodi
729 2715 847 2775 donaria.
878 2733 965 2789 neque
981 2718 1050 2772 enim
1066 2717 1114 2773 do·

152 2804 228 2859 naria
246 2801 409 2858 dedicantur
429 2816 462 2856 eo
477 2807 611 2872 tempore,
632 2814 687 2872 quo
703 2798 812 2856 delubra
828 2809 983 2870 sacrantur;
1004 2810 1032 2857 at
1047 2817 1114 2858 uero

150 2902 243 2943 mensa
265 2886 411 2959 arulaeque
426 2884 521 2941 eodem
536 2883 590 2955 die,
612 2900 666 2956 quo
683 2883 762 2939 aedes
777 2885 860 2958 ipsae,
882 2884 998 2941 dedicari
1013 2884 1112 2941 solent.

149 2970 223 3026 nude
237 2985 331 3026 mensa
345 2970 398 3026 boc
413 2970 467 3024 ritu
483 2967 604 3023 dedicata
624 2969 651 3023 iu
673 2967 775 3040 templo
791 2984 852 3023 arae
868 2985 945 3024 usum
961 2977 989 3025 et
1004 2970 1113 3044 religio·

149 3071 213 3111 nem
228 3054 336 3110 obtinet
349 3052 525 3127 puluinaris'.
541 3082 583 3091 -
598 3049 713 3110 llacrob.
728 3051 784 3110 Sat.
801 3051 830 3122 3,
847 3052 896 3109 11.
915 3050 942 3127 S.
959 3052 986 3110 5.

223 3284 243 3347 ¹)
262 3287 374 3337 Videtur
388 3285 522 3350 dependam
531 3285 588 3348 quid
597 3285 645 3335 sibi
654 3284 698 3333 rei.
719 3279 742 3349 ²)
751 3284 823 3334 Elaus
837 3284 896 3333 edd.
907 3284 1026 3335 correxit
1033 3282 1100 3331 Iusti
1105 3300 1114 3337 ,·

148 3358 197 3407 ced
208 3364 233 3407 et
247 3359 285 3408 ita
298 3360 427 3408 incertum
439 3363 486 3418 eat,
500 3371 535 3405 aa
551 3355 665 3405 &onius
678 3355 727 3405 boc
742 3356 769 3405 in
784 3356 987 3419 indipitameatia
1005 3353 1113 3402 dixerit.

153 3428 276 3479 Verrium
295 3428 427 3486 Flaccum,
441 3428 475 3475 de
488 3441 537 3491 pao
555 3426 702 3477 Dirlaaenue
716 3428 848 3491 capitanii,
863 3428 942 3477 nolim
961 3425 1114 3489 intettipere.

148 3500 188 3549 De
201 3500 250 3564 bis,
260 3516 325 3566 quae
339 3515 376 3550 em
385 3495 447 3548 ciue
455 3498 562 3560 scriptis
575 3503 723 3562 supersunt,
739 3498 774 3560 cs.
790 3496 887 3547 Mittor
897 3496 933 3545 ad
943 3494 1010 3544 Feat.
1024 3492 1114 3555 Praef.

144 3586 173 3634 p.
188 3570 241 3621 lllll
252 3587 305 3639 seq.
