<?xml version="1.0" encoding="UTF-8"?>
<!DOCTYPE html PUBLIC "-//W3C//DTD XHTML 1.0 Transitional//EN"
    "http://www.w3.org/TR/xhtml1/DTD/xhtml1-transitional.dtd">
<html xmlns="http://www.w3.org/1999/xhtml" xml:lang="en" lang="en">
 <head>
  <title>
</title>
<meta http-equiv="Content-Type" content="text/html;charset=utf-8" />
  <meta name='ocr-system' content='tesseract 3.04.00' />
  <meta name='ocr-capabilities' content='ocr_page ocr_carea ocr_par ocr_line ocrx_word'/>
</head>
<body>
  <div class='ocr_page' id='page_1' title='image "./iurisprudentiae01huscgoog_0675.png"; bbox 0 0 2542 3909; ppageno 0'>
   <div class='ocr_carea' id='block_1_1' title="bbox 191 199 959 268">
    <p class='ocr_par' dir='ltr' id='par_1_1' title="bbox 191 199 959 268">
     <span class='ocr_line' id='line_1_1' title="bbox 191 199 959 268; baseline -0.007 -12"><span class='ocrx_word' id='word_1_1' title='bbox 191 201 253 268; x_wconf 80' lang='lat'><strong>650</strong></span> <span class='ocrx_word' id='word_1_2' title='bbox 381 219 439 255; x_wconf 81' lang='lat' dir='ltr'><strong>nos.</strong></span> <span class='ocrx_word' id='word_1_3' title='bbox 458 219 491 254; x_wconf 76' lang='lat' dir='ltr'><strong>aa</strong></span> <span class='ocrx_word' id='word_1_4' title='bbox 510 218 571 253; x_wconf 81' lang='lat' dir='ltr'><strong>non.</strong></span> <span class='ocrx_word' id='word_1_5' title='bbox 590 218 680 254; x_wconf 77' lang='lat' dir='ltr'><strong>usovrr</strong></span> <span class='ocrx_word' id='word_1_6' title='bbox 697 215 804 254; x_wconf 75' lang='lat' dir='ltr'><strong>comr-</strong></span> <span class='ocrx_word' id='word_1_7' title='bbox 823 199 844 251; x_wconf 88' lang='lat'><strong>1.</strong></span> <span class='ocrx_word' id='word_1_8' title='bbox 863 203 959 263; x_wconf 62' lang='lat'><strong>97-11.</strong></span> 
     </span>
    </p>
   </div>
   <div class='ocr_carea' id='block_1_2' title="bbox 187 343 1246 2930">
    <p class='ocr_par' dir='ltr' id='par_1_2' title="bbox 189 343 1147 923">
     <span class='ocr_line' id='line_1_2' title="bbox 191 343 1147 422; baseline -0.003 -16"><span class='ocrx_word' id='word_1_9' title='bbox 191 350 304 422; x_wconf 82' lang='lat' dir='ltr'><strong>legem</strong></span> <span class='ocrx_word' id='word_1_10' title='bbox 326 347 525 404; x_wconf 85' lang='lat' dir='ltr'><strong>Corneliam</strong></span> <span class='ocrx_word' id='word_1_11' title='bbox 555 346 594 404; x_wconf 87' lang='lat' dir='ltr'><strong>de</strong></span> <span class='ocrx_word' id='word_1_12' title='bbox 615 346 756 404; x_wconf 89' lang='lat' dir='ltr'><strong>sicariis</strong></span> <span class='ocrx_word' id='word_1_13' title='bbox 778 354 812 402; x_wconf 92' lang='lat' dir='ltr'><strong>et</strong></span> <span class='ocrx_word' id='word_1_14' title='bbox 839 343 1014 402; x_wconf 79' lang='lat' dir='ltr'><strong>uenalicis</strong></span> <span class='ocrx_word' id='word_1_15' title='bbox 1042 345 1147 403; x_wconf 88' lang='lat' dir='ltr'><strong>talem</strong></span> 
     </span>
     <span class='ocr_line' id='line_1_3' title="bbox 190 423 1147 504; baseline -0.003 -15"><span class='ocrx_word' id='word_1_16' title='bbox 190 432 488 490; x_wconf 89' lang='lat' dir='ltr'><strong>constitutionem</strong></span> <span class='ocrx_word' id='word_1_17' title='bbox 511 432 623 504; x_wconf 89' lang='lat' dir='ltr'><strong>ponit:</strong></span> <span class='ocrx_word' id='word_1_18' title='bbox 659 427 684 488; x_wconf 87' lang='lat'><strong>1.</strong></span> <span class='ocrx_word' id='word_1_19' title='bbox 707 423 872 504; x_wconf 87' lang='lat' dir='ltr'><strong>¹lmperator</strong></span> <span class='ocrx_word' id='word_1_20' title='bbox 885 431 1038 486; x_wconf 80' lang='lat' dir='ltr'><strong>Antoninus</strong></span> <span class='ocrx_word' id='word_1_21' title='bbox 1052 430 1147 503; x_wconf 80' lang='lat' dir='ltr'><strong>dugu-</strong></span> 
     </span>
     <span class='ocr_line' id='line_1_4' title="bbox 191 511 1147 572; baseline -0.002 0"><span class='ocrx_word' id='word_1_22' title='bbox 191 525 249 572; x_wconf 87' lang='lat' dir='ltr'><strong>stus</strong></span> <span class='ocrx_word' id='word_1_23' title='bbox 277 514 386 572; x_wconf 78' lang='lat' dir='ltr'><strong>Aurelio</strong></span> <span class='ocrx_word' id='word_1_24' title='bbox 414 513 565 571; x_wconf 87' lang='lat' dir='ltr'><strong>llercnlano</strong></span> <span class='ocrx_word' id='word_1_25' title='bbox 598 522 626 570; x_wconf 90' lang='lat' dir='ltr'><strong>et</strong></span> <span class='ocrx_word' id='word_1_26' title='bbox 658 515 716 570; x_wconf 89' lang='lat' dir='ltr'><strong>aliis</strong></span> <span class='ocrx_word' id='word_1_27' title='bbox 744 512 881 570; x_wconf 75' lang='lat' dir='ltr'><strong>militibus.</strong></span> <span class='ocrx_word' id='word_1_28' title='bbox 932 511 1026 570; x_wconf 78' lang='lat' dir='ltr'><strong>Frater</strong></span> <span class='ocrx_word' id='word_1_29' title='bbox 1053 522 1147 570; x_wconf 86' lang='lat' dir='ltr'><strong>uester</strong></span> 
     </span>
     <span class='ocr_line' id='line_1_5' title="bbox 189 595 1145 672; baseline -0.004 -15"><span class='ocrx_word' id='word_1_30' title='bbox 189 599 290 657; x_wconf 89' lang='lat' dir='ltr'><strong>rectius</strong></span> <span class='ocrx_word' id='word_1_31' title='bbox 305 598 417 670; x_wconf 82' lang='lat' dir='ltr'><strong>iecerit,</strong></span> <span class='ocrx_word' id='word_1_32' title='bbox 438 599 462 654; x_wconf 90' lang='lat' dir='ltr'><strong>si</strong></span> <span class='ocrx_word' id='word_1_33' title='bbox 477 614 506 654; x_wconf 86' lang='lat' dir='ltr'><strong>se</strong></span> <span class='ocrx_word' id='word_1_34' title='bbox 521 597 638 672; x_wconf 76' lang='lat' dir='ltr'><strong>praesidi</strong></span> <span class='ocrx_word' id='word_1_35' title='bbox 653 598 808 672; x_wconf 88' lang='lat' dir='ltr'><strong>prouinciae</strong></span> <span class='ocrx_word' id='word_1_36' title='bbox 822 595 969 667; x_wconf 82' lang='lat' dir='ltr'><strong>obtulerlt3</strong></span> <span class='ocrx_word' id='word_1_37' title='bbox 984 599 1028 654; x_wconf 88' lang='lat' dir='ltr'><strong>cui</strong></span> <span class='ocrx_word' id='word_1_38' title='bbox 1041 598 1066 653; x_wconf 88' lang='lat' dir='ltr'><strong>si</strong></span> <span class='ocrx_word' id='word_1_39' title='bbox 1079 613 1145 672; x_wconf 85' lang='lat' dir='ltr'><strong>pro·</strong></span> 
     </span>
     <span class='ocr_line' id='line_1_6' title="bbox 189 681 1146 758; baseline -0.002 -18"><span class='ocrx_word' id='word_1_40' title='bbox 189 683 309 758; x_wconf 79' lang='lat' dir='ltr'><strong>benerit,</strong></span> <span class='ocrx_word' id='word_1_41' title='bbox 335 698 390 740; x_wconf 92' lang='lat' dir='ltr'><strong>non</strong></span> <span class='ocrx_word' id='word_1_42' title='bbox 412 681 552 739; x_wconf 91' lang='lat' dir='ltr'><strong>occidendi</strong></span> <span class='ocrx_word' id='word_1_43' title='bbox 575 682 663 738; x_wconf 90' lang='lat' dir='ltr'><strong>animo</strong></span> <span class='ocrx_word' id='word_1_44' title='bbox 685 681 785 738; x_wconf 91' lang='lat' dir='ltr'><strong>lustam</strong></span> <span class='ocrx_word' id='word_1_45' title='bbox 807 697 821 737; x_wconf 93' lang='lat' dir='ltr'><strong>a</strong></span> <span class='ocrx_word' id='word_1_46' title='bbox 841 697 873 737; x_wconf 85' lang='lat' dir='ltr'><strong>se</strong></span> <span class='ocrx_word' id='word_1_47' title='bbox 894 697 1049 754; x_wconf 75' lang='lat' dir='ltr'><strong>percussam</strong></span> <span class='ocrx_word' id='word_1_48' title='bbox 1071 696 1146 753; x_wconf 84' lang='lat' dir='ltr'><strong>csse,</strong></span> 
     </span>
     <span class='ocr_line' id='line_1_7' title="bbox 189 764 1146 840; baseline -0.002 -16"><span class='ocrx_word' id='word_1_49' title='bbox 189 769 300 824; x_wconf 79' lang='lat' dir='ltr'><strong>remissa</strong></span> <span class='ocrx_word' id='word_1_50' title='bbox 316 765 452 823; x_wconf 88' lang='lat' dir='ltr'><strong>homicidii</strong></span> <span class='ocrx_word' id='word_1_51' title='bbox 467 781 564 840; x_wconf 86' lang='lat' dir='ltr'><strong>poena,</strong></span> <span class='ocrx_word' id='word_1_52' title='bbox 584 765 732 822; x_wconf 90' lang='lat' dir='ltr'><strong>secundum</strong></span> <span class='ocrx_word' id='word_1_53' title='bbox 746 764 913 838; x_wconf 78' lang='lat' dir='ltr'><strong>disciplinam</strong></span> <span class='ocrx_word' id='word_1_54' title='bbox 929 765 1069 822; x_wconf 89' lang='lat' dir='ltr'><strong>militarem</strong></span> <span class='ocrx_word' id='word_1_55' title='bbox 1083 781 1146 822; x_wconf 88' lang='lat' dir='ltr'><strong>seu·</strong></span> 
     </span>
     <span class='ocr_line' id='line_1_8' title="bbox 189 841 1147 923; baseline -0.005 -15"><span class='ocrx_word' id='word_1_56' title='bbox 189 851 301 908; x_wconf 87' lang='lat' dir='ltr'><strong>tentiam</strong></span> <span class='ocrx_word' id='word_1_57' title='bbox 322 842 433 907; x_wconf 83' lang='lat' dir='ltr'><strong>&#39;ieret.²</strong></span> <span class='ocrx_word' id='word_1_58' title='bbox 475 849 618 923; x_wconf 89' lang='lat' dir='ltr'><strong>Proposita</strong></span> <span class='ocrx_word' id='word_1_59' title='bbox 640 849 710 922; x_wconf 88' lang='lat' dir='ltr'><strong>prid.</strong></span> <span class='ocrx_word' id='word_1_60' title='bbox 725 847 784 905; x_wconf 87' lang='lat' dir='ltr'><strong>llal.</strong></span> <span class='ocrx_word' id='word_1_61' title='bbox 799 847 879 906; x_wconf 82' lang='lat' dir='ltr'><strong>Febr.</strong></span> <span class='ocrx_word' id='word_1_62' title='bbox 895 846 978 906; x_wconf 81' lang='lat' dir='ltr'><strong>Laeto</strong></span> <span class='ocrx_word' id='word_1_63' title='bbox 993 848 1034 905; x_wconf 92' lang='lat' dir='ltr'><strong>bis</strong></span> <span class='ocrx_word' id='word_1_64' title='bbox 1049 841 1147 905; x_wconf 71' lang='lat' dir='ltr'><strong>(lons.l</strong></span> 
     </span>
    </p>

    <p class='ocr_par' dir='ltr' id='par_1_3' title="bbox 189 932 1246 1592">
     <span class='ocr_line' id='line_1_9' title="bbox 253 932 1145 1008; baseline -0.001 -19"><span class='ocrx_word' id='word_1_65' title='bbox 253 933 321 1008; x_wconf 90' lang='lat' dir='ltr'><strong>llap.</strong></span> <span class='ocrx_word' id='word_1_66' title='bbox 348 932 390 989; x_wconf 91' lang='lat' dir='ltr'><strong>lll.</strong></span> <span class='ocrx_word' id='word_1_67' title='bbox 441 933 523 989; x_wconf 88' lang='lat' dir='ltr'><strong>ltem</strong></span> <span class='ocrx_word' id='word_1_68' title='bbox 552 933 789 1006; x_wconf 79' lang='lat' dir='ltr'><strong>Gregorianus</strong></span> <span class='ocrx_word' id='word_1_69' title='bbox 825 932 940 990; x_wconf 87' lang='lat' dir='ltr'><strong>codem</strong></span> <span class='ocrx_word' id='word_1_70' title='bbox 969 932 1081 990; x_wconf 89' lang='lat' dir='ltr'><strong>titulo</strong></span> <span class='ocrx_word' id='word_1_71' title='bbox 1109 940 1145 989; x_wconf 89' lang='lat' dir='ltr'><strong>et</strong></span> 
     </span>
     <span class='ocr_line' id='line_1_10' title="bbox 189 1013 1146 1091; baseline -0.002 -16"><span class='ocrx_word' id='word_1_72' title='bbox 189 1017 282 1075; x_wconf 91' lang='lat' dir='ltr'><strong>libro</strong></span> <span class='ocrx_word' id='word_1_73' title='bbox 313 1015 416 1074; x_wconf 89' lang='lat' dir='ltr'><strong>talem</strong></span> <span class='ocrx_word' id='word_1_74' title='bbox 447 1018 740 1074; x_wconf 89' lang='lat' dir='ltr'><strong>constitutionem</strong></span> <span class='ocrx_word' id='word_1_75' title='bbox 772 1017 887 1089; x_wconf 87' lang='lat' dir='ltr'><strong>ponit:</strong></span> <span class='ocrx_word' id='word_1_76' title='bbox 930 1013 956 1073; x_wconf 91' lang='lat' dir='ltr'><strong>l.</strong></span> <span class='ocrx_word' id='word_1_77' title='bbox 986 1016 1052 1091; x_wconf 84' lang='lat' dir='ltr'><strong>lmp.</strong></span> <span class='ocrx_word' id='word_1_78' title='bbox 1083 1015 1146 1073; x_wconf 78' lang='lat' dir='ltr'><strong>lle·</strong></span> 
     </span>
     <span class='ocr_line' id='line_1_11' title="bbox 189 1099 1244 1179; baseline -0.001 -21"><span class='ocrx_word' id='word_1_79' title='bbox 189 1101 290 1158; x_wconf 74' lang='lat' dir='ltr'><strong>rander</strong></span> <span class='ocrx_word' id='word_1_80' title='bbox 305 1102 336 1160; x_wconf 83' lang='grc' dir='ltr'><strong>Α.</strong></span> <span class='ocrx_word' id='word_1_81' title='bbox 352 1100 463 1157; x_wconf 78' lang='lat' dir='ltr'><strong>Aurelio</strong></span> <span class='ocrx_word' id='word_1_82' title='bbox 479 1099 571 1156; x_wconf 82' lang='lat' dir='ltr'><strong>rianio</strong></span> <span class='ocrx_word' id='word_1_83' title='bbox 586 1108 615 1156; x_wconf 87' lang='lat' dir='ltr'><strong>et</strong></span> <span class='ocrx_word' id='word_1_84' title='bbox 628 1101 687 1156; x_wconf 90' lang='lat' dir='ltr'><strong>aliis</strong></span> <span class='ocrx_word' id='word_1_85' title='bbox 702 1099 841 1156; x_wconf 77' lang='lat' dir='ltr'><strong>militibus.</strong></span> <span class='ocrx_word' id='word_1_86' title='bbox 883 1099 912 1156; x_wconf 88' lang='lat' dir='ltr'><strong>Si</strong></span> <span class='ocrx_word' id='word_1_87' title='bbox 926 1099 1008 1156; x_wconf 90' lang='lat' dir='ltr'><strong>modo</strong></span> <span class='ocrx_word' id='word_1_88' title='bbox 1023 1115 1073 1174; x_wconf 89' lang='lat' dir='ltr'><strong>pro</strong></span> <span class='ocrx_word' id='word_1_89' title='bbox 1089 1115 1145 1173; x_wconf 85' lang='lat' dir='ltr'><strong>quo</strong></span> <span class='ocrx_word' id='word_1_90' title='bbox 1242 1114 1244 1179; x_wconf 42' lang='lat'>3</span> 
     </span>
     <span class='ocr_line' id='line_1_12' title="bbox 189 1183 1245 1258; baseline -0.001 -17"><span class='ocrx_word' id='word_1_91' title='bbox 189 1185 308 1243; x_wconf 89' lang='lat' dir='ltr'><strong>libellum</strong></span> <span class='ocrx_word' id='word_1_92' title='bbox 323 1183 451 1256; x_wconf 85' lang='lat' dir='ltr'><strong>dedistis,</strong></span> <span class='ocrx_word' id='word_1_93' title='bbox 473 1200 528 1239; x_wconf 92' lang='lat' dir='ltr'><strong>non</strong></span> <span class='ocrx_word' id='word_1_94' title='bbox 543 1183 607 1240; x_wconf 93' lang='lat' dir='ltr'><strong>dolo</strong></span> <span class='ocrx_word' id='word_1_95' title='bbox 622 1185 757 1258; x_wconf 88' lang='lat' dir='ltr'><strong>praestitit</strong></span> <span class='ocrx_word' id='word_1_96' title='bbox 771 1191 895 1246; x_wconf 87' lang='lat' dir='ltr'><strong>mortem,</strong></span> <span class='ocrx_word' id='word_1_97' title='bbox 908 1185 1017 1240; x_wconf 86' lang='lat' dir='ltr'><strong>minime</strong></span> <span class='ocrx_word' id='word_1_98' title='bbox 1030 1183 1146 1257; x_wconf 85' lang='lat' dir='ltr'><strong>perbor-</strong></span> <span class='ocrx_word' id='word_1_99' title='bbox 1244 1240 1245 1257; x_wconf 25' lang='lat' dir='ltr'><strong>p</strong></span> 
     </span>
     <span class='ocr_line' id='line_1_13' title="bbox 189 1263 1246 1340; baseline -0.001 -15"><span class='ocrx_word' id='word_1_100' title='bbox 189 1277 292 1327; x_wconf 79' lang='lat' dir='ltr'><strong>rescat:</strong></span> <span class='ocrx_word' id='word_1_101' title='bbox 317 1263 431 1324; x_wconf 80' lang='lat' dir='ltr'><strong>⁴crimen</strong></span> <span class='ocrx_word' id='word_1_102' title='bbox 446 1269 546 1340; x_wconf 87' lang='lat' dir='ltr'><strong>quippe</strong></span> <span class='ocrx_word' id='word_1_103' title='bbox 566 1269 605 1323; x_wconf 88' lang='lat' dir='ltr'><strong>ite</strong></span> <span class='ocrx_word' id='word_1_104' title='bbox 627 1267 807 1338; x_wconf 84' lang='lat' dir='ltr'><strong>contrabitur,</strong></span> <span class='ocrx_word' id='word_1_105' title='bbox 828 1269 853 1324; x_wconf 91' lang='lat' dir='ltr'><strong>sl</strong></span> <span class='ocrx_word' id='word_1_106' title='bbox 874 1274 903 1323; x_wconf 87' lang='lat' dir='ltr'><strong>ct</strong></span> <span class='ocrx_word' id='word_1_107' title='bbox 923 1267 1051 1324; x_wconf 88' lang='lat' dir='ltr'><strong>uoluntas</strong></span> <span class='ocrx_word' id='word_1_108' title='bbox 1073 1268 1145 1324; x_wconf 87' lang='lat' dir='ltr'><strong>occi·</strong></span> <span class='ocrx_word' id='word_1_109' title='bbox 1245 1326 1246 1335; x_wconf 55' lang='grc'>,</span> 
     </span>
     <span class='ocr_line' id='line_1_14' title="bbox 189 1351 1144 1425; baseline -0.003 -16"><span class='ocrx_word' id='word_1_110' title='bbox 189 1352 269 1409; x_wconf 83' lang='lat' dir='ltr'><strong>dandi</strong></span> <span class='ocrx_word' id='word_1_111' title='bbox 284 1351 443 1408; x_wconf 85' lang='lat' dir='ltr'><strong>intercedat.</strong></span> <span class='ocrx_word' id='word_1_112' title='bbox 477 1351 601 1407; x_wconf 84' lang='lat' dir='ltr'><strong>Ceterum</strong></span> <span class='ocrx_word' id='word_1_113' title='bbox 618 1367 659 1423; x_wconf 87' lang='lat' dir='ltr'><strong>ea,</strong></span> <span class='ocrx_word' id='word_1_114' title='bbox 675 1367 744 1424; x_wconf 90' lang='lat' dir='ltr'><strong>quae</strong></span> <span class='ocrx_word' id='word_1_115' title='bbox 755 1366 787 1406; x_wconf 83' lang='lat' dir='ltr'><strong>ex</strong></span> <span class='ocrx_word' id='word_1_116' title='bbox 801 1352 950 1425; x_wconf 88' lang='lat' dir='ltr'><strong>improuiso</strong></span> <span class='ocrx_word' id='word_1_117' title='bbox 962 1366 1026 1408; x_wconf 82' lang='lat' dir='ltr'><strong>casu</strong></span> <span class='ocrx_word' id='word_1_118' title='bbox 1040 1351 1144 1424; x_wconf 84' lang='lat' dir='ltr'><strong>potius,</strong></span> 
     </span>
     <span class='ocr_line' id='line_1_15' title="bbox 190 1433 1144 1508; baseline -0.001 -16"><span class='ocrx_word' id='word_1_119' title='bbox 190 1453 268 1508; x_wconf 89' lang='lat' dir='ltr'><strong>quam</strong></span> <span class='ocrx_word' id='word_1_120' title='bbox 284 1434 380 1492; x_wconf 89' lang='lat' dir='ltr'><strong>iraude</strong></span> <span class='ocrx_word' id='word_1_121' title='bbox 391 1434 523 1504; x_wconf 87' lang='lat' dir='ltr'><strong>accidunt,</strong></span> <span class='ocrx_word' id='word_1_122' title='bbox 538 1433 594 1490; x_wconf 87' lang='lat' dir='ltr'><strong>lato</strong></span> <span class='ocrx_word' id='word_1_123' title='bbox 607 1435 777 1508; x_wconf 85' lang='lat' dir='ltr'><strong>plerumque,</strong></span> <span class='ocrx_word' id='word_1_124' title='bbox 795 1451 849 1490; x_wconf 90' lang='lat' dir='ltr'><strong>non</strong></span> <span class='ocrx_word' id='word_1_125' title='bbox 865 1450 951 1491; x_wconf 83' lang='lat' dir='ltr'><strong>noxae</strong></span> <span class='ocrx_word' id='word_1_126' title='bbox 966 1436 1144 1508; x_wconf 83' lang='lat' dir='ltr'><strong>imputantur.</strong></span> 
     </span>
     <span class='ocr_line' id='line_1_16' title="bbox 189 1513 796 1592; baseline 0 -18"><span class='ocrx_word' id='word_1_127' title='bbox 189 1519 270 1592; x_wconf 86' lang='lat' dir='ltr'><strong>Prop.</strong></span> <span class='ocrx_word' id='word_1_128' title='bbox 286 1535 356 1576; x_wconf 87' lang='lat' dir='ltr'><strong>xur.</strong></span> <span class='ocrx_word' id='word_1_129' title='bbox 372 1516 429 1574; x_wconf 89' lang='lat' dir='ltr'><strong>llal.</strong></span> <span class='ocrx_word' id='word_1_130' title='bbox 446 1521 517 1591; x_wconf 80' lang='lat' dir='ltr'><strong>Aug.</strong></span> <span class='ocrx_word' id='word_1_131' title='bbox 533 1517 684 1573; x_wconf 76' lang='lat' dir='ltr'><strong>Alexandro</strong></span> <span class='ocrx_word' id='word_1_132' title='bbox 699 1513 796 1574; x_wconf 73' lang='lat' dir='ltr'><strong>(lons.l</strong></span> 
     </span>
    </p>

    <p class='ocr_par' dir='ltr' id='par_1_4' title="bbox 188 1599 1145 2510">
     <span class='ocr_line' id='line_1_17' title="bbox 252 1599 1145 1676; baseline 0.003 -20"><span class='ocrx_word' id='word_1_133' title='bbox 252 1601 318 1676; x_wconf 87' lang='lat' dir='ltr'><strong>Kap.</strong></span> <span class='ocrx_word' id='word_1_134' title='bbox 342 1601 373 1657; x_wconf 89' lang='lat' dir='ltr'><strong>X.</strong></span> <span class='ocrx_word' id='word_1_135' title='bbox 417 1601 500 1657; x_wconf 87' lang='lat' dir='ltr'><strong>ltem</strong></span> <span class='ocrx_word' id='word_1_136' title='bbox 524 1599 759 1674; x_wconf 80' lang='lat' dir='ltr'><strong>Greg&#39;orianus</strong></span> <span class='ocrx_word' id='word_1_137' title='bbox 780 1601 896 1658; x_wconf 91' lang='lat' dir='ltr'><strong>eodem</strong></span> <span class='ocrx_word' id='word_1_138' title='bbox 922 1601 1015 1660; x_wconf 91' lang='lat' dir='ltr'><strong>libro</strong></span> <span class='ocrx_word' id='word_1_139' title='bbox 1036 1612 1070 1659; x_wconf 90' lang='lat' dir='ltr'><strong>et</strong></span> <span class='ocrx_word' id='word_1_140' title='bbox 1098 1603 1145 1659; x_wconf 92' lang='lat' dir='ltr'><strong>ti·</strong></span> 
     </span>
     <span class='ocr_line' id='line_1_18' title="bbox 189 1677 1144 1757; baseline 0.003 -16"><span class='ocrx_word' id='word_1_141' title='bbox 189 1683 264 1741; x_wconf 89' lang='lat' dir='ltr'><strong>tulo</strong></span> <span class='ocrx_word' id='word_1_142' title='bbox 287 1684 360 1741; x_wconf 91' lang='lat' dir='ltr'><strong>tale</strong></span> <span class='ocrx_word' id='word_1_143' title='bbox 381 1677 731 1757; x_wconf 70' lang='lat' dir='ltr'><strong>rescriptumidedit.</strong></span> <span class='ocrx_word' id='word_1_144' title='bbox 760 1683 787 1743; x_wconf 89' lang='lat'><strong>1.</strong></span> <span class='ocrx_word' id='word_1_145' title='bbox 803 1683 1144 1756; x_wconf 77' lang='lat' dir='ltr'><strong>Diocletianusetildooei·</strong></span> 
     </span>
     <span class='ocr_line' id='line_1_19' title="bbox 188 1763 1145 1844; baseline 0.002 -19"><span class='ocrx_word' id='word_1_146' title='bbox 188 1765 311 1844; x_wconf 78' lang='lat' dir='ltr'><strong>anianus)</strong></span> <span class='ocrx_word' id='word_1_147' title='bbox 327 1767 428 1825; x_wconf 90' lang='lat' dir='ltr'><strong>domini</strong></span> <span class='ocrx_word' id='word_1_148' title='bbox 444 1769 540 1828; x_wconf 83' lang='lat' dir='ltr'><strong>nostri.</strong></span> <span class='ocrx_word' id='word_1_149' title='bbox 578 1766 653 1824; x_wconf 84' lang='lat' dir='ltr'><strong>ilaue</strong></span> <span class='ocrx_word' id='word_1_150' title='bbox 668 1769 774 1841; x_wconf 78' lang='lat' dir='ltr'><strong>Agatho</strong></span> <span class='ocrx_word' id='word_1_151' title='bbox 789 1769 928 1827; x_wconf 79' lang='lat' dir='ltr'><strong>karissime</strong></span> <span class='ocrx_word' id='word_1_152' title='bbox 943 1763 1043 1826; x_wconf 61' lang='lat' dir='ltr'><strong>nobis!</strong></span> <span class='ocrx_word' id='word_1_153' title='bbox 1073 1769 1145 1837; x_wconf 83' lang='lat' dir='ltr'><strong>Qua·</strong></span> 
     </span>
     <span class='ocr_line' id='line_1_20' title="bbox 189 1851 1145 1927; baseline 0.001 -18"><span class='ocrx_word' id='word_1_154' title='bbox 189 1853 250 1909; x_wconf 88' lang='lat' dir='ltr'><strong>litas</strong></span> <span class='ocrx_word' id='word_1_155' title='bbox 272 1867 383 1927; x_wconf 90' lang='lat' dir='ltr'><strong>precum</strong></span> <span class='ocrx_word' id='word_1_156' title='bbox 404 1851 464 1908; x_wconf 92' lang='lat' dir='ltr'><strong>lnlii</strong></span> <span class='ocrx_word' id='word_1_157' title='bbox 485 1853 614 1908; x_wconf 79' lang='lat' dir='ltr'><strong>Antonini</strong></span> <span class='ocrx_word' id='word_1_158' title='bbox 636 1851 804 1909; x_wconf 90' lang='lat' dir='ltr'><strong>clementiam</strong></span> <span class='ocrx_word' id='word_1_159' title='bbox 826 1861 946 1909; x_wconf 87' lang='lat' dir='ltr'><strong>nostram</strong></span> <span class='ocrx_word' id='word_1_160' title='bbox 972 1853 1049 1910; x_wconf 86' lang='lat' dir='ltr'><strong>iacile</strong></span> <span class='ocrx_word' id='word_1_161' title='bbox 1070 1869 1145 1911; x_wconf 89' lang='lat' dir='ltr'><strong>com·</strong></span> 
     </span>
     <span class='ocr_line' id='line_1_21' title="bbox 189 1929 1145 2011; baseline 0.001 -18"><span class='ocrx_word' id='word_1_162' title='bbox 189 1938 292 1993; x_wconf 86' lang='lat' dir='ltr'><strong>mouit:</strong></span> <span class='ocrx_word' id='word_1_163' title='bbox 315 1938 415 2011; x_wconf 86' lang='lat' dir='ltr'><strong>quippe</strong></span> <span class='ocrx_word' id='word_1_164' title='bbox 430 1929 500 2010; x_wconf 72' lang='lat' dir='ltr'><strong>’qui⁸</strong></span> <span class='ocrx_word' id='word_1_165' title='bbox 515 1934 667 2007; x_wconf 86' lang='lat' dir='ltr'><strong>adseueret,</strong></span> <span class='ocrx_word' id='word_1_166' title='bbox 688 1936 862 1993; x_wconf 84' lang='lat' dir='ltr'><strong>homicidium</strong></span> <span class='ocrx_word' id='word_1_167' title='bbox 877 1953 907 1993; x_wconf 86' lang='lat' dir='ltr'><strong>so</strong></span> <span class='ocrx_word' id='word_1_168' title='bbox 922 1952 976 1993; x_wconf 91' lang='lat' dir='ltr'><strong>non</strong></span> <span class='ocrx_word' id='word_1_169' title='bbox 991 1937 1145 2009; x_wconf 89' lang='lat' dir='ltr'><strong>uoluntate,</strong></span> 
     </span>
     <span class='ocr_line' id='line_1_22' title="bbox 189 2018 1144 2094; baseline 0.001 -17"><span class='ocrx_word' id='word_1_170' title='bbox 189 2021 237 2077; x_wconf 87' lang='lat' dir='ltr'><strong>scd</strong></span> <span class='ocrx_word' id='word_1_171' title='bbox 252 2037 316 2078; x_wconf 91' lang='lat' dir='ltr'><strong>casu</strong></span> <span class='ocrx_word' id='word_1_172' title='bbox 331 2020 446 2077; x_wconf 86' lang='lat' dir='ltr'><strong>lortuito</strong></span> <span class='ocrx_word' id='word_1_173' title='bbox 462 2019 575 2090; x_wconf 86' lang='lat' dir='ltr'><strong>iecisse,</strong></span> <span class='ocrx_word' id='word_1_174' title='bbox 595 2036 656 2076; x_wconf 90' lang='lat' dir='ltr'><strong>cum</strong></span> <span class='ocrx_word' id='word_1_175' title='bbox 671 2019 750 2076; x_wconf 92' lang='lat' dir='ltr'><strong>calcis</strong></span> <span class='ocrx_word' id='word_1_176' title='bbox 765 2020 820 2077; x_wconf 93' lang='lat' dir='ltr'><strong>ictu</strong></span> <span class='ocrx_word' id='word_1_177' title='bbox 835 2022 931 2078; x_wconf 89' lang='lat' dir='ltr'><strong>mortis</strong></span> <span class='ocrx_word' id='word_1_178' title='bbox 946 2023 1052 2078; x_wconf 89' lang='lat' dir='ltr'><strong>occasio</strong></span> <span class='ocrx_word' id='word_1_179' title='bbox 1066 2018 1144 2094; x_wconf 84' lang='lat' dir='ltr'><strong>prac-</strong></span> 
     </span>
     <span class='ocr_line' id='line_1_23' title="bbox 188 2101 1144 2179; baseline 0.001 -19"><span class='ocrx_word' id='word_1_180' title='bbox 188 2103 244 2161; x_wconf 91' lang='lat' dir='ltr'><strong>bita</strong></span> <span class='ocrx_word' id='word_1_181' title='bbox 266 2104 400 2165; x_wconf 88' lang='lat' dir='ltr'><strong>uideatur.</strong></span> <span class='ocrx_word' id='word_1_182' title='bbox 445 2101 522 2170; x_wconf 86' lang='lat' dir='ltr'><strong>Quod</strong></span> <span class='ocrx_word' id='word_1_183' title='bbox 537 2105 560 2158; x_wconf 89' lang='lat' dir='ltr'><strong>si</strong></span> <span class='ocrx_word' id='word_1_184' title='bbox 575 2105 613 2159; x_wconf 91' lang='lat' dir='ltr'><strong>ita</strong></span> <span class='ocrx_word' id='word_1_185' title='bbox 627 2111 680 2173; x_wconf 85' lang='lat' dir='ltr'><strong>est,</strong></span> <span class='ocrx_word' id='word_1_186' title='bbox 702 2118 791 2177; x_wconf 89' lang='lat' dir='ltr'><strong>neque</strong></span> <span class='ocrx_word' id='word_1_187' title='bbox 805 2119 888 2177; x_wconf 91' lang='lat' dir='ltr'><strong>super</strong></span> <span class='ocrx_word' id='word_1_188' title='bbox 902 2105 956 2161; x_wconf 90' lang='lat' dir='ltr'><strong>boc</strong></span> <span class='ocrx_word' id='word_1_189' title='bbox 969 2103 1067 2178; x_wconf 78' lang='lat' dir='ltr'><strong>ambigi</strong></span> <span class='ocrx_word' id='word_1_190' title='bbox 1082 2113 1144 2179; x_wconf 86' lang='lat' dir='ltr'><strong>pct-</strong></span> 
     </span>
     <span class='ocr_line' id='line_1_24' title="bbox 189 2181 1145 2260; baseline 0.002 -16"><span class='ocrx_word' id='word_1_191' title='bbox 189 2190 255 2258; x_wconf 88' lang='lat' dir='ltr'><strong>erit‚</strong></span> <span class='ocrx_word' id='word_1_192' title='bbox 279 2189 428 2244; x_wconf 85' lang='lat' dir='ltr'><strong>amnicum</strong></span> <span class='ocrx_word' id='word_1_193' title='bbox 450 2194 525 2242; x_wconf 89' lang='lat' dir='ltr'><strong>metu</strong></span> <span class='ocrx_word' id='word_1_194' title='bbox 540 2203 572 2243; x_wconf 91' lang='lat' dir='ltr'><strong>ac</strong></span> <span class='ocrx_word' id='word_1_195' title='bbox 593 2188 758 2260; x_wconf 82' lang='lat' dir='ltr'><strong>suspicione,</strong></span> <span class='ocrx_word' id='word_1_196' title='bbox 780 2181 882 2260; x_wconf 76' lang='lat' dir='ltr'><strong>’quam⁹</strong></span> <span class='ocrx_word' id='word_1_197' title='bbox 905 2203 938 2244; x_wconf 83' lang='lat' dir='ltr'><strong>er</strong></span> <span class='ocrx_word' id='word_1_198' title='bbox 958 2187 1088 2245; x_wconf 85' lang='lat' dir='ltr'><strong>admissae</strong></span> <span class='ocrx_word' id='word_1_199' title='bbox 1103 2190 1145 2246; x_wconf 88' lang='lat' dir='ltr'><strong>rei</strong></span> 
     </span>
     <span class='ocr_line' id='line_1_25' title="bbox 189 2269 1143 2344; baseline 0.001 -17"><span class='ocrx_word' id='word_1_200' title='bbox 189 2272 341 2328; x_wconf 85' lang='lat' dir='ltr'><strong>discrimine</strong></span> <span class='ocrx_word' id='word_1_201' title='bbox 363 2271 494 2340; x_wconf 88' lang='lat' dir='ltr'><strong>sustinet,</strong></span> <span class='ocrx_word' id='word_1_202' title='bbox 520 2269 669 2327; x_wconf 89' lang='lat' dir='ltr'><strong>secundum</strong></span> <span class='ocrx_word' id='word_1_203' title='bbox 690 2269 732 2342; x_wconf 89' lang='lat' dir='ltr'><strong>id,</strong></span> <span class='ocrx_word' id='word_1_204' title='bbox 759 2270 832 2344; x_wconf 90' lang='lat' dir='ltr'><strong>quod</strong></span> <span class='ocrx_word' id='word_1_205' title='bbox 854 2270 1028 2328; x_wconf 83' lang='lat' dir='ltr'><strong>adnotatione</strong></span> <span class='ocrx_word' id='word_1_206' title='bbox 1048 2281 1143 2328; x_wconf 91' lang='lat' dir='ltr'><strong>nostra</strong></span> 
     </span>
     <span class='ocr_line' id='line_1_26' title="bbox 189 2353 1141 2431; baseline 0.003 -21"><span class='ocrx_word' id='word_1_207' title='bbox 189 2355 418 2428; x_wconf 85' lang='lat' dir='ltr'><strong>comprehensum</strong></span> <span class='ocrx_word' id='word_1_208' title='bbox 429 2360 482 2423; x_wconf 84' lang='lat' dir='ltr'><strong>est,</strong></span> <span class='ocrx_word' id='word_1_209' title='bbox 499 2354 624 2410; x_wconf 91' lang='lat' dir='ltr'><strong>uolumus</strong></span> <span class='ocrx_word' id='word_1_210' title='bbox 640 2353 757 2411; x_wconf 87' lang='lat' dir='ltr'><strong>liberari.</strong></span> <span class='ocrx_word' id='word_1_211' title='bbox 795 2356 852 2411; x_wconf 84' lang='lat' dir='ltr'><strong>liat.</strong></span> <span class='ocrx_word' id='word_1_212' title='bbox 867 2354 936 2428; x_wconf 86' lang='lat' dir='ltr'><strong>prid.</strong></span> <span class='ocrx_word' id='word_1_213' title='bbox 949 2354 1006 2413; x_wconf 87' lang='lat' dir='ltr'><strong>llal.</strong></span> <span class='ocrx_word' id='word_1_214' title='bbox 1018 2354 1141 2431; x_wconf 69' lang='lat' dir='ltr'><strong>lleccmb²</strong></span> 
     </span>
     <span class='ocr_line' id='line_1_27' title="bbox 188 2431 836 2510; baseline 0.002 -17"><span class='ocrx_word' id='word_1_215' title='bbox 188 2437 355 2495; x_wconf 83' lang='lat' dir='ltr'><strong>Diocletiano</strong></span> <span class='ocrx_word' id='word_1_216' title='bbox 370 2438 440 2510; x_wconf 77' lang='lat' dir='ltr'><strong>bug.</strong></span> <span class='ocrx_word' id='word_1_217' title='bbox 457 2437 498 2493; x_wconf 91' lang='lat' dir='ltr'><strong>lV.</strong></span> <span class='ocrx_word' id='word_1_218' title='bbox 515 2445 542 2493; x_wconf 88' lang='lat' dir='ltr'><strong>et</strong></span> <span class='ocrx_word' id='word_1_219' title='bbox 556 2437 714 2495; x_wconf 83' lang='lat' dir='ltr'><strong>blaximiano</strong></span> <span class='ocrx_word' id='word_1_220' title='bbox 729 2431 836 2495; x_wconf 84' lang='lat' dir='ltr'><strong>Coss.¹⁰</strong></span> 
     </span>
    </p>

    <p class='ocr_par' dir='ltr' id='par_1_5' title="bbox 187 2517 1219 2930">
     <span class='ocr_line' id='line_1_28' title="bbox 252 2517 1142 2597; baseline 0.006 -22"><span class='ocrx_word' id='word_1_221' title='bbox 252 2521 316 2594; x_wconf 86' lang='lat' dir='ltr'><strong>Kap.</strong></span> <span class='ocrx_word' id='word_1_222' title='bbox 339 2519 371 2576; x_wconf 89' lang='lat' dir='ltr'><strong>lll</strong></span> <span class='ocrx_word' id='word_1_223' title='bbox 407 2519 573 2593; x_wconf 86' lang='lat' dir='ltr'><strong>Ulpianus</strong></span> <span class='ocrx_word' id='word_1_224' title='bbox 596 2519 687 2577; x_wconf 89' lang='lat' dir='ltr'><strong>libro</strong></span> <span class='ocrx_word' id='word_1_225' title='bbox 709 2532 743 2577; x_wconf 87' lang='lat' dir='ltr'><strong>et</strong></span> <span class='ocrx_word' id='word_1_226' title='bbox 768 2522 876 2579; x_wconf 91' lang='lat' dir='ltr'><strong>titulo</strong></span> <span class='ocrx_word' id='word_1_227' title='bbox 898 2539 964 2595; x_wconf 90' lang='lat' dir='ltr'><strong>quo</strong></span> <span class='ocrx_word' id='word_1_228' title='bbox 986 2517 1142 2597; x_wconf 77' lang='lat' dir='ltr'><strong>snpraa¹¹</strong></span> 
     </span>
     <span class='ocr_line' id='line_1_29' title="bbox 188 2602 1219 2681; baseline 0.006 -19"><span class='ocrx_word' id='word_1_229' title='bbox 188 2602 214 2664; x_wconf 89' lang='lat'><strong>1.</strong></span> <span class='ocrx_word' id='word_1_230' title='bbox 242 2603 307 2660; x_wconf 89' lang='lat' dir='ltr'><strong>Cum</strong></span> <span class='ocrx_word' id='word_1_231' title='bbox 337 2603 443 2677; x_wconf 90' lang='lat' dir='ltr'><strong>quidam</strong></span> <span class='ocrx_word' id='word_1_232' title='bbox 470 2619 519 2677; x_wconf 90' lang='lat' dir='ltr'><strong>per</strong></span> <span class='ocrx_word' id='word_1_233' title='bbox 546 2604 681 2660; x_wconf 90' lang='lat' dir='ltr'><strong>lasciuiam</strong></span> <span class='ocrx_word' id='word_1_234' title='bbox 708 2620 813 2662; x_wconf 89' lang='lat' dir='ltr'><strong>causam</strong></span> <span class='ocrx_word' id='word_1_235' title='bbox 840 2609 935 2663; x_wconf 87' lang='lat' dir='ltr'><strong>mortis</strong></span> <span class='ocrx_word' id='word_1_236' title='bbox 963 2606 1142 2681; x_wconf 85' lang='lat' dir='ltr'><strong>praebuisset,</strong></span> <span class='ocrx_word' id='word_1_237' title='bbox 1154 2628 1219 2677; x_wconf 80' lang='lat' dir='ltr'><strong>[ssa]</strong></span> 
     </span>
     <span class='ocr_line' id='line_1_30' title="bbox 189 2685 1142 2763; baseline 0.003 -18"><span class='ocrx_word' id='word_1_238' title='bbox 189 2685 391 2760; x_wconf 88' lang='lat' dir='ltr'><strong>comprobatum</strong></span> <span class='ocrx_word' id='word_1_239' title='bbox 414 2695 456 2742; x_wconf 88' lang='lat' dir='ltr'><strong>est</strong></span> <span class='ocrx_word' id='word_1_240' title='bbox 477 2687 577 2744; x_wconf 88' lang='lat' dir='ltr'><strong>iactum</strong></span> <span class='ocrx_word' id='word_1_241' title='bbox 590 2687 697 2743; x_wconf 79' lang='lat' dir='ltr'><strong>Taurini</strong></span> <span class='ocrx_word' id='word_1_242' title='bbox 712 2688 817 2762; x_wconf 75' lang='lat' dir='ltr'><strong>Egnatii</strong></span> <span class='ocrx_word' id='word_1_243' title='bbox 834 2690 1007 2763; x_wconf 84' lang='lat' dir='ltr'><strong>proconsulis</strong></span> <span class='ocrx_word' id='word_1_244' title='bbox 1020 2691 1142 2749; x_wconf 86' lang='lat' dir='ltr'><strong>baeticae</strong></span> 
     </span>
     <span class='ocr_line' id='line_1_31' title="bbox 188 2769 1140 2848; baseline 0.006 -23"><span class='ocrx_word' id='word_1_245' title='bbox 188 2787 202 2826; x_wconf 93' lang='lat' dir='ltr'><strong>a</strong></span> <span class='ocrx_word' id='word_1_246' title='bbox 229 2770 294 2826; x_wconf 92' lang='lat' dir='ltr'><strong>diuo</strong></span> <span class='ocrx_word' id='word_1_247' title='bbox 320 2769 467 2841; x_wconf 85' lang='lat' dir='ltr'><strong>Hadriano,</strong></span> <span class='ocrx_word' id='word_1_248' title='bbox 497 2769 569 2845; x_wconf 87' lang='lat' dir='ltr'><strong>quod</strong></span> <span class='ocrx_word' id='word_1_249' title='bbox 598 2786 660 2828; x_wconf 87' lang='lat' dir='ltr'><strong>cum</strong></span> <span class='ocrx_word' id='word_1_250' title='bbox 686 2773 714 2828; x_wconf 90' lang='lat' dir='ltr'><strong>io</strong></span> <span class='ocrx_word' id='word_1_251' title='bbox 742 2775 954 2847; x_wconf 83' lang='lat' dir='ltr'><strong>quinquennium</strong></span> <span class='ocrx_word' id='word_1_252' title='bbox 982 2773 1140 2848; x_wconf 75' lang='lat' dir='ltr'><strong>relegasset.</strong></span> 
     </span>
     <span class='ocr_line' id='line_1_32' title="bbox 187 2851 1143 2930; baseline 0.001 -17"><span class='ocrx_word' id='word_1_253' title='bbox 187 2851 217 2913; x_wconf 80' lang='lat'><strong>2.</strong></span> <span class='ocrx_word' id='word_1_254' title='bbox 246 2852 331 2910; x_wconf 89' lang='lat' dir='ltr'><strong>Verba</strong></span> <span class='ocrx_word' id='word_1_255' title='bbox 358 2853 563 2911; x_wconf 87' lang='lat' dir='ltr'><strong>consultationis</strong></span> <span class='ocrx_word' id='word_1_256' title='bbox 592 2863 620 2912; x_wconf 89' lang='lat' dir='ltr'><strong>et</strong></span> <span class='ocrx_word' id='word_1_257' title='bbox 647 2857 773 2930; x_wconf 84' lang='lat' dir='ltr'><strong>rescripti</strong></span> <span class='ocrx_word' id='word_1_258' title='bbox 799 2857 836 2913; x_wconf 88' lang='lat' dir='ltr'><strong>ita</strong></span> <span class='ocrx_word' id='word_1_259' title='bbox 862 2874 893 2914; x_wconf 88' lang='lat' dir='ltr'><strong>so</strong></span> <span class='ocrx_word' id='word_1_260' title='bbox 914 2857 1030 2915; x_wconf 86' lang='lat' dir='ltr'><strong>babent:</strong></span> <span class='ocrx_word' id='word_1_261' title='bbox 1053 2858 1143 2916; x_wconf 86' lang='lat' dir='ltr'><strong>‘luter</strong></span> 
     </span>
    </p>
   </div>
   <div class='ocr_carea' id='block_1_3' title="bbox 186 3059 1143 3617">
    <p class='ocr_par' dir='ltr' id='par_1_6' title="bbox 186 3059 1143 3617">
     <span class='ocr_line' id='line_1_33' title="bbox 186 3059 1140 3128; baseline 0.004 -18"><span class='ocrx_word' id='word_1_262' title='bbox 186 3060 289 3111; x_wconf 82' lang='lat' dir='ltr'><strong>Hoenel</strong></span> <span class='ocrx_word' id='word_1_263' title='bbox 307 3061 343 3111; x_wconf 85' lang='lat' dir='ltr'><strong>ad</strong></span> <span class='ocrx_word' id='word_1_264' title='bbox 362 3059 406 3113; x_wconf 79' lang='lat' dir='ltr'><strong>Gr.</strong></span> <span class='ocrx_word' id='word_1_265' title='bbox 428 3059 454 3110; x_wconf 83' lang='grc'><strong>0.</strong></span> <span class='ocrx_word' id='word_1_266' title='bbox 469 3075 498 3124; x_wconf 81' lang='lat' dir='ltr'><strong>p.</strong></span> <span class='ocrx_word' id='word_1_267' title='bbox 515 3071 550 3112; x_wconf 75' lang='lat' dir='ltr'><strong>so.</strong></span> <span class='ocrx_word' id='word_1_268' title='bbox 578 3059 609 3110; x_wconf 89' lang='lat' dir='ltr'><strong>B.</strong></span> <span class='ocrx_word' id='word_1_269' title='bbox 629 3062 657 3110; x_wconf 85' lang='lat' dir='ltr'><strong>in</strong></span> <span class='ocrx_word' id='word_1_270' title='bbox 676 3061 763 3110; x_wconf 83' lang='lat' dir='ltr'><strong>indice</strong></span> <span class='ocrx_word' id='word_1_271' title='bbox 780 3076 855 3125; x_wconf 84' lang='lat' dir='ltr'><strong>capp.</strong></span> <span class='ocrx_word' id='word_1_272' title='bbox 873 3059 963 3111; x_wconf 77' lang='lat' dir='ltr'><strong>babet:</strong></span> <span class='ocrx_word' id='word_1_273' title='bbox 985 3061 1058 3112; x_wconf 89' lang='lat' dir='ltr'><strong>libros</strong></span> <span class='ocrx_word' id='word_1_274' title='bbox 1077 3063 1140 3128; x_wconf 75' lang='lat' dir='ltr'><strong>(nco</strong></span> 
     </span>
     <span class='ocr_line' id='line_1_34' title="bbox 187 3128 1141 3199; baseline 0.002 -19"><span class='ocrx_word' id='word_1_275' title='bbox 187 3131 247 3181; x_wconf 88' lang='lat' dir='ltr'><strong>libro</strong></span> <span class='ocrx_word' id='word_1_276' title='bbox 263 3129 300 3197; x_wconf 87' lang='lat' dir='ltr'><strong>x.)</strong></span> <span class='ocrx_word' id='word_1_277' title='bbox 315 3138 407 3196; x_wconf 83' lang='lat' dir='ltr'><strong>quarto.</strong></span> <span class='ocrx_word' id='word_1_278' title='bbox 483 3128 503 3197; x_wconf 84' lang='lat'><strong>¹)</strong></span> <span class='ocrx_word' id='word_1_279' title='bbox 518 3151 551 3173; x_wconf 87' lang='lat'><em>=</em></span> <span class='ocrx_word' id='word_1_280' title='bbox 566 3131 598 3180; x_wconf 88' lang='lat' dir='ltr'><strong>L.</strong></span> <span class='ocrx_word' id='word_1_281' title='bbox 614 3144 634 3182; x_wconf 90' lang='lat'><strong>1.</strong></span> <span class='ocrx_word' id='word_1_282' title='bbox 660 3130 686 3181; x_wconf 82' lang='grc'><strong>0.</strong></span> <span class='ocrx_word' id='word_1_283' title='bbox 705 3130 742 3181; x_wconf 84' lang='lat' dir='ltr'><strong>od</strong></span> <span class='ocrx_word' id='word_1_284' title='bbox 758 3133 807 3195; x_wconf 77' lang='lat' dir='ltr'><strong>lep.</strong></span> <span class='ocrx_word' id='word_1_285' title='bbox 828 3131 904 3181; x_wconf 84' lang='lat' dir='ltr'><strong>Corn.</strong></span> <span class='ocrx_word' id='word_1_286' title='bbox 922 3131 955 3180; x_wconf 84' lang='lat' dir='ltr'><strong>de</strong></span> <span class='ocrx_word' id='word_1_287' title='bbox 972 3134 1019 3182; x_wconf 84' lang='lat' dir='ltr'><strong>cic.</strong></span> <span class='ocrx_word' id='word_1_288' title='bbox 1039 3131 1077 3199; x_wconf 78' lang='lat' dir='ltr'><strong>(a,</strong></span> <span class='ocrx_word' id='word_1_289' title='bbox 1096 3131 1141 3197; x_wconf 84' lang='lat' dir='ltr'><strong>it).</strong></span> 
     </span>
     <span class='ocr_line' id='line_1_35' title="bbox 188 3198 1142 3265; baseline 0.002 -15"><span class='ocrx_word' id='word_1_290' title='bbox 188 3198 304 3265; x_wconf 65' lang='lat' dir='ltr'><strong>&#39;inferet</strong></span> <span class='ocrx_word' id='word_1_291' title='bbox 322 3201 353 3250; x_wconf 90' lang='lat' dir='ltr'><strong>B.</strong></span> <span class='ocrx_word' id='word_1_292' title='bbox 375 3202 495 3251; x_wconf 83' lang='lat' dir='ltr'><strong>similiter</strong></span> <span class='ocrx_word' id='word_1_293' title='bbox 519 3201 563 3252; x_wconf 81' lang='lat' dir='ltr'><strong>Vc.</strong></span> <span class='ocrx_word' id='word_1_294' title='bbox 589 3201 630 3250; x_wconf 82' lang='lat' dir='ltr'><strong>Vi.</strong></span> <span class='ocrx_word' id='word_1_295' title='bbox 650 3207 675 3250; x_wconf 84' lang='lat' dir='ltr'><strong>et</strong></span> <span class='ocrx_word' id='word_1_296' title='bbox 692 3200 757 3253; x_wconf 82' lang='lat' dir='ltr'><strong>Ioci.</strong></span> <span class='ocrx_word' id='word_1_297' title='bbox 777 3200 803 3250; x_wconf 82' lang='lat'><strong>0.</strong></span> <span class='ocrx_word' id='word_1_298' title='bbox 830 3200 884 3251; x_wconf 83' lang='lat' dir='ltr'><strong>Sed</strong></span> <span class='ocrx_word' id='word_1_299' title='bbox 900 3203 938 3251; x_wconf 82' lang='lat' dir='ltr'><strong>ito</strong></span> <span class='ocrx_word' id='word_1_300' title='bbox 953 3202 1066 3265; x_wconf 81' lang='lat' dir='ltr'><strong>foetum,</strong></span> <span class='ocrx_word' id='word_1_301' title='bbox 1085 3217 1142 3253; x_wconf 86' lang='lat' dir='ltr'><strong>cnm</strong></span> 
     </span>
     <span class='ocr_line' id='line_1_36' title="bbox 187 3268 1141 3338; baseline 0 -16"><span class='ocrx_word' id='word_1_302' title='bbox 187 3279 263 3322; x_wconf 85' lang='lat' dir='ltr'><strong>anteo</strong></span> <span class='ocrx_word' id='word_1_303' title='bbox 277 3272 318 3336; x_wconf 91' lang='lat' dir='ltr'><strong>qui</strong></span> <span class='ocrx_word' id='word_1_304' title='bbox 332 3272 353 3320; x_wconf 90' lang='lat' dir='ltr'><strong>si</strong></span> <span class='ocrx_word' id='word_1_305' title='bbox 367 3272 504 3334; x_wconf 86' lang='lat' dir='ltr'><strong>probauerit</strong></span> <span class='ocrx_word' id='word_1_306' title='bbox 516 3273 641 3334; x_wconf 81' lang='lat' dir='ltr'><strong>seriptum</strong></span> <span class='ocrx_word' id='word_1_307' title='bbox 654 3278 728 3321; x_wconf 81' lang='lat' dir='ltr'><strong>esset.</strong></span> <span class='ocrx_word' id='word_1_308' title='bbox 793 3268 853 3337; x_wconf 77' lang='lat' dir='ltr'><strong>⁸)a.</strong></span> <span class='ocrx_word' id='word_1_309' title='bbox 867 3283 915 3323; x_wconf 75' lang='lat' dir='ltr'><strong>nit.</strong></span> <span class='ocrx_word' id='word_1_310' title='bbox 981 3269 1004 3338; x_wconf 84' lang='lat'><strong>⁴)</strong></span> <span class='ocrx_word' id='word_1_311' title='bbox 1019 3273 1057 3336; x_wconf 73' lang='lat' dir='ltr'><strong>Os.</strong></span> <span class='ocrx_word' id='word_1_312' title='bbox 1072 3273 1105 3325; x_wconf 86' lang='lat' dir='ltr'><strong>L.</strong></span> <span class='ocrx_word' id='word_1_313' title='bbox 1120 3285 1141 3324; x_wconf 86' lang='lat'><strong>1.</strong></span> 
     </span>
     <span class='ocr_line' id='line_1_37' title="bbox 189 3337 1141 3408; baseline 0.002 -18"><span class='ocrx_word' id='word_1_314' title='bbox 189 3341 214 3390; x_wconf 77' lang='lat'><strong>0.</strong></span> <span class='ocrx_word' id='word_1_315' title='bbox 230 3343 273 3391; x_wconf 85' lang='lat' dir='ltr'><strong>cit.</strong></span> <span class='ocrx_word' id='word_1_316' title='bbox 333 3339 355 3407; x_wconf 68' lang='grc' dir='ltr'><strong>ὅ)</strong></span> <span class='ocrx_word' id='word_1_317' title='bbox 370 3356 394 3390; x_wconf 89' lang='lat' dir='ltr'><strong>o.</strong></span> <span class='ocrx_word' id='word_1_318' title='bbox 409 3353 456 3392; x_wconf 77' lang='lat' dir='ltr'><strong>aaa.</strong></span> <span class='ocrx_word' id='word_1_319' title='bbox 521 3337 543 3406; x_wconf 77' lang='lat'><strong>⁶)</strong></span> <span class='ocrx_word' id='word_1_320' title='bbox 557 3362 591 3383; x_wconf 86' lang='lat'><em>=</em></span> <span class='ocrx_word' id='word_1_321' title='bbox 606 3341 639 3392; x_wconf 76' lang='lat'><strong>1..</strong></span> <span class='ocrx_word' id='word_1_322' title='bbox 654 3351 674 3392; x_wconf 79' lang='lat' dir='ltr'><strong>s.</strong></span> <span class='ocrx_word' id='word_1_323' title='bbox 696 3339 833 3406; x_wconf 75' lang='lat' dir='ltr'><strong>0.aotep.</strong></span> <span class='ocrx_word' id='word_1_324' title='bbox 850 3341 1141 3408; x_wconf 74' lang='lat' dir='ltr'><strong>eorn.oeatc.(s,1s).</strong></span> 
     </span>
     <span class='ocr_line' id='line_1_38' title="bbox 188 3408 1140 3477; baseline 0.002 -18"><span class='ocrx_word' id='word_1_325' title='bbox 188 3408 209 3476; x_wconf 68' lang='lat'><strong>²)</strong></span> <span class='ocrx_word' id='word_1_326' title='bbox 226 3410 264 3473; x_wconf 81' lang='lat' dir='ltr'><strong>Of.</strong></span> <span class='ocrx_word' id='word_1_327' title='bbox 279 3410 388 3460; x_wconf 83' lang='lat' dir='ltr'><strong>Haenet.</strong></span> <span class='ocrx_word' id='word_1_328' title='bbox 404 3410 495 3474; x_wconf 79' lang='lat' dir='ltr'><strong>Proef.</strong></span> <span class='ocrx_word' id='word_1_329' title='bbox 510 3410 546 3459; x_wconf 84' lang='lat' dir='ltr'><strong>od</strong></span> <span class='ocrx_word' id='word_1_330' title='bbox 562 3409 607 3459; x_wconf 75' lang='lat' dir='ltr'><strong>rt.</strong></span> <span class='ocrx_word' id='word_1_331' title='bbox 624 3409 650 3460; x_wconf 83' lang='lat'><strong>0.</strong></span> <span class='ocrx_word' id='word_1_332' title='bbox 665 3426 694 3473; x_wconf 83' lang='lat' dir='ltr'><strong>p.</strong></span> <span class='ocrx_word' id='word_1_333' title='bbox 714 3410 853 3461; x_wconf 84' lang='lat' dir='ltr'><strong>XXXIX.</strong></span> <span class='ocrx_word' id='word_1_334' title='bbox 864 3413 910 3475; x_wconf 76' lang='lat' dir='ltr'><strong>fin.</strong></span> <span class='ocrx_word' id='word_1_335' title='bbox 974 3409 1057 3477; x_wconf 68' lang='lat' dir='ltr'><strong>⁸)ssae</strong></span> <span class='ocrx_word' id='word_1_336' title='bbox 1075 3411 1097 3460; x_wconf 89' lang='lat' dir='ltr'><strong>I.</strong></span> <span class='ocrx_word' id='word_1_337' title='bbox 1114 3412 1140 3461; x_wconf 82' lang='lat'><strong>0.</strong></span> 
     </span>
     <span class='ocr_line' id='line_1_39' title="bbox 186 3477 1143 3547; baseline 0.002 -19"><span class='ocrx_word' id='word_1_338' title='bbox 186 3480 250 3542; x_wconf 87' lang='lat' dir='ltr'><strong>quod</strong></span> <span class='ocrx_word' id='word_1_339' title='bbox 266 3480 328 3529; x_wconf 79' lang='lat' dir='ltr'><strong>odd.</strong></span> <span class='ocrx_word' id='word_1_340' title='bbox 343 3481 400 3529; x_wconf 88' lang='lat' dir='ltr'><strong>edd.</strong></span> <span class='ocrx_word' id='word_1_341' title='bbox 447 3478 603 3545; x_wconf 69' lang='lat' dir='ltr'><strong>⁹)1cxt0.</strong></span> <span class='ocrx_word' id='word_1_342' title='bbox 619 3480 825 3544; x_wconf 82' lang='lat' dir='ltr'><strong>qnoded.edd.</strong></span> <span class='ocrx_word' id='word_1_343' title='bbox 874 3477 907 3547; x_wconf 84' lang='lat'><strong>¹⁰)</strong></span> <span class='ocrx_word' id='word_1_344' title='bbox 917 3495 942 3530; x_wconf 83' lang='lat' dir='ltr'><strong>a.</strong></span> <span class='ocrx_word' id='word_1_345' title='bbox 952 3491 999 3532; x_wconf 74' lang='lat' dir='ltr'><strong>tto.</strong></span> <span class='ocrx_word' id='word_1_346' title='bbox 1049 3478 1082 3547; x_wconf 87' lang='lat'><strong>¹¹)</strong></span> <span class='ocrx_word' id='word_1_347' title='bbox 1092 3481 1143 3530; x_wconf 81' lang='lat' dir='ltr'><strong>Est</strong></span> 
     </span>
     <span class='ocr_line' id='line_1_40' title="bbox 187 3548 963 3617; baseline 0.013 -22"><span class='ocrx_word' id='word_1_348' title='bbox 187 3548 217 3595; x_wconf 83' lang='lat' dir='ltr'><strong>L.</strong></span> <span class='ocrx_word' id='word_1_349' title='bbox 233 3560 253 3598; x_wconf 75' lang='lat' dir='ltr'><strong>s.</strong></span> <span class='ocrx_word' id='word_1_350' title='bbox 269 3550 292 3610; x_wconf 64' lang='grc' dir='ltr'><strong>ἕ.</strong></span> <span class='ocrx_word' id='word_1_351' title='bbox 308 3561 328 3599; x_wconf 90' lang='lat'><strong>1.</strong></span> <span class='ocrx_word' id='word_1_352' title='bbox 347 3549 380 3597; x_wconf 81' lang='grc' dir='ltr'><strong>Ι).</strong></span> <span class='ocrx_word' id='word_1_353' title='bbox 395 3551 493 3616; x_wconf 70' lang='lat' dir='ltr'><strong>adlcp.</strong></span> <span class='ocrx_word' id='word_1_354' title='bbox 509 3550 692 3600; x_wconf 78' lang='lat' dir='ltr'><strong>Cormdecie.</strong></span> <span class='ocrx_word' id='word_1_355' title='bbox 708 3549 799 3617; x_wconf 68' lang='lat' dir='ltr'><strong>(tna).</strong></span> <span class='ocrx_word' id='word_1_356' title='bbox 959 3587 963 3594; x_wconf 49' lang='grc' dir='ltr'><em>ι</em></span> 
     </span>
    </p>
   </div>
   <div class='ocr_carea' id='block_1_4' title="bbox 0 0 1276 3909">
    <p class='ocr_par' dir='ltr' id='par_1_7' title="bbox 0 0 1276 3909">
     <span class='ocr_line' id='line_1_41' title="bbox 0 0 1276 3909; baseline 0 1"><span class='ocrx_word' id='word_1_357' title='bbox 0 0 1276 3909; x_wconf 95' lang='lat' dir='ltr'><strong> </strong></span> 
     </span>
    </p>
   </div>
  </div>
 </body>
</html>
