2542 3909
110 256 115 266 ι
195 183 259 248 206
485 197 547 234 asu
566 200 667 234 1usr1r.
686 180 708 238 Ι.
728 185 870 237 133-134.

141 341 182 390 36.
198 337 264 398 138.
278 334 467 397 ¹,idmonendi
477 348 574 397 uatem
586 357 696 412 samus,
707 341 829 397 liberum
841 340 1105 412 arbitriumesseei‚
1116 342 1169 414 eui

135 409 151 446 ²·
165 415 184 442 ¹·
195 427 286 497 filiam
301 432 328 480 et
343 439 383 479 ex
398 440 431 482 eo
447 433 577 498 nepotem
594 429 623 482 in
634 432 782 498 potestate
795 426 921 496 habaid,
940 427 1032 497 fitium
1052 428 1165 498 quidem
1180 436 1242 490 [133]

193 515 338 579 potestate
359 509 515 576 dimittere,
531 519 664 583 nepotem
678 526 750 567 uero
761 513 790 565 in
798 517 946 582 potestate
960 513 1103 566 retinere.-
1119 513 1166 566 uei

196 608 234 648 ea
249 595 365 650 diuerso
379 595 470 666 filium
481 598 593 668 quidem
605 601 634 652 in
641 601 786 668 potestate
799 599 936 666 retinere,
952 601 1083 666 nepotem
1094 610 1166 652 aero

194 681 409 751 manumittere,
433 683 480 736 uel
502 697 600 737 omnes
622 682 670 738 sui
689 683 763 736 iuris
785 679 919 752 efficere.
957 682 1058 736 eadem
1081 687 1109 736 et
1131 682 1167 738 de

189 771 353 835 pronepote
367 765 444 821 dicta
461 780 523 822 esse
538 768 746 839 inteilepemus.

258 844 323 906 1³4.
342 843 518 906 ²Praeterea
533 859 676 922 parentes
698 852 784 906 etiam
805 851 913 906 liberos
932 852 962 905 in
984 851 1166 921 adoptionem

193 935 279 990 datos
293 937 322 989 in
332 939 480 1005 potestate
494 936 604 993 dobere
618 937 761 992 desinunt.
792 939 821 990 et
834 938 865 990 in
878 936 939 1006 filio
955 936 1079 1007 quidem,
1094 937 1122 989 si
1134 937 1165 991 in

142 1029 184 1078 37.
195 1021 376 1092 adoptionem
388 1021 488 1091 datur,
505 1026 566 1077 tres
577 1022 807 1092 mancipationes
823 1014 827 1096 )
843 1027 873 1075 et
883 1017 954 1076 duae
964 1018 1165 1075 intercedentes

194 1105 420 1160 manumissiones
431 1104 545 1177 proinde
557 1103 638 1176 irunt,
653 1121 685 1163 ac
696 1102 753 1159 ficri
765 1103 868 1174 solent,
883 1120 945 1159 cum
959 1104 995 1158 ita
1010 1120 1072 1158 cum
1086 1111 1165 1176 pater

194 1188 227 1244 de
248 1196 385 1261 potestate
401 1188 523 1259 dimittit,
546 1199 577 1246 ut
591 1191 633 1246 sui
650 1190 717 1245 iuris
733 1186 877 1247 eificiatur.
907 1187 1005 1244 deinde
1028 1196 1074 1243 aut
1093 1189 1165 1261 patri

194 1272 1164 1348 mmmfflmmmwmmMQOfflwmmmwmm

194 1354 278 1412 filium
302 1373 474 1425 sunmerso,
498 1367 525 1413 et
548 1358 595 1413 iilo
612 1369 706 1418 contra
722 1374 778 1414 non
797 1358 955 1414 uindicants
977 1351 1015 1412 'a³
1036 1364 1164 1430 praetore

193 1439 343 1498 uindicanti
358 1438 430 1497 iilius
445 1440 589 1513 addicitur,
606 1452 652 1500 aut
668 1444 733 1498 ’non
754 1435 968 1516 remancipatur⁴
982 1445 1065 1516 patri,
1081 1443 1143 1498 'sed
1157 1445 1161 1507 1

193 1526 230 1582 311
246 1542 280 1582 33
296 1526 420 1582 uindicat
441 1527 465 1580 is
488 1528 534 1600 qui
558 1527 688 1600 adoptat,
704 1529 786 1599 apud
799 1543 880 1601 quem
899 1531 929 1583 in
949 1522 1051 1584 tertia⁵
1065 1527 1164 1582 manai-

191 1612 303 1684 patione
325 1618 382 1666 est:
405 1619 447 1666 set
469 1627 535 1667 sanc
557 1612 726 1669 commodius
749 1618 792 1667 est
806 1613 877 1686 patri
894 1603 1098 1685 remancipari.⁰
1133 1611 1173 1666 iu'

193 1697 291 1751 ceteris
314 1711 380 1750 uero
404 1694 551 1752 liberorum
573 1699 715 1772 personis,
738 1713 787 1752 seu
808 1696 948 1754 masculini
968 1712 1017 1751 seu
1039 1695 1164 1751 seminini

193 1796 291 1853 sexus,
314 1797 366 1838 uua
388 1779 492 1838 seilicet
511 1783 672 1856 mancipatio
694 1779 811 1854 sufficit,
833 1793 862 1839 et
883 1789 929 1837 aut
944 1781 1164 1854 remancipantur

192 1866 300 1940 parenti
315 1872 363 1922 aut
378 1882 433 1922 uon
449 1867 679 1940 remancipantur.
718 1868 811 1923 eadem
827 1876 855 1923 ct
876 1869 904 1924 iu
925 1867 1073 1940 prouinciis
1089 1866 1165 1938 apud

192 2021 365 2083 remancipati
375 2021 478 2083 fuerint
492 2027 517 2069 et
531 2037 547 2070 a
563 2022 681 2070 natarali
695 2029 774 2084 putre
792 2023 950 2080 manumissi,
969 2021 1110 2070 succedere
1124 2019 1164 2067 eis

192 2093 323 2140 naturalis
333 2099 412 2154 pater
427 2106 477 2140 non
489 2100 582 2154 potest,
599 2094 652 2142 nisi
661 2093 828 2154 fiduciarius,
844 2109 860 2142 a
874 2107 924 2158 quo
934 2093 1085 2141 manumissi
1092 2098 1162 2139 sunt.

193 2162 257 2212 Nam
275 2165 299 2211 si
317 2165 520 2225 remancipatam
539 2179 595 2212 eum
613 2163 665 2212 sibi
683 2166 815 2214 naturalis
829 2171 909 2227 poter
928 2166 969 2213 uei
987 2179 1054 2213 auus
1073 2177 1162 2211 manu·

191 2235 298 2292 miserit,
314 2237 369 2297 ipse
383 2236 440 2282 eins
454 2236 482 2283 in
496 2235 642 2284 hereditate
654 2232 799 2284 succedit’.
830 2236 869 2299 Cf.
884 2238 908 2297 5.
923 2246 944 2286 6.
973 2234 996 2286 J.
1011 2234 1078 2298 quib.
1095 2234 1161 2282 mod.

192 2307 232 2353 ius
243 2311 299 2368 pot.
313 2307 386 2367 seim,
400 2305 469 2354 verb.
500 2303 545 2354 ‘Et
561 2313 623 2355 tunc
636 2322 672 2354 eu
688 2306 773 2357 edicto
792 2307 931 2357 Praetoris
945 2303 1005 2356 etc.’
1078 2301 1097 2368 ¹)
1113 2303 1163 2354 Est

193 2378 215 2438 ἓ.
231 2389 251 2428 t.
271 2375 293 2424 I.
309 2376 332 2424 it.
349 2383 365 2425 t.
386 2376 418 2424 L,
433 2386 467 2427 33.
487 2376 520 2425 Ι).
535 2377 567 2425 de
582 2378 669 2440 adopt.
685 2375 717 2442 (1,
730 2376 754 2443 t)
769 2395 785 2427 a
803 2378 894 2431 dison.
910 2385 980 2427 reete
994 2377 1018 2426 it.
1035 2379 1050 2426 1.
1062 2377 1162 2440 posita,

191 2462 343 2512 quamquam
357 2445 430 2496 Siad.
446 2447 512 2495 niitii
526 2463 614 2496 eoram
628 2451 772 2512 conspexit.
806 2450 876 2500 Mitti
895 2458 979 2498 tamen
993 2449 1162 2498 uerisimilius

191 2519 332 2572 3133313333,
349 2518 490 2580 1311133151
505 2520 532 2568 in
547 2518 690 2568 Iustiniani
708 2519 773 2570 Inst.
789 2522 895 2584 fidelius
914 2536 989 2585 quarn
1007 2521 1035 2569 in
1049 2519 1110 2584 Dip.
1126 2533 1162 2567 eoo

193 2587 259 2638 Gaio
270 2595 456 2652 transumptum
466 2603 535 2646 esse,·
550 2591 617 2639 unde
627 2607 662 2640 eor
673 2593 726 2640 illis
739 2595 851 2643 restitui.
877 2590 1013 2642 ‘Liberum
1022 2590 1163 2640 arbitrium

191 2665 229 2708 est
243 2655 279 2708 ei'
301 2659 340 2710 ed.
355 2658 404 2724 Bp.
435 2659 489 2710 Nec
503 2662 647 2726 quicquam,
661 2663 686 2712 si
696 2666 849 2713 sententium
857 2671 968 2728 spectas,
983 2664 1052 2712 inter
1061 2662 1126 2710 iaec
1136 2668 1164 2710 et

191 2745 230 2788 ea,
246 2745 312 2795 qnae
326 2737 377 2780 not.
393 2732 508 2782 anteced.
523 2734 951 2798 3193133αυί,13133113333313333.
1018 2729 1039 2798 2)
1052 2732 1162 2781 Initium

190 2801 239 2851 itoc
254 2802 415 2864 deperditum
429 2817 464 2851 eoo
481 2802 608 2854 Gdscdeni
624 2805 684 2868 fere
703 2807 866 2856 restitutione
884 2808 921 2857 od
935 2821 1036 2856 sensum
1056 2805 1161 2852 demon·

190 2873 326 2922 strandum
339 2875 464 2936 supplevi.
495 2874 568 2925 Ninit
581 2878 648 2926 enim
663 2878 815 2928 interdiana
832 2880 855 2939 ἕ.
871 2885 897 2928 et
909 2890 957 2930 133.
985 2876 1161 2933 intercidisse,

190 2959 225 2993 em
239 2946 279 3006 ἐξ.
295 2957 314 2996 t.
330 2955 351 2994 3.
375 2943 398 2992 Ι.
413 2945 480 3009 quid.
497 2948 562 2997 mod.
579 2950 597 2996 i.
608 2956 664 3012 pot.
678 2951 740 2998 soto.
757 2947 841 3015 (1,13)
856 2957 974 3013 apparet.
1036 2943 1057 3012 8)
1071 2946 1131 2996 1133
1147 2962 1162 2995 a

187 3016 327 3080 fupitiaam
342 3018 368 3064 in
381 3015 406 3065 0.
423 3018 491 3067 inter
501 3019 606 3069 uindicat
615 3020 712 3083 etapnd
722 3023 837 3084 positum
848 3021 899 3070 133
908 3019 1082 3070 morandum
1091 3025 1160 3068 erat.

190 3082 582 3153 4)11383113331113133331311
601 3086 655 3140 Vsu,
683 3092 735 3140 iure
755 3092 905 3155 mancipatur
921 3092 947 3141 0.
962 3092 1020 3141 edd.
1078 3086 1099 3153 5)
1114 3088 1161 3137 mu

194 3154 240 3206 V*t
253 3166 278 3208 et
287 3161 387 3222 partim
401 3175 436 3209 em
449 3159 582 3211 Scitanrlii
597 3164 629 3224 ci.
700 3160 722 3227 6)
737 3178 773 3212 33.
790 3163 823 3212 ab
837 3179 880 3221 eo,
895 3165 939 3212 cui
953 3165 981 3211 in
995 3161 1161 3224 adoptionem

189 3230 300 3280 daturus
314 3237 360 3290 est,
375 3247 407 3281 ne
421 3233 500 3282 uliam
510 3249 660 3296 personam,
675 3236 719 3283 cui
732 3237 903 3298 mancipetur,
918 3232 1041 3284 addidere
1055 3246 1161 3281 necesse

188 3301 231 3350 sit.
255 3300 372 3352 Scirtari.

260 3423 286 3496 ξ.
303 3430 362 3478 134.
379 3428 418 3490 Cf.
434 3429 544 3477 manime
561 3429 630 3478 Piin.
642 3441 758 3492 ep.8,18.
778 3433 800 3492 5.
811 3443 833 3480 t.
848 3437 990 3492 praeterea
1007 3428 1069 3478 Geli.
1085 3439 1107 3487 3,
1121 3441 1156 3480 13.

188 3495 257 3548 Suet.
276 3497 330 3548 Oet.
346 3511 380 3550 34.
403 3498 454 3547 Cic.
470 3500 502 3547 de
513 3501 559 3561 fin.
571 3511 591 3562 1,
603 3512 622 3551 t.
647 3500 753 3550 Tertuli.
763 3503 832 3564 apol.
843 3513 863 3552 3.
883 3501 915 3550 L.
927 3503 972 3549 uit.
990 3500 1158 3564 33313333.

190 3565 221 3631 (s,
230 3568 277 3634 13).
297 3571 320 3630 ς.
331 3581 352 3619 s.
373 3568 395 3618 I.
411 3576 428 3617 t.
440 3584 461 3618 c.
473 3568 559 3635 (1,12).
