2542 3909
482 260 517 293 DS
534 260 647 295 mnus
664 261 744 295 mxu
760 263 792 296 Π.
1071 256 1113 313 59

140 391 232 459 lonis,
248 403 324 461 quae
339 388 398 442 ein
413 385 526 456 luerint,
541 402 624 459 quom
638 389 764 458 moritur,
784 404 838 443 usu
850 390 955 462 ceperit
967 388 1115 462 plurimum

141 470 323 548 possidendo.
353 479 467 543 quarto,
487 472 543 543 qui,
558 472 583 525 si
596 487 677 525 nemo
690 472 744 542 sit,
764 473 812 545 qui
831 472 914 527 ullam
927 488 987 527 rem
999 474 1113 546 ceperit,

142 558 176 613 de
194 553 385 613 creditoribus
405 555 465 608 eius
484 553 630 626 plurimum
649 563 752 611 semet.
779 552 831 613 49·
851 565 970 612 extrema
989 556 1036 611 illa
1049 574 1113 630 per·

142 658 211 697 sona
224 646 281 709 est,
303 646 336 693 ut
349 639 384 707 is,
405 638 430 691 si
445 639 493 711 qui
507 640 543 707 ei,
563 639 611 711 qui
622 646 748 693 mortuns
764 641 813 711 sit,
832 642 974 713 pecuniam
988 639 1114 697 debuerit

143 724 302 796 neminique
317 738 377 777 eam
393 721 519 792 soluerit,
534 722 651 793 proinde
664 721 796 778 habeatur
809 726 887 796 quasi
900 740 959 779 eam
969 727 1113 798 pecuniam

141 809 257 882 ceperit.
289 805 346 860 XX.
363 804 437 861 llaec
451 821 503 860 nos
517 804 675 860 aScaeuola
688 805 844 862 didicimus:
858 824 915 863 non
924 810 965 862 ita
977 808 1113 882 descripta

142 891 259 947 suntab
273 891 405 962 antiquis.
436 904 497 943 nam
512 889 552 945 illi
567 889 676 961 quidem
695 890 739 945 iris
755 890 846 945 uerbis
861 890 1004 962 docebant,
1024 893 1113 949 tribus

144 975 233 1031 modis
247 975 335 1031 sacris
349 973 496 1043 adstringi:
519 972 681 1042 hereditate,
702 982 752 1029 aut
765 975 790 1028 si
803 976 932 1029 maiorem
945 985 1052 1047 partem
1065 993 1113 1049 pe

84 1062 88 1071 '
143 1061 240 1115 cuniae
259 1060 360 1131 capiat,
380 1064 438 1127 aut,
459 1059 483 1111 si
502 1060 589 1112 maim
602 1073 667 1130 pars
680 1059 813 1130 pecuniae
826 1056 917 1131 legata
931 1067 986 1129 est,
1005 1061 1031 1114 si
1048 1060 1114 1115 inde

142 1144 282 1217 quippiam
297 1141 408 1215 ceperit
438 1136 487 1199 50.
509 1142 556 1196 sed
575 1139 732 1214 pontificem
751 1157 908 1214 sequamur.
943 1142 1043 1197 uidetis
1061 1144 1113 1216 igi·

144 1237 190 1283 tur
210 1228 303 1282 omnia
322 1225 443 1298 pendere
457 1241 490 1279 ex
505 1242 560 1281 uno
582 1224 648 1294 illo,
668 1224 743 1297 quod
761 1224 905 1298 pontifices
920 1242 981 1283 cum
996 1228 1112 1299 pecunia

142 1327 224 1366 sacra
244 1311 376 1383 coniungi
397 1307 497 1364 uolunt
517 1309 659 1383 isdemque
680 1308 762 1364 lerias
776 1317 806 1365 et
819 1312 996 1367 caerimonias
1010 1311 1112 1367 adseri

145 1393 251 1449 beudas
270 1401 374 1465 putant
416 1401 499 1466 atque
520 1394 601 1449 etiam
623 1393 689 1447 dant
709 1394 764 1450 lnce
783 1393 941 1465 Scaeuolae,
962 1411 1047 1468 quom
1068 1404 1113 1451 est

143 1478 273 1552 partitio,
295 1486 332 1547 ut,
349 1479 372 1532 si
392 1479 422 1532 in
442 1484 606 1533 testamento
626 1477 745 1533 ddueta
763 1480 865 1552 scripta
883 1495 939 1534 non
954 1479 992 1533 sit
1004 1481 1112 1551 ipsique

142 1564 236 1618 minus
251 1563 381 1635 ceperint,
405 1577 485 1634 quam
508 1560 632 1617 omnibus
653 1560 800 1617 heredibus
821 1562 1006 1636 relinquatur,
1028 1563 1112 1618 sacris

142 1664 180 1703 ne
194 1646 355 1719 alligentur.
383 1647 412 1699 in
426 1644 574 1700 donatione
589 1645 643 1700 hoc
655 1645 728 1702 idem
741 1662 822 1701 aecus
836 1647 1067 1720 interpretantur,
1082 1655 1111 1704 et

142 1730 218 1805 quod
239 1739 319 1803 pater
332 1728 444 1783 familias
462 1731 492 1784 in
511 1730 571 1784 eius
590 1729 749 1799 donatione,
770 1732 819 1803 qui
830 1732 860 1785 in
873 1733 960 1804 ipsius
973 1740 1112 1806 potestate

142 1824 197 1887 est,
212 1812 386 1887 adprobauit,
400 1820 489 1868 ratum
504 1821 556 1884 est,
571 1813 648 1886 quod
662 1829 696 1868 eo
709 1814 842 1869 maciente
854 1815 957 1871 iactum
971 1824 1025 1886 est,
1045 1818 1071 1871 si
1083 1817 1112 1871 id

141 1901 165 1955 is
187 1915 245 1955 uon
267 1895 410 1971 adprobat,
434 1906 522 1975 ratum
543 1913 599 1953 nou
613 1906 667 1957 est.
701 1894 749 1955 til.
771 1898 814 1953 liis
828 1901 977 1974 propositis
991 1902 1111 1973 quaesti-

143 1982 259 2039 unculae
278 1981 380 2037 mulne
399 1989 560 2053 nascuntur,
581 1997 650 2055 quas
665 1983 712 2055 qui
728 1977 823 2057 (ande)
837 1978 1008 2040 1nascuntur¹
1029 1984 1110 2039 intel·

143 2068 228 2140 legat,
250 2082 318 2137 non,
339 2067 364 2120 ai
385 2063 420 2119 ad
441 2073 522 2138 caput
541 2065 652 2132 reserat,
673 2081 723 2138 per
736 2083 767 2121 se
780 2069 840 2139 ipse
853 2067 932 2123 iacile
946 2068 1111 2142 perspiciat?

140 2150 240 2222 ueluti,
262 2152 287 2205 si
308 2150 398 2205 miuus
421 2150 482 2221 quis
496 2151 625 2222 cepisset,
647 2166 683 2205 ne
697 2152 782 2205 saeris
797 2150 967 2220 alligaretur,
988 2146 1031 2207 ct²
1045 2162 1111 2224 post

140 2235 178 2291 de
197 2236 257 2291 eius
278 2232 424 2289 neruum
445 2233 542 2307 aliquis
557 2234 694 2306 exegisset
708 2249 761 2305 pro
774 2250 823 2289 sua
838 2243 915 2306 parte
928 2234 972 2304 id,
987 2235 1061 2307 quod
1076 2236 1110 2291 ab

142 2335 188 2389 eo,
203 2319 270 2392 quoi
283 2320 344 2391 ipse
356 2318 437 2373 heres
447 2326 532 2388 emet,
546 2318 768 2391 praetermissum
776 2316 883 2389 sciisset,
898 2333 985 2390 eaque
995 2321 1110 2392 pecunia

141 2419 199 2459 non
219 2404 311 2459 minor
330 2409 406 2457 esset
418 2401 488 2458 laeta
502 2418 563 2457 cum
577 2403 722 2475 superiore
735 2403 886 2473 exactione,
901 2418 983 2475 quam
1002 2404 1110 2461 heredi·

141 2487 196 2543 bus
210 2485 335 2543 omnibus
350 2495 425 2542 essct
438 2486 543 2557 relicta,
564 2488 611 2558 qui
625 2502 686 2542 eam
697 2484 840 2561 pecuniam
854 2489 1000 2560 exegisset,
1019 2487 1110 2550 solum

141 2571 206 2627 sine
227 2569 407 2626 coheredibus
428 2572 512 2627 sacris
534 2570 648 2643 alligari
686 2573 752 2644 quin
773 2573 856 2627 etlam
869 2580 979 2643 canent,
1001 2582 1042 2643 ut,
1064 2576 1110 2629 eui

139 2655 209 2730 plus
221 2653 342 2728 legatum
356 2655 411 2729 sit,
427 2670 507 2727 quam
522 2655 581 2711 sine
595 2654 731 2727 religione
745 2671 842 2728 capere
856 2655 947 2728 liceat,
961 2659 986 2711 is
998 2673 1049 2730 per
1062 2674 1109 2713 aes

138 2748 169 2796 et
190 2738 287 2795 libram
306 2737 420 2794 heredes
441 2740 597 2794 testamenti
616 2738 718 2809 soluat,
738 2748 884 2812 propterea
904 2740 979 2812 quod
997 2757 1031 2796 eo
1046 2741 1109 2798 loco

138 2840 186 2881 ree
201 2832 247 2880 est
260 2826 299 2880 ita
314 2822 405 2879 soluta
421 2822 580 2893 hereditate,
597 2825 673 2895 quasi
688 2840 719 2878 ea
733 2826 848 2895 pecunia
859 2823 950 2897 legata
958 2841 1015 2881 non
1025 2836 1108 2883 esset.

138 2908 207 2965 XXI.
230 2904 279 2967 62.
301 2906 361 2963 lloc
380 2922 434 2981 ego
448 2905 511 2963 loco
526 2907 675 2981 multisque
688 2907 747 2961 aliis
763 2924 865 2979 quaero
880 2924 895 2962 a
910 2909 1005 2979 uobis,
1028 2908 1108 2965 Scae·

137 2993 238 3064 nolae,
258 2988 403 3066 pontifices
425 2991 530 3047 maximi
550 3000 580 3046 et
593 2992 718 3047 homines
731 3008 793 3047 meo
808 2992 916 3066 quidem
931 2994 1031 3049 iudicio
1046 3010 1109 3051 acu·

138 3078 249 3147 tissimi,
265 3075 331 3149 quid
346 3077 382 3130 sit
397 3074 471 3149 quod
483 3076 515 3132 ad
526 3076 569 3131 ius
579 3074 750 3149 pontificium
762 3075 843 3132 ciuile
853 3078 1006 3150 appetatis?
1020 3078 1108 3134 ciuilis

136 3164 214 3218 enim
234 3161 304 3216 iuris
325 3161 439 3216 scientia
460 3158 629 3235 pontificium
652 3159 769 3233 quodam
790 3161 872 3217 modo
896 3161 1002 3217 tollitis.
1046 3178 1109 3219 nam

137 3262 217 3303 sacra
231 3261 293 3302 cum
308 3247 424 3317 pecunia
437 3244 597 3317 pontificum
612 3246 783 3316 auctoritate,
799 3246 873 3301 nulla
887 3245 950 3319 lege
964 3246 1109 3302 coniuncta

135 3339 220 3400 sunt3
235 3332 329 3403 itaque
342 3330 367 3385 si
381 3345 433 3385 uos
448 3336 552 3385 tantum
568 3328 649 3385 modo
664 3328 808 3402 pontifices
823 3332 931 3398 essetis,
945 3325 1108 3402 pontificalis

137 3423 263 3473 maneret
277 3415 435 3487 auctoritas,
452 3414 500 3469 sed
515 3412 590 3489 quod
604 3412 675 3469 idem
685 3414 753 3469 iuris
764 3415 852 3471 ciuilis
863 3414 928 3470 estis
940 3412 1106 3485 peritissimi,

214 3597 234 3667 ¹)
251 3594 344 3647 ‘unde’
360 3596 461 3646 addidi.
476 3602 606 3647 nascuntur
620 3595 718 3644 eiciunt
731 3595 789 3644 edd.
819 3591 842 3659 ²)
855 3601 881 3643 nt
895 3590 946 3640 AB
958 3607 985 3641 ec
1000 3591 1058 3640 edd.
