2542 3909
347 207 383 242 m:
401 206 597 242 Donsmonnsvs
614 207 652 243 AD
670 207 758 244 Leonti
776 207 906 243 elnonis..
1031 188 1089 254 797

139 339 218 392 sione
232 335 423 409 patrimonium
445 351 526 391 suum
541 335 679 399 exhausit,
703 338 775 392 iusta
794 336 885 410 legum
908 336 1005 410 placita
1019 351 1095 409 prae·

140 420 204 476 sidis
220 420 373 493 prouincias
385 418 482 474 auxilio
495 420 592 485 utaris3
611 418 669 491 qui,
685 417 804 475 discussa
817 419 868 475 fide
880 422 945 482 ueri,
961 424 982 474 si
995 421 1095 493 integri

140 505 340 559 restitutionem
362 518 395 559 ex
409 501 456 557 iiiii
477 517 595 574 persona
613 509 760 575 conpetere
779 502 829 558 tibi
846 502 879 559 oo
901 502 1095 576 inprobabiiem

59 587 123 637 [wss]
140 587 295 643 donationis
318 588 504 642 enormitatem
532 584 766 654 animaduerterit,
795 587 822 642 in
845 588 1018 642 remordendis
1042 587 1094 658 his,

140 686 209 744 quae
228 686 367 744 perperam
389 676 467 743 geste
487 676 565 737 sunt,
587 667 636 724 tibi
658 667 812 724 subueniet.
849 667 900 728 ΡΡ.
916 668 957 725 iii.
978 669 1015 726 id.
1031 669 1095 726 iiela.

139 748 307 824 Mediolani,
325 754 437 809 Maximo
452 761 481 808 et
495 752 621 827 Aquilino
636 746 744 808 conss.²

204 833 273 894 288.
299 832 400 894 ³ia'dem
420 836 517 910 'Aupp
539 843 567 893 et
582 836 681 893 Caets.
698 829 825 891 Zenoni.4
860 835 887 891 Si
909 835 1095 908 stipendiario·

140 938 201 978 rum
222 915 453 994 ‘iproedr'orunri5
475 921 670 994 proprietatem
692 918 764 975 dono
788 917 899 989 dedisti,
922 920 959 975 ita
981 928 1011 974 ut
1033 929 1097 992 post

140 1013 256 1061 mortem
271 1007 340 1075 eius,
356 1006 402 1078 qni
413 1006 526 1077 aceepit,
541 1003 574 1059 ad
585 1012 611 1059 te
623 1002 735 1073 rediret,
750 1001 859 1059 donatio
875 1003 956 1058 inrita
968 1009 1021 1074 est,
1036 1018 1096 1059 cum

142 1089 174 1144 ad
196 1097 310 1160 tempus
327 1090 479 1161 proprietas
500 1088 641 1143 transferri
662 1079 841 1158 nequiuerit.⁶
877 1087 900 1140 si
916 1101 982 1142 uero
1006 1101 1097 1142 usum·

141 1172 259 1229 irootnm
280 1173 308 1226 in
331 1187 401 1242 eam,
428 1179 522 1227 eontra
545 1186 624 1242 quam
647 1170 796 1244 supplicas,
819 1163 982 1242 contulisti,⁷
1006 1185 1096 1225 usum·

141 1256 260 1312 fructum
276 1271 291 1310 a
304 1257 469 1327 proprietate
484 1253 599 1308 alienare
614 1270 670 1310 non
684 1247 825 1327 potuisti.⁸
854 1251 904 1314 ΡΡ.
921 1253 951 1312 V.
966 1251 1004 1310 id.
1020 1246 1095 1310 iiart.

141 1338 254 1394 iiaximo
270 1344 298 1392 et
311 1338 439 1409 Aquilino
454 1331 561 1392 conss.²

204 1417 379 1478 eserinam
393 1420 575 1476 Alexandriae,
612 1417 650 1474 Ea
665 1419 790 1493 quidem,
813 1435 882 1493 quae
902 1420 961 1475 iure
975 1419 1097 1475 donatio·

142 1508 184 1562 nis
200 1523 215 1561 a
229 1521 311 1562 socru
327 1512 372 1561 tua
386 1506 415 1561 in
429 1513 457 1561 te
473 1503 580 1560 conlata
594 1513 669 1575 sunt,
692 1519 799 1560 manere
815 1506 987 1574 inconcussa,
1006 1511 1097 1560 rector

142 1591 297 1663 prouinciae
312 1586 421 1646 efficiet.
451 1581 534 1646 'De¹⁰
547 1588 718 1644 matrimonio
734 1603 800 1643 uero
815 1586 957 1643 retinendo
974 1587 1012 1643 tui
1028 1585 1096 1643 arbi·

142 1675 190 1730 trii
199 1681 251 1743 est,
267 1689 300 1728 an
316 1673 383 1729 uelis
395 1682 423 1729 et
435 1669 495 1728 filiis
506 1670 693 1730 communibus
708 1669 950 1727 interuenientibus
961 1672 987 1726 in
1003 1669 1097 1727 eodem

143 1757 285 1830 proposito
306 1771 492 1830 perseuerare.
534 1754 585 1812 ΡΡ.
605 1755 648 1811 iii.
672 1754 708 1810 id.
732 1753 789 1811 066.
812 1753 933 1809 Heraclia
955 1753 1097 1826 Thracum,

143 1840 255 1896 Maximo
270 1847 298 1894 et
312 1838 438 1912 Aquilino
454 1832 561 1896 conss²

206 1918 273 1980 285.
291 1921 385 1992 '[Greg.
398 1926 440 1977 lib.
455 1925 515 1975 iiiii.
530 1915 607 2001 tit]}¹
629 1921 713 1977 iidem
728 1921 836 1978 Aurelio
852 1920 959 1977 Abanti.
984 1919 1012 1977 Si
1026 1920 1095 1978 iiiiae

143 2016 205 2064 tuae
219 2007 415 2080 possessiones,
438 2005 472 2061 de
487 2004 584 2078 quibus
599 2007 699 2078 agitur,
718 2020 807 2079 meque
823 2006 989 2078 mancipasti,
1010 2020 1098 2078 neque

144 2090 290 2159 tradidisti,
314 2089 415 2144 irustra
435 2091 547 2160 mereris,
566 2082 620 2166 {ne
635 2104 668 2145 ex
684 2104 736 2145 una
750 2089 920 2162 professione
941 2088 986 2144 uei
1007 2067 1203 2211 'apudfflffiii

143 2290 174 2356 (6,
189 2291 225 2355 aa)
241 2293 268 2339 in
279 2294 331 2353 fine
345 2293 458 2354 plenior.
534 2289 554 2358 ¹)
570 2292 608 2353 Cf.
624 2292 762 2342 Mommsen
778 2291 853 2354 Zeitf.
872 2292 897 2340 6.
914 2291 997 2341 Consi.
1014 2291 1097 2341 Diaei.

140 2377 168 2424 p.
182 2371 229 2412 666.
282 2358 302 2425 ¹)
317 2378 341 2410 6.
356 2373 404 2413 266.
456 2359 477 2426 3)
492 2362 620 2412 Matidium
634 2369 708 2413 666666
722 2364 749 2411 in
763 2362 795 2410 L.
810 2372 830 2411 e.
853 2361 877 2412 0.
894 2362 998 2411 deden.
1014 2378 1037 2425 q.
1052 2361 1099 2410 sab

144 2432 216 2480 modo
232 2429 263 2497 (6,
277 2430 313 2496 66)
329 2434 409 2482 inser.
426 2428 518 2495 ‘Impp
535 2434 619 2481 Dtoel.
634 2441 659 2482 et
674 2432 748 2481 Mox.
764 2432 822 2480 ΑΑ.
838 2439 863 2481 66
878 2431 924 2481 00.
940 2429 1056 2481 Zenoni)

145 2498 166 2566 4)
181 2501 262 2550 Eril.
278 2501 305 2551 0.
319 2504 435 2550 comessi.
460 2503 553 2551 inseiis
569 2500 700 2552 Carrenoni
719 2502 777 2552 Vot.
788 2503 845 2551 edd.
869 2500 995 2551 Similiter
1009 2503 1037 2551 in
1051 2504 1098 2551 tri·

144 2571 191 2622 dus
204 2570 292 2620 Herm.
309 2571 334 2620 G.
350 2573 574 2622 constitutionibus
588 2574 627 2622 tit.
642 2573 664 2622 I.
680 2588 702 2622 6.
718 2585 738 2623 1.
753 2573 792 2621 tit.
806 2571 843 2620 II.
859 2587 881 2622 e.
893 2585 912 2623 1.
927 2574 966 2621 tit.
976 2571 1030 2621 ΙΙΙ.
1044 2588 1066 2622 6.
1078 2586 1097 2623 1.

145 2641 185 2706 (p.
199 2652 233 2693 66.
248 2653 329 2693 6666.
344 2640 429 2691 Haen.
444 2649 468 2691 et
482 2644 517 2706 ef.
532 2642 639 2692 eundern
654 2644 689 2692 66
705 2641 749 2692 Gr.
766 2642 791 2691 0.
807 2654 828 2700 6,
844 2656 862 2692 1.
874 2658 902 2705 p.
919 2654 951 2693 16.
973 2642 1099 2693 Zinrmern

144 2712 216 2762 HJ.
235 2711 614 2777 messanensem).
645 2709 792 2762 ‘Aurelius'
808 2715 853 2762 iile
867 2715 1009 2776 imperator
1023 2720 1099 2762 notos

144 2791 183 2834 666
196 2799 230 2833 ess
247 2780 348 2848 ‘Aup.’,
363 2785 439 2847 quasi
450 2783 480 2832 id
492 2790 557 2833 66666
572 2779 675 2842 ‘Aur.’,
696 2784 788 2833 omisso
807 2789 867 2832 6666
883 2780 949 2841 ‘It.',
969 2785 1008 2832 oei
1024 2779 1099 2842 ‘Id.’,

145 2852 1099 2990 eremitidis⁶⁰”iittiitiititi{finititimae

144 3007 173 3041 re
186 2995 293 3041 mutavit
306 2993 337 3041 L.
354 2996 398 3043 uit.
415 2993 441 3043 0.
456 2994 488 3044 66
503 2997 551 3060 lep.
566 2994 597 3060 (6,
607 2993 654 3059 at).
679 2994 749 3044 Idem
763 2999 801 3042 est
815 2994 841 3041 in
857 2992 1021 3057 oblipotione.
1043 2995 1066 3054 ἓ.
1077 3004 1097 3044 s.

144 3062 166 3111 I.
180 3062 212 3110 de
225 3062 294 3111 verb.
309 3062 358 3112 obi.
374 3062 405 3126 (t,
420 3063 464 3128 16).
479 3065 512 3114 L.
526 3075 560 3120 66.
580 3064 612 3113 D.
628 3067 660 3114 de
674 3068 721 3130 lep.
738 3078 758 3115 1.
786 3063 932 3113 Dissimiles
947 3078 1023 3112 66666
1037 3078 1099 3112 eon·

144 3134 258 3182 6666666
271 3132 304 3185 L.
318 3143 352 3185 66.
366 3143 394 3184 ts
403 3149 448 3198 pr.
468 3134 500 3183 D.
515 3135 548 3184 66
561 3143 634 3184 mort.
650 3151 672 3185 6.
687 3136 746 3186 don·
762 3132 807 3200 (66,
821 3132 852 3200 6).
927 3130 948 3199 ⁷)
961 3131 1003 3183 Se.
1020 3135 1058 3183 ito
1072 3140 1099 3184 66

140 3210 317 3267 postmortem
330 3205 394 3263 eius,
408 3205 453 3254 eui
465 3204 543 3254 66666
556 3213 629 3262 esset,
644 3207 680 3255 66
693 3213 717 3255 66
731 3206 837 3255 rediret.
911 3199 932 3269 Β)
947 3205 964 3252 a'.
979 3219 1000 3252 e.
1015 3211 1099 3254 tomen

144 3274 180 3322 66
199 3288 255 3322 eum
277 3275 373 3323 redibit
395 3274 503 3336 666666,
527 3277 602 3326 euius
620 3278 711 3326 mortis
729 3283 841 3339 tempore
860 3274 1012 3339 proprietas
1034 3276 1099 3331 erit:

144 3359 202 3392 nom
215 3345 321 3394 donatio
335 3345 460 3396 eiusmodi
473 3348 552 3405 66666,
574 3362 631 3396 eum
650 3346 747 3410 usossr.
763 3347 798 3395 66
815 3353 912 3409 tempas
930 3345 992 3393 dori
1005 3347 1096 3407 possit.

145 3410 220 3479 ⁹)Cf.
235 3415 268 3464 L.
283 3424 316 3466 12.
344 3415 370 3465 0.
385 3417 417 3466 66
430 3416 489 3466 don.
504 3434 520 3466 6
535 3425 606 3480 nupt.
625 3417 658 3484 (6,
671 3416 703 3483 6).
778 3413 812 3482 ¹⁰)
825 3429 874 3467 *ss
893 3416 951 3465 Vot.
968 3411 1023 3464 ‘In'
1039 3415 1097 3465 edd.

145 3481 206 3534 ‘De'
222 3487 299 3534 etiam
313 3486 426 3536 Momms.
456 3488 550 3538 Postea
565 3504 617 3552 pro
632 3488 756 3538 retinendo
770 3489 855 3536 malim
869 3501 915 3536 non
929 3485 1061 3536 retinendo.

147 3550 179 3622 ¹¹)
194 3555 232 3620 Os.
248 3558 287 3619 66.
302 3559 367 3609 6666·
377 3568 425 3610 666.
