2542 3909
509 238 544 275 on
562 239 749 276 excvsmoue.
1043 221 1104 284 779

152 372 270 445 pistores
286 386 300 424 a
316 368 482 442 collegarum
499 384 607 442 quoque
623 366 740 425 liliorum
756 369 850 426 tutelis
859 376 1031 427 excusantur.
1055 369 1108 425 Sed

151 463 180 511 et
195 455 218 510 si
235 454 323 526 quiin
339 452 399 508 loro
414 454 505 507 suario
521 454 706 525 negotiantur,
727 453 751 508 si
767 452 870 510 duabus
886 455 1011 526 partibus
1024 454 1107 528 patri-

152 539 234 595 monii
251 551 383 592 annonam
398 537 503 607 iuuant,
520 552 535 591 a
551 535 643 591 tutelis
659 534 759 591 habent
773 539 983 595 excusationem.

216 616 283 678 288.
316 612 464 692 ¹Ulpianus
487 619 520 675 de
542 616 632 675 oificio
656 620 790 693 praetoris
819 620 939 676 tutelaris
962 620 1032 678 libro
1054 622 1208 702 sin-„ffl-

153 705 249 780 gulari.
273 703 388 760 Proinde
403 704 425 759 si
438 710 528 759 mutus
544 703 679 759 surdusue
691 704 751 775 quis
766 703 813 775 sit,
828 705 887 758 sine
898 702 980 760 dublo
995 722 1010 760 a
1026 705 1150 761 tutelal’fl·
1163 705 1216 743 Til·

154 787 336 845 excusabitur.
359 786 392 842 lli
408 803 483 859 uero,
507 802 576 861 quos
592 785 733 857 ualetudo,
752 786 823 843 'siue
838 786 915 842 iuror
930 780 1026 859 (silue²
1039 805 1111 845 mor-

153 872 204 929 bus
220 880 369 947 perpetuus
385 878 505 942 excusat,
528 872 607 926 etiarn
623 870 799 941 costumias,
824 886 890 943 quas
906 880 968 926 ante
983 885 1111 945 suscepe-

154 965 230 1026 rant,
259 956 414 1029 deponunt:
443 954 493 1009 alia
516 971 596 1011 causa
619 953 715 1009 aetatis
738 945 810 1013 cst.⁸
852 951 1008 1009 Luminibus
1031 956 1111 1011 etiam

152 1047 260 1114 captum
282 1031 552 1117 ¹(ecccusondam)‚⁴
573 1030 727 1094 'Porcotio⁶
750 1035 878 1093 Faustino
901 1038 1041 1111 rescripsit
1062 1039 1111 1094 im·

153 1132 263 1199 perator
277 1130 373 1179 noster
386 1137 447 1178 cum
462 1130 549 1194 patre.
575 1114 674 1196 [939]
691 1118 757 1177 ltem
773 1112 869 1176 Purio⁸
881 1112 884 1198 )
898 1120 1035 1194 Ppatidae‚
1048 1133 1217 1224 oummpea.

152 1208 312 1281 allegasset,
332 1221 364 1261 se
379 1220 462 1261 unum
477 1204 585 1261 oculum
601 1205 722 1260 amisisse
737 1213 766 1260 et
779 1206 808 1260 in
823 1203 875 1260 allo
890 1204 1046 1278 periclitari,
1066 1220 1109 1261 re·
1159 1192 1218 1243 ⁸⁹·b·

153 1292 331 1371 scripsit‚‚au
345 1296 460 1362 propter
475 1286 615 1343 aduersam
631 1285 814 1344 ualetudinem
830 1287 973 1345 oculorum
990 1290 1111 1344 excusari

153 1373 274 1443 deberet,
289 1379 442 1445 praetorem
458 1372 673 1429 aestimatorum.
703 1370 736 1425 lli
752 1373 831 1427 ctiam
848 1388 863 1427 a
878 1373 1013 1446 susceptis
1029 1387 1110 1430 eacu-

154 1456 292 1514 saisentur.

217 1535 289 1601 240.
313 1531 408 1597 ⁷ltem.
438 1538 582 1613 Paupertas
605 1537 684 1611 plane
700 1537 748 1594 dat
766 1540 982 1611 exeusationem,
1006 1541 1030 1595 si
1051 1540 1112 1612 quis

154 1628 284 1699 imparem
299 1640 329 1681 se
344 1625 420 1680 oneri
435 1624 555 1680 iniuncto
576 1624 663 1696 possit
685 1621 797 1697 dooere;
821 1622 902 1696 idque
916 1622 1043 1680 diuorum
1057 1624 1112 1681 ira·

154 1719 226 1765 trum
241 1709 374 1780 rescripto
390 1709 553 1764 continetur.

217 1788 284 1849 241.
307 1784 402 1846 ⁸ltem.
427 1790 528 1862 Siquis
544 1797 633 1845 autem
649 1789 677 1843 in
692 1791 832 1862 prouincia
844 1788 1009 1845 domicilium
1021 1789 1112 1860 habet,

83 1873 237 1932 teettdebet
259 1874 396 1941 excusari;
424 1872 472 1928 aed
495 1880 522 1927 et
544 1872 566 1927 si
591 1874 651 1944 quis
673 1874 863 1945 patrimonium
886 1875 914 1929 in
936 1889 966 1930 ea
988 1876 1110 1947 regione,

155 1974 234 2033 quam
249 1957 379 2014 iuridicus
395 1953 574 2026 administrat,
589 1954 680 2012 habet.

217 2036 286 2100 949.
311 2034 404 2096 ⁹ltem.
435 2038 496 2095 Scio
519 2047 608 2095 tamen
629 2038 776 2110 quosdam,
799 2055 860 2096 cum
879 2056 929 2114 per
943 2055 1065 2097 errorem
1079 2040 1112 2096 ad

154 2127 292 2202 potiorum
315 2123 526 2180 nominationem
554 2122 743 2195 prosilissent,
773 2122 843 2178 haud
871 2125 1043 2197 impetrasse,
1073 2131 1112 2195 ul,

155 2210 264 2267 deserto
279 2209 337 2264 iure
352 2208 501 2279 potiorum,
516 2203 548 2261 ad
564 2208 764 2264 exeusationem
780 2222 810 2262 se
825 2215 1027 2265 connecterent.
1061 2270 1064 2274 ¹
1150 2258 1158 2271 ,

218 2288 288 2349 943.
314 2283 453 2346 ¹⁰Pauilos
469 2288 538 2344 libro
549 2289 680 2362 singulari
691 2288 724 2345 ad
740 2290 938 2364 municipalem.
966 2290 1112 2365 Paupertas
1120 2297 1220 2378 thsffia

155 2392 266 2451 qnoque
276 2374 348 2432 solet
358 2371 477 2430 tribuere
486 2373 698 2447 excusationem,
708 2366 909 2447 ’quod¹¹oneri
919 2374 1020 2430 tutelae
1028 2377 1113 2449 inpar
1150 2384 1183 2419 ΑΒ

156 2476 216 2519 esse
232 2459 365 2517 uideatur.
1124 2425 1207 2462 annm.

218 2539 288 2603 244.
314 2536 454 2597 ¹²Paullus
468 2539 538 2597 libro
553 2540 685 2615 singulari
700 2540 734 2597 de
749 2539 840 2598 cilicio
859 2545 993 2616 praetoris
1015 2543 1112 2600 tutela·
1136 2557 1200 2593 rona

156 2631 203 2687 ris.
240 2626 408 2684 llediocritas
424 2633 452 2681 et
466 2625 603 2681 rusticitas
618 2632 647 2681 et
660 2624 824 2681 domesticae
838 2625 901 2683 lites
916 2626 1052 2684 interdum
1066 2598 1218 2683 ‹ex-iniit

157 2714 313 2772 cusationes
326 2717 472 2780 merentur,
489 2724 522 2765 en
537 2700 702 2780 ’epistulis¹³
716 2708 839 2765 diuorum
851 2708 976 2766 Hadriani
988 2720 1015 2767 et
1028 2684 1154 2767 into-''¹'‘
1169 2685 1222 2720 m·

156 2800 223 2869 nini,
243 2805 271 2854 et
286 2796 398 2852 fratrum
413 2792 446 2849 ad
461 2790 618 2849 Caerellium
632 2790 770 2857 Priscum,
789 2800 943 2867 praetorem
958 2794 1109 2851 tutelarem·

232 3012 251 3080 ¹)
267 3014 305 3076 Cf.
321 3015 361 3075 ἐξ.
376 3025 423 3065 tae.
442 3025 489 3065 tto.
510 3026 556 3065 lot.
571 3020 619 3063 etc.
685 3009 706 3078 ¹)
722 3016 764 3064 nel
777 3015 843 3063 iuror
857 3015 895 3063 nei
914 3016 971 3063 edd.
1038 3011 1059 3081 ⁸)
1075 3015 1114 3079 Cf.

157 3088 229 3149 §.aa
244 3084 266 3133 I.
281 3085 305 3133 lt.
320 3091 338 3133 t.
389 3081 411 3149 ⁴)
425 3082 554 3147 Soppteot.
606 3081 627 3149 ⁶)
643 3082 819 3135 turnomio.
834 3079 868 3134 eac
882 3084 994 3148 Hauptii
1007 3088 1040 3148 ci.
1056 3088 1114 3136 coll.

158 3156 272 3206 Momms.
292 3153 377 3203 Iacer.
394 3153 474 3216 Neap.
489 3166 536 3205 eet.
565 3153 666 3203 Portato
679 3162 790 3204 ceterae.
855 3151 959 3220 ⁶)ltem.
988 3156 1059 3204 Porio
1073 3156 1114 3205 ed.

156 3228 251 3276 Holtao.
266 3240 301 3275 eac
319 3224 378 3273 Vct.
401 3222 455 3273 Sed
468 3238 519 3273 noa
533 3222 621 3274 debuit
634 3239 702 3275 noca
715 3227 738 3287 5.
750 3227 819 3288 fieri.
872 3223 893 3291 ⁷)
910 3226 1114 3288 Of.§§.1eo.taa.

156 3298 189 3348 L.
204 3309 225 3349 a.
240 3296 272 3345 1).
287 3296 312 3346 lt.
327 3302 344 3344 t.
396 3291 418 3359 ⁸)
435 3294 651 3361 Cadmeum).
702 3292 723 3363 ⁹)
740 3296 877 3359 ΟΜΝ).
932 3293 966 3363 ¹⁰)
982 3296 1020 3359 Os.
1031 3298 1054 3358 ς.
1065 3307 1113 3347 ato.

157 3368 190 3417 L.
211 3379 245 3419 eo.
267 3368 290 3428 §-
308 3379 328 3417 1.
350 3364 382 3413 1).
399 3364 424 3414 lt.
442 3371 459 3413 t.
536 3361 569 3431 ¹¹)
592 3365 740 3431 Lependum
763 3370 802 3416 oet
823 3382 883 3431 quae
905 3370 944 3416 nei
962 3382 1041 3430 quum.

160 3435 192 3502 ¹²)
206 3438 289 3487 Extat
303 3438 330 3486 in
346 3435 377 3485 L.
391 3447 413 3486 o.
427 3436 451 3497 ξ.
466 3447 499 3487 te.
518 3436 551 3485 D.
566 3435 590 3486 d.
606 3444 623 3487 t.
651 3436 706 3487 Sed
725 3439 876 3487 omittuntur
891 3438 1036 3487 domesticae
1050 3437 1112 3487 lites.

101 3506 104 3513 ’
160 3505 192 3573 ¹³)
206 3507 306 3559 Booti.
325 3522 360 3557 esc
379 3507 439 3572 Dip.
459 3507 559 3571 epistula
583 3507 641 3558 Vct.
662 3510 702 3558 ed.
721 3508 815 3560 Hoilw.
852 3509 891 3572 Os.
913 3508 1113 3559 Orelli-Heme

156 3580 240 3630 Inscr.
255 3590 315 3633 etot.
334 3579 367 3632 D.
378 3578 495 3643 [rutrum
509 3586 546 3629 est
560 3594 584 3629 α.
600 3590 723 3633 lto-1⁸8.
