2542 3909
352 243 413 280 nos.
432 245 465 281 nn
483 244 544 280 non.
563 243 655 281 mern
671 243 781 281 conur.
799 226 833 280 X.
852 232 877 281 2.
1030 227 1092 293 677

141 373 272 430 hominis:
296 374 320 429 si
341 375 490 445 inuenitur,
516 350 562 448 quii
585 373 689 431 iuratus
712 383 764 446 est,
786 373 881 431 reddat
901 374 1022 449 duplum.
1066 374 1097 435 2.

141 455 243 526 Quodsi
259 472 314 512 nou
330 456 411 513 inerit
426 460 553 514 inuentus
569 458 622 529 iur,
639 457 799 529 accedetis,
822 461 868 532 qui
883 460 1098 517 commendatum

140 547 312 615 susceperat:
336 540 418 598 stabit
432 549 494 598 aute
511 541 659 613 bominum,
676 551 704 599 et
717 541 827 613 iurabit,
846 543 912 600 nibil
927 559 957 599 se
973 545 1099 617 nequiter

141 627 232 699 egisse
247 623 281 680 de
296 625 369 681 omni
385 641 414 681 re
429 625 612 682 commendata
628 627 741 699 proximi
756 626 808 695 sul,
825 633 853 682 et
867 626 1034 686 liberabitur.

204 707 270 782 Kap.
292 707 323 764 ll.
369 709 585 766 Modestinus
613 709 705 766 libro
733 709 1016 768 differentiarum
1044 729 1098 770 sc·

140 791 252 850 cundo
280 788 356 866 (sub
384 790 503 868 titulo)
530 793 569 850 de
591 794 752 869 deposito
781 802 815 851 et
838 792 1099 854 ’commodato.¹

140 875 168 935 1.
191 874 357 933 Commodati
372 877 472 934 iudicio
486 884 639 934 conuentus
652 879 732 934 etiam
748 877 853 950 culpam
868 887 1007 951 praestare
1021 882 1098 955 cogi·

141 968 200 1017 tur:
223 962 270 1034 qui
293 977 360 1016 uero
383 961 499 1034 depositi
521 963 698 1030 conuenitnr,
722 961 755 1017 de
778 961 858 1032 dolo,
883 976 939 1017 non
962 965 1042 1020 etiam
1064 965 1099 1021 de

140 1044 220 1117 culpa
242 1044 460 1101 condemnandus
476 1053 527 1101 est.
572 1044 740 1101 commodati
756 1046 827 1102 enim
848 1038 923 1119 '(a'n)²
945 1055 1098 1118 contractu,

139 1130 203 1200 quia
225 1127 384 1200 ’utrimque
406 1122 612 1185 contrahentis³
634 1128 737 1184 utilitas
759 1130 921 1198 interuenit,
953 1139 1098 1204 utrumque

139 1219 308 1285 praestatur:
336 1213 363 1266 iu
385 1210 502 1284 depositi
532 1227 597 1267 uero
618 1228 698 1267 causa
720 1212 779 1270 sola
805 1212 968 1285 deponentis
995 1215 1098 1271 utilitas

139 1297 267 1365 uertitur,
290 1302 319 1349 et
339 1293 375 1349 ibi
397 1294 476 1350 dolus
498 1302 603 1351 tautum
625 1303 787 1368 praestatur.
832 1292 861 1355 2.
884 1295 937 1352 Sed
953 1299 981 1354 in
999 1300 1096 1354 ceteris

138 1393 248 1450 quoque
271 1377 392 1449 partibus
415 1379 482 1434 iuris
504 1380 554 1434 ista
576 1379 671 1452 regula
693 1379 861 1437 custoditur:
883 1382 924 1436 sic
941 1381 1011 1436 enirn
1027 1385 1097 1438 etin
1166 1413 1170 1420 -

138 1459 252 1517 fiduciae
274 1455 438 1532 ’iudicium‚⁴
460 1469 488 1517 et
509 1463 536 1518 in
557 1457 722 1519 'actionem⁶
743 1465 783 1519 rei
805 1457 945 1520 'uxoriae⁰
967 1465 1046 1523 dolus
1070 1475 1098 1523 et

138 1545 218 1619 culpa
229 1543 380 1609 deducitur,
398 1547 460 1619 ania
473 1548 614 1619 utriusque
628 1547 812 1603 contrahentis
829 1548 930 1604 utilitas
940 1550 1096 1606 interuenit.

138 1625 167 1687 8.
191 1629 220 1685 lu
242 1629 358 1685 mandati
380 1645 446 1686 uero
469 1623 621 1686 ’iudicium4
642 1631 733 1703 dolus,
756 1647 810 1688 nou
826 1635 905 1688 etiam
921 1633 1000 1706 culpa
1014 1634 1097 1691 dedu·

138 1705 244 1770 citurz⁷
269 1714 391 1786 quamuis
407 1713 581 1788 singulariter
595 1715 724 1770 denotare
742 1715 833 1786 liceat,
854 1719 881 1772 in
898 1717 999 1774 tutelae
1019 1718 1097 1776 'iudi-

138 1789 225 1854 cium*
239 1805 384 1869 utrumque
400 1796 503 1859 deduci,
526 1814 586 1854 cum
601 1798 686 1854 solius
701 1800 808 1872 pupilli,
829 1817 885 1856 non
900 1801 981 1856 etlam
997 1805 1096 1858 tutoris

140 1880 242 1936 utilitas
263 1882 292 1936 iu
314 1880 546 1938 administratione
576 1891 709 1939 uersetur.
754 1879 783 1940 4.
807 1883 927 1956 depositi
954 1884 1096 1941 damnatus

138 1964 243 2020 insumis
263 1971 321 2032 est;
345 1966 389 2037 qni
413 1981 479 2020 uero
502 1963 664 2020 commodati
680 1965 832 2037 damnatur,
856 1982 911 2022 non
926 1965 956 2022 fit
971 1967 1094 2024 infamis:

139 2048 208 2105 alter
224 2049 294 2104 enim
309 2055 423 2122 propter
437 2047 544 2119 dolum,
560 2048 628 2104 alter
642 2058 755 2123 propter
770 2050 876 2123 culpam
891 2050 1096 2112 condemnatur.

63 2128 166 2188 [58115.
189 2126 321 2189 ⁸Actione
348 2130 480 2206 ’depositi
501 2127 595 2188 scruti
622 2140 774 2189 conuentus
803 2132 965 2191 cibariorum
987 2137 1096 2192 nomine

139 2216 211 2292 apud
233 2215 348 2272 eundem
369 2215 485 2272 iudicem
508 2216 610 2272 utiliter
632 2219 786 2290 experitur:
814 2225 841 2272 at
863 2219 902 2288 is,
924 2219 967 2273 cui
989 2217 1095 2276 ’seruus

139 2299 326 2359 commodatus
348 2293 428 2372 est‚¹⁰
451 2299 573 2374 improbe
595 2299 757 2357 cibariorum
779 2303 946 2358 exactionem
968 2303 1095 2361 intendit.

138 2539 172 2588 33,
182 2541 202 2581 3.
212 2541 233 2580 3.
287 2525 307 2593 1)
321 2527 367 2577 Ea
382 2527 469 2579 Ouiae.
484 2533 516 2593 ej.
532 2531 697 2580 commendato
713 2531 877 2582 conedae.
928 2528 1095 2598 ¹)Suppleoi.

140 2596 161 2665 8)
179 2597 253 2658 Quod
269 2600 308 2648 sic
327 2599 472 2664 intelligere
495 2602 611 2650 uidetur:
632 2616 683 2651 non
704 2605 786 2652 solnm
805 2604 999 2660 commodandis.
1022 2607 1096 2654 cuiun

138 2671 245 2719 interest
258 2683 312 2717 rem
328 2671 409 2732 ipsam
422 2673 519 2720 salvam
533 2686 597 2736 3333,
611 2672 658 2721 sed
671 2674 748 2722 etiam
762 2675 969 2733 commodatarii,
984 2676 1029 2740 qai
1042 2691 1096 2725 rem

138 2740 256 2789 utendam
270 2741 379 2802 accepit.
406 2739 444 2803 Of.
460 2740 491 2789 L.
506 2751 527 2792 o.
548 2743 570 2804 §-
585 2753 606 2794 3,
625 2742 658 2790 D.
673 2744 793 2794 commod.
808 2742 854 2807 (13,
868 2742 900 2811 a).
915 2744 947 2795 L.
962 2755 996 2797 33.
1016 2745 1048 2793 D.
1063 2746 1096 2796 de

137 2825 191 2875 rep.
208 2811 258 2859 iar.
275 2808 320 2875 (50,
335 2809 379 2875 tt).
409 2809 469 2860 Alio
484 2813 550 2861 cnidi
564 2819 683 2875 respectu
697 2821 744 2862 ant
757 2815 952 2864 commodatarii
966 2823 1013 2865 ant
1026 2831 1092 2866 oam-

136 2880 265 2930 modantie
284 2887 330 2930 aut
348 2882 482 2945 utriusque
501 2897 581 2931 caasa
600 2898 643 2932 res
657 2885 838 2935 commodatur.
863 2885 895 2934 L.
910 2897 936 2936 18
946 2902 991 2949 pr.
1015 2886 1047 2934 D.
1062 2888 1095 2937 de

137 2950 258 3000 commod.
280 2948 331 3026 (13,
351 2949 383 3015 3).
408 2952 446 3000 uel
467 2953 540 3000 solius
563 2953 704 3017 accipientis
728 2954 766 3003 uel
790 2956 912 3018 utriusque
931 2957 1094 3006 contrahentis

137 3019 295 3070 Hotomanm'
310 3019 380 3086 (Oba.
390 3033 411 3080 n,
423 3021 459 3087 14)
473 3024 506 3086 cj.
557 3020 577 3088 4)
594 3024 682 3073 iudicio
698 3024 760 3074 Cdd.
775 3025 832 3073 edd.
885 3021 907 3090 ὅ)
923 3025 985 3076 odd.
1000 3028 1095 3077 actione

136 3090 194 3140 edd.
246 3088 268 3156 ὁ)
283 3093 350 3140 uxori
365 3099 389 3140 et
402 3091 432 3142 B.
453 3094 549 3142 uxoriae
568 3094 612 3143 Va.
633 3095 739 3143 luxuriae
758 3095 800 3143 Vt.
820 3096 917 3144 uxoriae
931 3103 956 3144 et
970 3097 1010 3146 ed.
1024 3097 1065 3146 Bt.

138 3157 159 3224 τ)
176 3161 214 3224 Of.
230 3161 389 3226 Zeiisolrr.f.
406 3163 495 3212 Cinilr.
512 3181 535 3214 u.
548 3165 624 3214 Pron.
647 3164 678 3213 Ν.
694 3165 723 3214 F.
743 3165 774 3214 V.
784 3181 815 3228 p.
824 3177 871 3216 114.
890 3165 967 3216 Adae
978 3167 1030 3217 Cic.
1041 3184 1094 3231 pro

138 3230 214 3282 Rosa.
229 3232 285 3286 Am.
301 3245 336 3291 33,
350 3244 384 3284 33.
447 3232 468 3299 ⁸)
484 3235 584 3284 Partim
599 3242 685 3285 exstat
698 3235 730 3284 J..
744 3247 779 3287 33.
797 3236 830 3284 Ι).
845 3237 932 3299 depae.
947 3235 992 3304 (13,
1007 3236 1039 3302 3).

98 3319 101 3326 ·
137 3298 161 3366 ⁹)
180 3301 289 3366 deposito
304 3303 341 3352 ·B.
366 3303 411 3354 Ve.
438 3305 561 3367 depositus
587 3306 628 3354 Vr'.
655 3307 758 3375 depositi
778 3307 836 3356 edd.
858 3307 932 3372 Dip,
953 3309 981 3357 im
1002 3308 1094 3373 pacibus

132 3380 224 3435 postea
233 3381 272 3424 est
282 3389 352 3422 seruo
363 3376 492 3424 constituto
504 3377 665 3441 (constitutor.
671 3377 693 3442 i)
704 3378 856 3427 cibariorum.
881 3376 992 3428 Excidit
1001 3381 1093 3444 siplnm

135 3458 158 3492 o.
173 3445 240 3493 serui
254 3444 285 3494 ab
299 3446 490 3494 similitudinem
505 3462 561 3495 oum
576 3447 699 3511 depo-siti.
752 3446 785 3514 ¹⁰)
799 3463 839 3498 res
850 3447 930 3513 (quod
943 3465 999 3498 cum
1013 3466 1028 3498 r
1042 3456 1067 3498 et
1079 3463 1094 3497 3

134 3514 181 3562 uia
195 3515 312 3564 discerni
321 3517 432 3578 possint,
447 3523 505 3564 erat
518 3518 610 3582 atpium
624 3534 646 3566 o.
662 3517 757 3586 seruus)
772 3520 937 3569 commendata
952 3527 988 3569 est
997 3519 1028 3567 B.
1044 3519 1091 3568 Ve.

133 3597 174 3632 res
189 3585 393 3634 commendantem
414 3586 454 3634 Vi.
476 3601 515 3635 rcs
531 3589 680 3637 commodata
695 3598 731 3638 est
745 3591 803 3639 edd.
