2542 3909
513 920 673 995 IVLIVS
700 919 926 996 PAVLLVS.

300 1080 342 1120 DE
363 1077 449 1121 IVLIO
472 1077 593 1119 PAVLLO
615 1075 750 1125 mvsove
773 1075 1012 1118 abrenuntiavi(
1037 1076 1145 1118 LIBRIS

606 1160 832 1202 venenorum

312 1292 398 1344 Iulius
410 1290 535 1354 Paullus,
547 1306 602 1344 non
615 1293 701 1359 poeta
717 1291 766 1344 ille
785 1290 958 1359 temporibus
976 1290 1046 1358 Imp.
1065 1285 1201 1344 'Antonini

242 1359 288 1412 Pii
305 1359 396 1412 clarus
414 1357 499 1424 (Gell.
517 1365 540 1421 5,
559 1364 583 1410 4.
608 1363 648 1421 16,
669 1363 708 1412 19.
728 1363 768 1421 19,
787 1360 822 1424 7.)
840 1357 889 1412 sed
907 1356 995 1422 lCtus,
1013 1356 1088 1410 unde
1107 1358 1201 1411 oriun-

244 1428 297 1480 dus
314 1426 407 1489 fuerit,
424 1426 509 1502 plane
528 1426 571 1477 est
587 1424 734 1477 incertum.
766 1423 931 1478 Patauinum
944 1424 1038 1489 fuisse,
1058 1440 1093 1476 ex
1105 1425 1201 1478 statua

244 1493 356 1548 Patavii
379 1492 449 1544 lulio
467 1490 566 1544 Paullo
587 1491 698 1543 cuidam
721 1490 829 1567 dicata²
852 1491 884 1544 ut
900 1492 1020 1544 recentis
1039 1491 1142 1544 aetatis
1158 1492 1200 1544 in·

245 1560 426 1636 scriptionem
435 1557 641 1621 taceam‚nullo
651 1557 711 1610 iure
721 1558 883 1611 adstruitur.
907 1558 973 1611 Fuit
981 1557 1199 1612 nutemDomitii

247 1625 359 1702 Ulpiani
377 1625 501 1691 aequalis
520 1628 549 1677 et
565 1640 616 1693 per
632 1640 728 1678 omnes
740 1625 799 1678 fere
812 1625 947 1678 honorum
961 1625 1064 1694 gradm
1077 1641 1197 1678 consors.

245 1694 369 1746 Primum
382 1693 499 1744 fortasse
512 1690 742 1744 advocationibus
754 1691 859 1746 Romae
872 1695 1025 1812 occupatus
1035 1692 1074 1760 (L.
1085 1697 1126 1745 78.
1138 1694 1161 1752 ἓ.
1171 1699 1196 1746 6.

245 1759 355 1813 D.dele
378 1758 945 1824 .3.Artemidor.onirocr.4,800011.sz
965 1759 1197 1814 imeroZeitschr.

243 1827 262 1883 f.
276 1825 334 1880 Re.
372 1826 405 1879 ll.
424 1842 451 1893 p.
466 1827 541 1892 149),
554 1842 617 1878 curn
630 1825 680 1878 sub
694 1826 780 1893 impp.
795 1825 898 1881 Severo
911 1829 941 1880 et
953 1825 1097 1880 Caracalla
1105 1829 1196 1880 Aemi·

244 1894 282 1948 lio
295 1893 450 1962 Papiniano
468 1892 611 1959 praefecto
629 1893 771 1962 praetorio
790 1893 920 1946 scrinium
939 1894 1090 1948 memoriae
1109 1910 1195 1962 agens

244 1961 394 2015 assedisset
412 1959 561 2027 (Spartian,
574 1961 652 2016 Pesc.
666 1959 729 2028 Nig.
743 1963 777 2026 7.)
797 1964 827 2014 et
848 1961 916 2029 ipsis
933 1961 1148 2029 imperatoribus
1166 1961 1194 2012 in

244 2029 359 2082 consilio
382 2028 481 2082 inisset
501 2026 652 2095 (Lamprid.
670 2026 749 2080 Alex.
768 2033 808 2083 26.
836 2026 974 2096 Spartian.
993 2027 1069 2084 Pesc.
1087 2027 1157 2103 Nig3
1170 2033 1192 2082 7.

243 2095 273 2148 L.
291 2102 332 2153 40.
360 2095 393 2149 D.
418 2095 452 2149 de
474 2093 532 2148 reb.
558 2094 631 2148 cred.
653 2100 697 2159 12,
719 2101 740 2150 1,
764 2094 794 2147 L.
811 2100 851 2148 97.
878 2094 910 2147 D.
928 2096 963 2148 de
982 2110 1042 2162 aeq.
1060 2112 1085 2148 v.
1104 2095 1192 2148 omitt.

244 2163 302 2217 her.
321 2169 362 2229 29,
380 2169 404 2217 2.
424 2161 453 2215 L.
472 2167 504 2216 38
542 2179 564 2214 r.
584 2160 617 2214 D.
638 2160 673 2214 de
691 2160 788 2215 minor.
808 2169 833 2226 4,
851 2168 875 2215 4.
893 2160 923 2213 L.
941 2167 982 2215 50.
1000 2165 1033 2215 D.
1048 2161 1082 2215 de
1100 2163 1117 2216 i.
1135 2161 1194 2214 fisci

243 2237 286 2297 49,
307 2237 345 2284 14.
372 2229 402 2288 L.
420 2236 443 2285 9.
471 2227 504 2305 D
521 2179 558 2281 {0
577 2227 670 2304 decus.
689 2234 739 2306 ⁵⁰2.
754 2230 794 2297 2),
816 2229 906 2306 lactus
929 2230 972 2282 est
989 2228 1024 2282 ab
1042 2227 1193 2348 Elapabalo

244 2298 299 2363 vel,
319 2297 395 2363 quod
412 2295 541 2364 plerique
559 2311 663 2348 maiore
683 2311 765 2349 vens
788 2311 846 2350 ecre
858 2295 1011 2362 tradidere,
1029 2295 1064 2348 ab
1078 2301 1098 2348 A
1113 2312 1193 2349 exan-

244 2365 294 2418 dro
308 2365 421 2417 demum
433 2361 591 2429 praelectus
607 2362 748 2482 praetorio
762 2369 770 2427 (
795 2362 912 2430 amprid.
925 2362 944 2416 l.
957 2367 1006 2429 c.);
1026 2363 1193 2439 Elagabalus

245 2433 320 2484 enim
338 2447 403 2482 eum
420 2428 558 2496 relegasse
577 2445 611 2482 ve
641 2429 802 2506 deportasse
825 2429 985 2483 Alexander
996 2432 1069 2483 inter
1081 2431 1193 2483 exordia

245 2496 356 2564 imperii
390 2495 477 2549 atriae
490 2495 645 2549 reddidisse
663 2497 786 2562 d1citur(
813 2497 884 2549 ictor
896 2495 930 2549 de
944 2496 1021 2550 Caes.
1035 2499 1086 2561 24),
1112 2497 1192 2550 Prae·

244 2568 324 2617 terea
341 2562 368 2614 n'
389 2563 411 2614 il
429 2562 464 2615 de
483 2578 516 2616 eo
534 2565 654 2628 constat,
674 2579 759 2632 quam
777 2563 852 2630 quod
870 2565 900 2615 et
916 2562 1068 2631 antiquitas
1084 2565 1192 2632 praedi-

244 2631 328 2693 cavit,
347 2629 426 2682 velut
436 2628 610 2683 Modestinus
622 2628 653 2681 L.
669 2635 709 2683 13.
722 2634 745 2693 ξ.
759 2635 782 2684 2,
807 2628 839 2681 D.
854 2629 888 2681 de
902 2645 993 2683 exous.
1007 2634 1058 2691 (27,
1073 2633 1106 2696 l),
1125 2631 1190 2686 Gor-

244 2697 344 2751 dianus
361 2696 391 2754 L.
410 2702 434 2749 6.
456 2695 485 2750 (l.
509 2696 544 2750 de
568 2697 646 2764 nupt.
665 2699 704 2762 (5,
722 2699 763 2758 4),
786 2693 976 2748 Diocletianus
998 2693 1028 2745 L.
1048 2700 1085 2750 11.
1108 2696 1135 2749 C.
1155 2699 1190 2751 ad

244 2764 299 2833 leg.
318 2765 399 2818 Corn.
418 2763 453 2817 de
472 2763 532 2817 fals.
550 2764 585 2830 (9,
603 2763 661 2829 22),
680 2762 849 2814 Iustinianus
867 2763 954 2816 const.
990 2759 1105 2812 Omnem
1122 2765 1189 2829 reip.

244 2836 267 2895 6.
280 2839 312 2896 5.,
332 2833 361 2885 et
379 2830 441 2899 ipsa
455 2830 547 2883 Paulli
565 2830 677 2947 scripta,
697 2844 775 2906 quae·
787 2828 944 2905 supersunt,
962 2827 1112 2904 testantur„
1126 2843 1188 2883 eum

243 2899 318 2952 inter
335 2914 457 2952 summos
474 2898 542 2950 iuris
561 2911 613 2948 con
634 2900 719 2948 riores
736 2894 830 2958 fu1sse,
869 2910 897 2946 u1
909 2909 1014 2962 mgenu
1026 2908 1147 2949 acumine
1160 2900 1189 2952 et

243 2965 464 3034 inrisprudentia
480 2961 585 3016 nemini
598 2961 721 3027 cesserit,
739 2910 878 3013 scribendi
890 2975 955 3014 vero
967 2960 1093 3014 ubertate
1105 2963 1187 3018 etiam

243 3033 336 3102 pleros
356 3050 391 3087 ue
409 3031 517 3086 vicerit.

311 3100 342 3153 ln
373 3117 387 3151 r
404 3097 490 3151 libros
509 3095 569 3148 eius
587 3094 633 3148 vix
651 3094 699 3147 alii
716 3093 851 3172 maiorem
869 3095 944 3164 apud
958 3097 1086 3216 posteros
1098 3101 1185 3152 aucto-

243 3168 356 3222 ritatem
374 3164 450 3218 nacti
468 3164 541 3226 sunt,
579 3177 645 3214 uam
658 3162 878 3217 ‘Sententiarum
891 3163 926 3218 ad
939 3164 956 3216 fi
968 3165 1026 3217 ium
1038 3163 1099 3217 libri
1111 3167 1184 3232 quin·

242 3243 324 3354 9
338 3229 507 3362 aileu
538 3229 682 3365 usu
699 3230 1184 3368 99999999

244 3340 453 3422 Senteiitiarum
470 3361 561 3429 primo
584 3363 613 3416 et
630 3337 712 3419 alteri
729 3366 788 3420 fere
810 3383 854 3421 res
875 3369 1026 3435 ondentes‚
1048 3340 1183 3420 Iustiniani

243 3448 344 3487 aevum
365 3429 502 3506 tulerant,
524 3428 614 3482 multo
636 3433 770 3499 prolixius
792 3385 904 3489 videtur
925 3436 1019 3490 fuisse.
1063 3434 1180 3510 Ceterum

243 3502 363 3575 utroque
376 3510 459 3572 opere
471 3494 501 3547 rd
514 3500 633 3574 egerunt
646 3505 781 3580 auctores,
794 3505 827 3556 ut
836 3503 964 3582 edictipe
1001 3502 1058 3556 etui
1067 3501 1181 3580 ordinem

275 3567 331 3617 cuti
343 3565 501 3632 potnsimas
513 3580 581 3618 runs
594 3569 755 3636 sententias,
771 3587 843 3639 quae
855 3588 908 3625 usu
920 3586 986 3624 inve
998 3570 1098 3633 uerunt,
1110 3584 1180 3635 quasi
