2542 3909
328 435 604 508 HERENNIVS
631 431 941 507 MODESTINVS.

432 610 474 666 Er
497 610 598 666 libris
621 609 836 684 Regularum.

223 709 249 768 1.
273 705 454 768 ¹Modestinus
478 711 633 784 regularum
655 711 725 767 libro
741 704 799 766 ΙΧ.2
820 709 870 765 sub
891 709 972 765 titulo
988 708 1115 766 debonis

160 794 319 853 libertorum
341 805 368 852 et
391 796 424 852 de
446 797 628 851 testamentis:
658 795 741 850 ‘Cum
763 797 790 851 iu
817 802 979 850 testamento
1008 793 1065 849 dies
1087 802 1115 849 et

159 879 285 936 eonsules
300 880 396 937 adiecti
411 897 465 936 non
481 888 553 945 sunt,
577 896 633 936 non
648 887 737 946 nocet,
761 881 905 951 quominus
928 878 1016 934 ualeat
1033 886 1114 934 testa·

160 963 303 1021 mentum?

393 1081 434 1137 En
456 1080 557 1138 libris
579 1081 880 1138 Differentiarum.

223 1182 252 1242 2.
277 1178 384 1241 3‘Inter
404 1199 482 1256 eum,
505 1183 552 1255 qui
573 1185 601 1239 in
624 1183 737 1238 insulam
761 1182 908 1255 relegatur,
931 1189 1046 1252 meum,
1069 1182 1115 1253 qui

159 1270 337 1344 deportatur,
360 1284 455 1340 magua
478 1267 627 1322 differentia
651 1266 716 1338 est’‚
740 1275 769 1321 ut
787 1268 823 1320 ait
839 1265 1003 1328 Herennium
1027 1265 1114 1338 primo

159 1355 234 1427 quod
256 1352 406 1426 relegatum
428 1351 499 1408 bona
521 1359 688 1423 sequuntur,
715 1351 766 1405 nisi
791 1350 894 1404 suerint
915 1350 1049 1404 sententia
1070 1348 1115 1404 ad·

162 1445 260 1510 empta,
276 1438 447 1509 deportatum
462 1450 518 1489 non
533 1443 697 1506 sequuntur,
717 1434 768 1488 nisi
788 1433 874 1513 palam
890 1435 915 1488 ei
936 1432 1037 1488 fuerint
1052 1448 1115 1488 aon·

1127 626 1190 673 [546]

159 1536 252 1577 cessa:
275 1521 313 1574 ita
335 1517 376 1590 iit,
399 1527 430 1573 ut
451 1517 572 1588 relegato
595 1520 761 1573 mentionem
783 1516 916 1573 bonorum
939 1518 967 1572 in
982 1517 1117 1572 sententia
1213 1514 1215 1517 ’

160 1621 217 1660 uon
232 1602 324 1659 haberi
340 1604 442 1674 prosit,
466 1601 607 1672 deportato
631 1609 735 1658 noceat.
779 1603 843 1656 item
863 1600 963 1656 distant
978 1607 1006 1656 et
1020 1602 1047 1655 in
1063 1600 1116 1656 looi

159 1687 302 1760 qualitate,
328 1685 401 1758 quod
423 1701 484 1740 eum
506 1684 626 1758 relegato
650 1684 758 1758 quidem
780 1684 921 1740 humanius
944 1684 1115 1757 transigitur,

160 1771 309 1843 deportatis
325 1785 391 1824 uero
407 1769 457 1824 hae
472 1768 562 1824 solent
575 1768 678 1824 insulae
693 1769 838 1842 assignari,
862 1784 931 1840 quae
947 1776 1011 1825 sunt
1027 1784 1116 1841 asper·

161 1857 259 1926 rimae,
282 1869 404 1928 quaeque
427 1860 491 1908 sunt
506 1851 587 1925 paulo
611 1853 721 1909 'lentius
743 1845 869 1924 sumpta⁴
890 1851 1024 1926 supplicio
1043 1868 1116 1910 com·

162 1939 303 2011 parandae.

238 2106 257 2173 1)
272 2107 387 2156 Primum
401 2105 465 2154 itaea
479 2121 513 2155 em
527 2107 614 2170 iqnoto
629 2120 646 2153 a
661 2105 739 2152 Petro
753 2111 832 2167 patre
845 2118 892 2153 suo
907 2110 1012 2166 accepto
1027 2105 1117 2153 codiee

163 2191 208 2227 ms.
223 2194 279 2228 oum
294 2177 359 2226 Mos.
375 2183 399 2224 et
414 2176 484 2228 Rom.
504 2178 587 2240 tenum
607 2173 921 2225 CollationeLutet.15ta.
938 2190 966 2237 p.
982 2184 1015 2224 54.
1035 2175 1118 2223 edidit

164 2249 195 2297 P.
212 2248 347 2305 Pithoeus,
362 2253 517 2309 postremum
532 2247 633 2295 adiecta
649 2247 741 2295 notitia
756 2246 887 2293 litteraria
900 2243 1075 2308 Baeeieinqius
1089 2247 1117 2293 in

163 2321 202 2368 ed.
222 2318 276 2382 Uip.
290 2320 386 2381 fraqm.
401 2326 460 2367 1855.
472 2332 500 2379 p.
511 2328 557 2367 179.
610 2313 630 2381 i)
645 2331 677 2365 111
691 2317 730 2364 ed.
747 2315 815 2363 Pati.
831 2316 949 2364 correxit
963 2313 984 2362 I.
998 2314 1115 2377 Gotitafr.

165 2389 252 2453 Neque
266 2391 332 2437 enim
346 2394 389 2433 ΙΙΙ.
404 2387 451 2434 sed
464 2387 529 2436 libro
548 2395 588 2434 ΙΧ.
605 2387 766 2436 Modestinus
784 2392 808 2434 et
826 2386 857 2434 de
877 2385 949 2434 bonis
967 2384 1117 2434 libertorum

163 2460 206 2525 (L.
222 2472 243 2510 9.
264 2459 296 2505 D.
312 2458 343 2506 de
358 2459 374 2504 i.
386 2464 492 2519 patron.
507 2470 546 2516 37,
561 2456 596 2522 14)
611 2465 635 2506 et
649 2458 680 2506 de
695 2457 850 2505 testamentis
864 2458 930 2519 eqit:
948 2456 1117 2519 videnturque

163 2533 220 2579 eius
233 2530 320 2592 operis
334 2527 437 2576 codices
451 2529 527 2576 etiam
541 2530 667 2577 misaelios
680 2529 769 2575 titulos
782 2525 912 2582 habuisse,
927 2525 1018 2590 quibus
1032 2527 1117 2575 diuer-

164 2615 209 2650 sae
223 2613 274 2656 res,
290 2612 340 2646 non
355 2597 387 2644 ab
402 2599 457 2659 ipso
472 2604 563 2656 tamen,
579 2606 606 2647 ut
616 2605 694 2660 puto,
704 2597 861 2654 Modestino,
877 2597 1026 2659 adscriptae
1040 2604 1065 2645 et
1079 2599 1117 2645 in-

163 2670 278 2732 scriptae
288 2674 369 2716 erant.
418 2664 439 2734 ³)
449 2668 523 2717 Haeo
533 2668 657 2717 debentur
667 2666 800 2717 codicibus
813 2666 962 2729 quibusdam
972 2665 1118 2716 Isidoriani

166 2741 381 2802 Differentiarum
391 2737 460 2787 iibri.
480 2739 524 2787 Ex
534 2742 586 2789 aiio
595 2740 695 2802 primus
704 2738 777 2799 Casp.
786 2736 912 2785 Bartiiius
921 2737 1021 2785 advers.
1033 2749 1117 2796 39‚14.,

165 2827 199 2860 ex
209 2811 261 2859 alio
273 2809 402 2857 Arevaius
412 2811 438 2858 in
449 2808 548 2859 Isidori
561 2810 599 2858 ed.
612 2808 728 2858 Romana
742 2807 768 2854 Τ.
785 2807 815 2856 V.
827 2823 854 2870 p.
865 2818 898 2858 aa.
909 2808 999 2855 edidit.
1019 2807 1118 2856 Utrius-

166 2897 213 2946 que
228 2882 360 2929 lectionem
375 2881 515 2943 eontposuit
529 2879 712 2928 Lachmannus
723 2877 847 2926 Zeitseitr.
855 2878 876 2940 s.
886 2877 972 2942 ¹qeseit.
984 2877 1007 2924 tt
1015 2877 1056 2926 W.
1069 2876 1117 2925 XI.

161 2969 189 3015 p.
205 2961 251 3002 115.
276 2951 434 3000 Postremum
448 2948 622 3014 Boealrinqius
635 2951 652 2997 i.
668 2965 689 2998 e.
706 2964 734 3011 p.
750 2960 796 2998 180.
811 2948 904 3005 edidit,
919 2963 991 3011 quem
1007 2948 1065 3010 fere
1079 2963 1118 2996 se·

166 3024 274 3086 quimur.
310 3020 391 3069 Libro
412 3019 433 3068 I.
453 3021 661 3084 differentiarum
680 3019 748 3067 nune
769 3020 851 3067 locum
872 3018 1033 3066 tribuendum
1056 3033 1118 3075 esse,

166 3094 232 3141 idem
247 3091 277 3141 ob
292 3090 323 3139 L.
338 3101 371 3140 22.
392 3090 424 3138 D.
439 3092 470 3139 de
481 3093 574 3155 poenis
587 3089 635 3155 (aa,
651 3088 687 3153 19)
702 3089 819 3139 coniecit.
848 3088 892 3137 Ad
904 3104 957 3136 rem
973 3089 1007 3151 ef.
1023 3087 1117 3137 Isidor.

166 3165 232 3227 oriq.
248 3171 269 3219 5,
284 3172 317 3211 tt.
332 3162 356 3220 §-
371 3172 403 3211 ao.
424 3161 456 3209 L.
470 3171 490 3210 4.
511 3161 665 3222 L.14.§.1.
686 3160 717 3207 L.
733 3170 758 3209 18
768 3175 812 3221 pr.
831 3159 863 3207 D.
879 3159 911 3207 de
925 3159 1018 3207 interd.
1034 3165 1059 3207 et
1072 3161 1118 3207 rei.

167 3231 211 3297 (ts,
226 3232 271 3295 aa).
293 3255 295 3259 ·
322 3227 343 3295 ⁴)
358 3229 461 3293 Scripsi
465 3249 474 3287 ;
490 3233 566 3279 minus
581 3245 672 3280 summo
688 3231 745 3278 edd.
767 3229 805 3292 Cf.
822 3229 890 3277 Ptin.
908 3227 939 3276 N.
950 3228 984 3278 H.
996 3241 1030 3290 11,
1040 3239 1074 3286 25,
1084 3240 1117 3279 30.

170 3300 233 3351 ‘nisi
246 3301 315 3365 quod
325 3302 451 3365 grauiore
465 3303 592 3365 supplicio
607 3304 675 3350 tenta
685 3300 859 3363 pertriduum
870 3305 949 3348 marte
959 3295 1118 3361 conficiunt'.
