2542 3909
163 214 223 278 188
469 225 530 260 anu
548 224 648 259 anama.
667 204 688 260 I.
707 209 817 258 tto-64.

161 370 329 426 contraxisse
344 368 480 426 dicuntur.
511 374 539 421 et
553 365 620 422 haec
634 365 702 420 adeo
724 367 761 421 ita
784 372 861 434 sunt,
885 371 918 419 ut
939 365 1062 437 quamuis
1079 381 1129 438 per

161 453 332 524 adoptionem
360 459 502 524 parentum
528 450 711 506 liberorumne
732 449 794 505 ioco
817 447 868 504 sibi
889 464 950 504 esse
976 451 1127 522 coeperint,

161 552 216 592 non
232 539 339 608 possint
355 536 426 590 inter
441 553 470 590 se
482 536 654 590 matrimonio
670 535 811 607 coniungi,
826 535 986 604 intantum,
1002 542 1033 587 ut
1048 535 1128 590 etiam

160 619 294 674 dissoluta
309 619 456 692 adoptione
471 619 541 675 idem
557 620 625 674 iuris
641 627 762 692 maneat3
780 619 871 691 itaque
886 633 961 690 eam,
980 619 1131 690 quaemihi

160 720 210 776 per
225 702 398 776 adoptionem
411 702 480 760 filiae
492 711 538 759 aut
548 705 640 776 neptis
652 702 715 760 loco
728 719 789 758 esse
800 703 931 775 eoeperit,
948 719 1004 758 non
1016 696 1129 776 potero¹

160 805 273 844 uxorem
296 788 411 858 ducere,
441 790 565 862 quamuis
588 805 646 843 eam
675 780 925 860 emancipauerim.²
980 783 1032 846 60.
1054 783 1132 843 Inter

161 889 207 928 eas
229 889 339 946 quoque
361 890 506 946 personas,
531 889 600 946 quae
623 889 656 928 ex
681 881 837 927 transuerso
860 871 948 944 gradu
964 873 1131 944 cognatione

160 958 327 1032 iunguntur,
357 965 399 1013 est
427 957 557 1030 quaedam
580 956 675 1012 similis
699 955 872 1024 obseruatio,
895 956 1020 1012 sednon
1043 964 1128 1011 tanta.

155 1036 204 1098 61.
227 1042 296 1098 Sane
318 1034 443 1119 '(eaim)³
465 1044 537 1098 inter
559 1041 670 1097 fratrem
692 1050 720 1096 et
742 1056 866 1096 sororem
889 1039 1041 1113 prohibitae
1064 1043 1201 1096 sunt111⁶t
1249 1056 1250 1061 ¹

160 1129 280 1200 nuptiae,
305 1128 364 1182 siue
380 1126 473 1183 eodem
497 1136 572 1200 patre
593 1125 741 1198 eademque
755 1134 841 1180 matre
859 1126 915 1179 nati
935 1124 1047 1195 fuerint,
1071 1127 1130 1181 siue

161 1211 293 1268 alterutro
310 1227 421 1267 eorum:
446 1210 494 1266 sed
517 1211 539 1266 si
563 1227 616 1284 qua
638 1227 688 1283 per
702 1210 878 1282 adoptionem
893 1225 974 1266 soror
988 1209 1053 1264 mihi
1068 1225 1129 1265 esse

161 1297 293 1369 coeperit,
309 1311 389 1368 quarn
405 1295 452 1350 diu
467 1295 575 1368 quidem
591 1302 699 1350 constat
713 1294 835 1367 adoptio,
858 1310 923 1349 sane
937 1295 1017 1372 'inter
1036 1311 1079 1350 me
1102 1304 1131 1350 ct

161 1397 218 1435 earn
235 1381 344 1452 nuptiae
360 1395 414 1434 non
431 1388 547 1452 possunt
562 1381 728 1447 consistere3
749 1395 811 1434 cum
826 1394 893 1435 uero
916 1395 966 1452 per
979 1381 1131 1452 emancipa-
1206 1405 1212 1415 ·

161 1466 264 1521 tionem
280 1463 390 1536 adoptio
407 1463 538 1519 dissoluta
555 1465 599 1531 sit,
622 1472 721 1536 potero
737 1480 794 1518 eam
810 1479 922 1518 uxorem
944 1463 1060 1531 ducere;
1082 1463 1130 1518 sed

162 1551 227 1604 etsi
246 1565 299 1622 ego
322 1549 503 1621 emancipatus
523 1546 612 1618 fuero,
637 1548 704 1602 nihil
727 1549 919 1622 impedimento
943 1548 996 1603 erit
1017 1548 1129 1620 nuptiis.

162 1629 211 1692 62.
229 1633 330 1688 Fratris
347 1631 427 1687 filiam
443 1648 555 1688 uxorem
571 1631 670 1688 ducere
686 1633 762 1688 iicet:
778 1631 860 1705 idque
875 1633 992 1704 primum
1007 1632 1035 1685 in
1051 1647 1129 1686 usum

162 1719 248 1786 uenit,
261 1733 321 1772 oum
331 1716 410 1771 diuus
422 1715 550 1772 Claudius
558 1717 744 1791 Agrippinam,
757 1717 849 1772 fratris
859 1719 901 1770 sui
914 1714 1007 1786 filiam,
1018 1731 1130 1770 uxorem

162 1802 300 1858 duxisset:
318 1803 420 1857 sororis
437 1817 503 1856 uero
520 1799 600 1856 filiam
613 1818 725 1857 uxorem
740 1801 840 1857 ducere
854 1818 910 1856 non
925 1801 996 1860 iicet.
1023 1800 1131 1856 ethaeo

110 1888 148 1936 1⁷·
163 1889 198 1942 ita
220 1885 415 1960 principalibus
436 1885 680 1942 constitutionibus
703 1884 903 1960 significantur.
920 1878 925 1961 Ι
941 1885 1009 1941 ltem
1024 1886 1131 1943 amitam

164 1981 191 2027 et
207 1979 379 2026 materteram
395 1987 506 2026 uxorem
522 1971 621 2026 ducere
637 1987 693 2026 non
715 1971 787 2026 iicet.
821 1965 872 2026 63.
887 1971 952 2025 item
972 1986 1041 2042 eam,
1064 1986 1133 2042 quae

163 2056 228 2110 mihi
244 2055 380 2128 quondam
396 2072 491 2111 socrus
507 2065 554 2111 aut
568 2071 654 2110 nurus
670 2065 716 2110 aut
731 2056 857 2128 priuigno
873 2063 920 2110 ant
935 2071 1053 2111 nouerca
1068 2054 1132 2110 init.

162 2141 223 2196 ideo
246 2148 335 2196 autem
359 2139 475 2195 diximus
499 2139 680 2212 ‘quondam',
705 2141 768 2213 quia
791 2143 813 2194 si
831 2139 920 2195 adhuc
941 2148 1069 2195 constant
1083 2155 1132 2194 eae

162 2227 284 2298 nuptiae,
299 2241 349 2298 per
364 2241 431 2298 quas
447 2225 507 2280 talis
524 2223 648 2280 adfinitas
663 2225 783 2297 quaesita
799 2233 857 2296 est,
879 2224 930 2279 aiia
945 2225 1051 2279 ratione
1067 2223 1132 2278 mihi

163 2319 246 2382 nupta
263 2325 322 2365 esse
338 2325 393 2364 non
409 2317 510 2382 potest,
535 2311 596 2381 quia
619 2325 709 2380 neque
733 2309 824 2365 eadem
847 2308 954 2364 duobus
970 2316 1056 2380 nupta
1071 2324 1133 2363 esse

163 2403 266 2468 potest,
282 2409 371 2466 neque
387 2393 457 2447 idern
474 2393 540 2447 duas
557 2409 656 2448 uxores
672 2392 780 2453 habere.
817 2388 865 2450 64.
881 2392 953 2466 Ergo
970 2394 993 2448 si
1008 2395 1069 2465 quis
1085 2409 1132 2448 ne·

164 2479 242 2533 iarios
259 2486 340 2548 atque
356 2478 472 2532 incestas
488 2479 597 2549 nuptias
608 2480 783 2549 contraxerit,
799 2494 888 2550 neque
904 2493 1016 2532 uxorem
1032 2476 1134 2533 habere

163 2562 283 2629 uidetur,
294 2577 381 2633 neque
394 2560 509 2616 liberos:
522 2563 613 2634 itaque
626 2562 664 2632 hi,
675 2564 722 2633 qui
733 2579 767 2618 ex
778 2580 812 2619 eo
820 2564 894 2619 coitu
903 2572 1065 2634 nascuntur,
1076 2578 1131 2617 ma·

163 2655 232 2702 trem
245 2645 352 2718 quidem
365 2643 464 2699 habere
476 2645 615 2716 uidentur,¹
625 2655 731 2718 patrem
739 2664 806 2702 uero
813 2648 982 2724 nonutique,
995 2663 1046 2702 nec
1057 2645 1092 2700 ob
1104 2646 1131 2700 id

162 2732 191 2786 in
206 2738 343 2803 potestate
359 2731 417 2784 eius
430 2738 502 2799 sunt,
521 2729 594 2802 (sed)
609 2739 682 2801 sunt,
700 2731 792 2803 quales
808 2725 852 2804 ii4,
868 2748 937 2805 quos
949 2741 1034 2787 mater
1045 2729 1132 2803 uulgo

163 2817 303 2887 concepit:
327 2830 387 2868 nam
404 2822 431 2867 et
447 2814 473 2868 hi
490 2822 593 2887 patrem
609 2815 709 2871 habere
724 2833 779 2871 non
795 2817 1005 2890 intelleguntur,
1026 2831 1086 2872 cum
1108 2816 1133 2869 is

238 2981 258 3050 1)
268 2991 352 3048 potero
363 2998 414 3032 eam
431 2979 482 3032 Vsa·
535 2979 799 3049 ²)emancipanerimos
814 2981 868 3034 W.
911 2982 1132 3052 ³)Eonot.sop·

159 3058 239 3119 plevi.
300 3052 322 3120 4)
338 3055 490 3118 qualessnnt
506 3055 530 3104 0.
547 3056 605 3106 edd.
622 3057 661 3120 Cf.
677 3058 700 3117 ξ.
716 3068 749 3106 12.
774 3056 928 3120 Ldeoupt.
945 3057 977 3121 (1,
994 3055 1036 3120 to).
1065 3055 1134 3104 Inde

163 3128 277 3191 sortasse
292 3128 404 3176 rectius:
420 3127 502 3190 (sunt,
516 3127 563 3176 sed
576 3125 653 3192 talea)
668 3135 731 3188 sunt,
750 3128 832 3190 quales
847 3136 902 3176 sont
915 3128 941 3176 hi
955 3128 994 3177 ed.
1010 3127 1060 3177 Kr.
1074 3138 1095 3176 a.

235 3299 278 3371 ξς.
290 3304 332 3354 60.
349 3305 389 3354 61.
406 3325 439 3344 =
455 3305 477 3365 ξ.
489 3316 508 3354 2.
529 3303 594 3352 Lde
604 3310 675 3366 nupt.
687 3304 718 3366 (1,
734 3303 777 3367 ro).
804 3303 843 3366 Of.
859 3303 915 3366 Utp.
925 3315 947 3361 o,
957 3315 978 3354 o.
1047 3299 1072 3371 ξ.
1088 3306 1132 3355 62.

166 3374 204 3438 Of.
220 3376 260 3437 ἕξ.
276 3385 295 3424 6.
311 3385 331 3424 o.
352 3373 373 3423 I.
389 3375 445 3424 eod.
461 3374 515 3438 Uip.
531 3386 552 3434 6,
567 3386 587 3425 6.
614 3373 704 3423 Collot.
715 3386 736 3432 6,
750 3386 771 3423 4.
791 3376 815 3437 §-
830 3387 851 3426 5.
874 3373 1131 3438 Tacit.A.12,oseq.

163 3458 198 3503 aa,
211 3458 231 3496 2.
251 3443 320 3494 Soet.
338 3444 427 3495 Claud.
438 3457 472 3496 ro.
487 3457 520 3496 es.
535 3457 570 3496 eo.
590 3445 642 3495 lito
652 3457 686 3511 ss,
701 3457 722 3494 e.
769 3441 794 3512 δ.
806 3448 848 3496 63.
865 3445 904 3508 Of.
915 3447 955 3507 §5-
970 3458 990 3496 o.
1006 3456 1025 3495 a.
1041 3444 1132 3494 Laod.

168 3515 224 3579 Uip.
244 3528 269 3574 5,
289 3529 309 3568 6.
340 3517 429 3566 Collot.
451 3529 476 3573 6,
495 3529 514 3566 6.
539 3518 562 3577 ξ.
582 3528 603 3566 3.
681 3510 707 3582 ξ.
728 3518 769 3567 64.
796 3516 932 3579 Gf'.§.12.
959 3515 1054 3565 Leod.
1076 3531 1133 3565 cum

163 3585 274 3637 Sodrad.
