2542 3909
322 255 383 290 nos.
402 256 435 291 sn
452 257 515 290 nort.
534 257 624 293 suevit
642 257 750 294 conum
768 239 815 294 IV·
834 246 930 295 8-10.
1039 239 1099 303 661

214 381 281 457 iiap.
297 383 359 440 vili.
397 382 606 458 Papinianus
629 387 747 443 eodem
769 386 858 444 libro
881 388 1106 460 singulariet

150 467 269 524 titulo.
306 464 330 523 1.
355 466 431 523 ‘Cum
446 471 516 543 patri
531 471 573 525 len
588 470 664 544 regia
685 471 789 527 dederit
803 473 831 527 in
851 466 950 527 filiam¹
973 474 1045 527 uitae
1060 487 1106 526 ne·

150 553 242 623 cisque
269 559 448 624 potestatem,
476 569 530 624 quo
554 553 653 609 bonum
680 554 732 610 init
753 555 815 628 iege
838 555 1048 628 comprehendi,
1078 563 1107 610 ut

150 642 272 708 potestas
294 635 328 691 ’ei
344 629 435 691 esset²
457 630 553 691 etiam3
574 635 655 693 iiiam
671 637 828 694 occidendi?
848 633 948 693 'uelis⁴
968 641 1033 695 mihi
1054 639 1107 695 're-

151 713 305 776 scribere:⁵
327 735 386 774 nam
409 720 478 775 scire
500 721 601 795 cupio?
645 721 809 794 Respondit:
834 723 965 795 numquid
987 739 1020 780 er
1043 739 1107 780 con·

122 806 124 810 '
152 804 234 858 trario
257 811 376 875 praestat
399 803 477 860 nobis
499 813 688 877 argumentum
711 806 778 861 haec
794 806 920 875 adiectio,
943 816 973 860 ut
994 821 1050 862 non
1065 808 1106 861 ui-

150 885 246 941 deatur
261 887 304 942 ies
319 903 374 942 non
397 886 504 943 habenti
525 888 631 944 dedisse
655 882 834 965 ’(occtdendi
852 897 1034 962 potestatem,
1056 891 1110 946 sed

150 973 349 1026 necessitatem
371 965 581 1046 imposuisse‚)⁶
603 979 634 1027 ut
649 972 774 1028 uideatur
787 973 890 1028 maiore
905 975 1041 1046 aequitate
1056 975 1105 1030 du·

150 1060 210 1109 ctus
225 1054 376 1110 adulterum
392 1056 533 1127 occidisse,
550 1073 609 1112 cum
625 1073 675 1112 nec
689 1054 759 1111 tiliae
774 1057 942 1130 pepercerit?

213 1136 278 1211 Kap.
301 1139 344 1194 lx.
391 1137 480 1195 idem
508 1138 547 1194 de
574 1139 778 1197 adulteriis:
823 1138 850 1197 1.
873 1139 918 1196 ‘Si
942 1149 1033 1215 pater,
1060 1144 1106 1215 qui

150 1221 302 1277 adulterum
318 1223 425 1292 occidit,
448 1220 518 1278 filiae
533 1239 596 1278 suae
611 1224 743 1295 pepercit,
764 1240 877 1296 quaero,
894 1225 958 1298 quid
974 1225 1107 1281 aduersus

150 1321 211 1360 eum
227 1307 261 1361 sit
276 1305 487 1361 statuendumi'
517 1307 683 1379 Respondit:
698 1308 757 1363 sinc
767 1307 850 1363 dubio
866 1308 917 1363 iste
931 1318 1009 1381 pater
1019 1309 1106 1365 homi·

149 1388 208 1443 cida
224 1397 281 1456 est;
304 1390 389 1462 igitur
412 1389 546 1445 tenebitur
567 1391 630 1463 lege
645 1391 766 1447 Cornelia
782 1392 815 1447 de
837 1393 949 1448 sicariis.
986 1391 1068 1448 Plane
1082 1395 1105 1448 si

150 1469 206 1526 filia
227 1488 283 1528 non
305 1473 447 1528 uoluntate
470 1476 565 1548 patris,
587 1476 634 1530 sed
650 1491 714 1531 casu
734 1484 842 1532 seruata
861 1485 913 1548 est,
935 1475 1018 1549 ’quod
1033 1476 1106 1533 iorte

151 1548 247 1629 iugit‚⁷
268 1573 323 1613 non
339 1558 473 1613 minimam
489 1557 596 1614 habebit
617 1559 801 1615 defensionem
816 1569 901 1634 pater.
933 1560 997 1616 iiam
1012 1560 1054 1616 lex
1069 1562 1106 1616 ita

53 1631 59 1640 '
78 1653 139 1702 [sot]
151 1642 228 1712 punit
241 1641 410 1707 homicidam,
434 1645 457 1697 si
472 1643 535 1698 doio
551 1642 622 1698 malo
638 1641 926 1700 homicidium-iactum
941 1645 1038 1701 inerit:
1061 1645 1106 1701 hic

150 1733 240 1780 autem
262 1733 340 1798 pater
361 1742 417 1782 non
432 1726 493 1782 ideo
516 1729 636 1782 seruauit
658 1725 751 1798 filiam,
774 1729 837 1800 quia
860 1728 959 1797 uoluit,
981 1730 1029 1784 sed
1045 1731 1106 1801 quia

150 1808 272 1864 occidere
287 1824 345 1864 earn
360 1825 414 1864 non
429 1811 529 1882 potuit.

164 1956 166 1961 ¹
214 1891 333 1966 Kapii.
378 1892 585 1966 Papinianus
607 1893 707 1949 idem:
743 1892 768 1952 l.
792 1895 839 1950 ‘Si
861 1897 973 1951 maritus
994 1911 1105 1951 uxorem

150 1993 226 2034 suam
241 1979 268 2032 in
284 1975 418 2032 adulterio
433 1976 627 2048 deprehensam
643 1977 751 2048 occidit,
767 1995 800 2034 an
814 1980 844 2034 in
858 1979 947 2051 legem
958 1978 992 2036 de
1003 1981 1105 2035 sicariis

150 2061 260 2132 incidat,
276 2059 399 2134 quaero!
431 2059 592 2134 Respondit:
615 2061 688 2116 nulia
705 2069 781 2134 parte
796 2061 866 2134 legis
881 2064 977 2118 marito
993 2079 1105 2118 uxorem

151 2144 274 2202 occidere
289 2144 461 2212 conceditur:
482 2160 564 2217 quare
579 2138 694 2217 'aportei
709 2154 803 2200 contra
818 2145 906 2218 legem
922 2146 1018 2202 iecisse
1032 2162 1105 2217 eum,

150 2245 206 2284 non
219 2222 390 2299 ambigitur.9
428 2228 480 2284 Sed
496 2230 519 2283 si
534 2226 567 2283 de
581 2244 670 2302 poena
692 2237 802 2300 tractas,
824 2245 879 2284 non
900 2231 991 2302 inique
1005 2229 1106 2304 aliquid

146 2398 279 2461 placuisse
298 2397 401 2446 cicietur
419 2397 450 2445 L.
466 2409 500 2448 14.
519 2399 542 2458 §-
556 2407 577 2447 8.
600 2397 632 2445 D.
647 2398 672 2446 b.
687 2405 704 2447 t.
770 2395 791 2464 ¹)
804 2397 850 2448 Sic
863 2400 951 2461 aptius
968 2397 1013 2456 B.,
1031 2414 1106 2463 quam

151 2468 224 2516 tilium
244 2468 289 2517 Vc.
310 2467 351 2515 Vi.
367 2467 439 2524 edd,
454 2466 523 2530 quod
538 2468 688 2530 factumest
706 2485 741 2518 ex
759 2471 823 2518 maie
842 2470 971 2519 intellecto
986 2470 1057 2518 etiam
1071 2470 1107 2518 ad

151 2545 202 2588 not.
217 2549 237 2588 s.
265 2536 372 2587 Scilicet
386 2538 413 2585 in
424 2539 509 2600 filiurn
523 2538 585 2586 dato
600 2546 716 2602 potestas
730 2541 806 2588 ettam
821 2541 854 2588 in·
864 2541 946 2602 filiam
960 2539 1022 2590 data
1036 2541 1106 2589 oide-

151 2607 234 2657 botnr.
265 2603 303 2672 Cf.
319 2623 340 2658 c.
356 2620 376 2658 t.
429 2603 450 2672 2)
465 2609 533 2657 tieret
549 2609 611 2658 Odci.
626 2610 684 2658 edd.
740 2607 762 2674 ³)
777 2611 794 2658 i.
810 2625 831 2658 e.
846 2625 897 2659 non
911 2611 1106 2660 solamcduite·

150 2694 207 2728 runt
220 2679 267 2728 aed
280 2681 355 2728 etiam
366 2679 456 2742 filiani.
507 2674 530 2744 ⁴)
546 2679 633 2728 Ouiae.
649 2683 682 2743 cj.
698 2681 759 2729 uelle
768 2679 799 2728 B.
820 2680 905 2729 ueilem
924 2680 969 2729 Ve.
989 2681 1031 2730 Vi.
1046 2682 1105 2730 edd.

152 2745 172 2816 ⁶)
188 2747 232 2799 Sic
250 2749 311 2799 Cdd.
326 2749 474 2799 rescriberes
493 2749 532 2799 ed.
551 2747 592 2798 Bi.
619 2750 744 2814 Cs.1.11.
763 2753 787 2812 5.
802 2762 822 2801 2.
841 2749 959 2801 Brisson.
979 2752 1011 2800 de
1026 2752 1096 2814 form

149 2831 170 2879 e,
180 2832 213 2870 to.
225 2831 258 2872 85.
306 2817 328 2884 ⁶)
342 2820 417 2870 Haec
427 2821 516 2883 potius
526 2828 636 2884 propter
651 2813 863 2886 dpocote'ievton
877 2823 1016 2881 excidisse,
1031 2837 1106 2886 quom

150 2891 219 2953 qood
231 2891 289 2940 edd.
304 2892 401 2940 audaci
414 2890 538 2940 modestia
551 2893 671 2954 supplent
684 2892 735 2953 sed,
749 2894 807 2955 ipsc
820 2894 947 2942 sententia
961 2893 1042 2942 docet.

152 2959 172 3024 ⁷)
192 2960 278 3010 Verba
292 2963 355 3024 quod
369 2963 429 3011 iorte
445 2962 517 3010 iiiiam
530 2959 561 3009 B.
584 2962 647 3024 quod
666 2963 727 3011 forte
741 2963 800 3023 ingit
814 2963 861 3011 iiiia
881 2963 925 3012 Ve.
946 2963 987 3012 Vi.
1005 2963 1066 3012 cdd.
1082 2971 1107 3012 et

150 3030 208 3079 edd.
224 3031 317 3082 babent
331 3035 357 3080 in
369 3035 422 3094 fine
432 3032 539 3095 periodi
549 3039 610 3094 post
618 3049 641 3081 o.
652 3041 732 3096 pater3
748 3034 885 3096 manifesto
895 3036 1105 3096 transpositione,

151 3115 215 3235 tii
229 3102 1105 3238 iiiii”itiiiiiiii-aiibicitit:iiiiii

150 3241 194 3290 ubi
208 3242 239 3291 de
253 3243 392 3292 homicidio
406 3246 446 3292 ael
460 3244 531 3294 licito
546 3246 585 3293 oei
599 3246 692 3294 illicito
707 3244 846 3308 operatur,
861 3246 905 3294 cui
918 3246 1012 3294 deinde
1026 3260 1105 3308 oppo-

150 3314 223 3362 nitur
237 3328 268 3363 ea
278 3327 356 3375 pars,
372 3315 400 3362 in
414 3329 464 3377 qna
474 3326 561 3377 poeno
575 3314 709 3364 homicidii
721 3316 824 3364 sancito
837 3322 903 3364 erat.
964 3313 985 3381 ⁹)
1000 3330 1047 3364 non
1062 3316 1105 3363 du-

149 3383 263 3440 bitantur,
278 3384 347 3448 qnod
359 3391 419 3432 onte
433 3384 560 3445 ambigitur
574 3385 668 3435 babent
683 3385 758 3447 odd„
771 3388 898 3450 glossema
912 3400 967 3435 ecte
980 3386 1022 3435 bie
1035 3387 1104 3434 coci·

149 3453 195 3503 bns
214 3455 355 3520 aliqnando
373 3455 588 3517 superscriptum,
608 3458 663 3519 ipse
677 3455 708 3505 B.
723 3459 795 3505 tectis
808 3463 858 3514 est,
878 3458 906 3505 in
923 3471 973 3520 quo
990 3458 1106 3518 sequenti

144 3527 256 3586 periodo
267 3533 328 3590 post
341 3541 363 3574 o.
379 3525 524 3587 permittitur
537 3527 613 3575 etiam
630 3527 699 3576 bone
717 3529 877 3577 correctoris
894 3527 1106 3577 admonitionem:

149 3597 275 3660 ambigitur
289 3597 323 3646 sic
339 3596 397 3645 dicit
411 3593 457 3661 (sc.
473 3594 577 3662 auctor)
590 3611 636 3645 non
656 3597 703 3662 (sc.
717 3598 794 3660 dicit,
810 3613 889 3662 neque
907 3612 970 3663 erpo
988 3595 1104 3646 scriben-
