2542 3909
180 211 245 274 204
480 222 538 260 ean
555 223 652 258 rnsrrr.
670 202 691 257 Ι.
711 207 853 257 tas-131.

182 367 287 423 obitam
303 369 354 423 aar·
366 367 395 420 in
411 369 500 437 patras
515 365 557 420 sui
573 370 710 437 potestate
726 360 812 431 liunt3
835 363 859 418 si
874 379 941 418 uero
957 364 993 426 is,
1009 381 1065 438 quo
1080 371 1151 426 tem,-

180 467 247 524 pore
262 467 332 506 auus
347 451 474 521 moritur,
490 458 536 504 aut
552 450 602 503 iam
619 454 747 504 mortuus
762 454 805 504 ast
817 454 869 503 aut
883 449 947 503 exiit
963 447 996 504 de
1011 456 1152 522 potestate

181 534 297 607 (patris,
314 535 437 605 translat,
454 537 523 608 quia
538 537 568 590 in
582 531 765 604 potestatam)
780 532 839 587 eius
850 532 946 588 eadere
957 543 1153 607 nonpossunt‚
1168 546 1232 602 [131]

128 622 168 674 11.
182 621 225 674 sai
240 619 308 674 iuris
323 617 403 674 bunt.
431 615 498 678 128.
513 615 581 676 Cum
595 609 599 696 Ι
613 618 749 687 rutenis,
766 618 809 673 cui
822 615 857 672 ob
868 616 978 693 aliquod
990 617 1152 676 maleficium

180 701 221 758 'es
243 703 306 777 lege
326 701 439 776 (aliqua
455 707 535 760 uelut
551 719 590 760 eoe
607 700 682 775 lega)
696 695 835 757 Cornelia¹
856 717 924 774 aqua
944 710 973 758 et
993 704 1051 777 igni
1067 704 1153 761 inter·

180 787 290 859 dieitur,
306 789 443 844 ciuitatem
456 789 602 844 Romanam
615 788 733 855 amittat,
750 787 884 860 sequitur,
899 794 931 842 ut
943 788 1009 860 quia
1023 789 1151 846 eomodo

181 888 214 928 ex
229 888 342 928 numero
359 874 458 931 ciuium
474 872 657 928 Romanorum
673 871 790 947 tollitur,
812 871 929 944 proinde
944 888 976 927 ao
989 882 1101 930 mortno
1117 891 1151 930 eo

83 985 87 994 ,
180 956 305 1014 desinant
325 956 402 1014 liberi
422 959 450 1013 in
472 964 609 1031 potestate
624 957 685 1011 eius
700 972 776 1010 esse:
796 973 848 1012 neo
863 956 934 1010 enim
949 958 1020 1012 ratio
1036 960 1152 1031 patitur,

181 1050 212 1098 ut
227 1045 387 1117 peregrinae
403 1042 569 1098 condicionis
591 1041 674 1096 homo
694 1041 781 1096 ciuem
795 1040 946 1096 Romanum
966 1042 994 1097 in
1013 1049 1153 1114 potestate

181 1126 287 1184 habeat.
317 1129 375 1201 pari
390 1129 497 1182 ratione
509 1135 537 1183 et
553 1128 575 1181 si
586 1125 620 1195 ei,
640 1126 686 1197 qui
701 1126 728 1180 in
740 1133 879 1198 potestate
889 1127 1012 1198 parentis
1022 1127 1066 1190 sit,
1081 1143 1153 1200 aqua

99 1267 101 1271 .
181 1221 209 1267 et
223 1214 281 1286 igni
296 1211 471 1267 interdictum
491 1210 583 1279 suerit,
603 1210 704 1265 desinit
722 1211 751 1264 in
772 1218 910 1283 potestate
934 1213 1057 1283 parentis
1079 1228 1152 1282 esse,

182 1298 244 1368 quia
260 1312 345 1368 aeque
360 1297 429 1350 ratio
445 1311 501 1351 non
516 1297 628 1368 patitur,
652 1303 684 1349 ut
699 1295 864 1368 peregrinae
883 1295 1053 1352 condicionis
1068 1297 1152 1352 homo

181 1383 208 1436 in
239 1387 378 1454 potestate
413 1381 448 1436 sit
483 1381 550 1435 ciuis
576 1378 690 1434 Romani
718 1381 850 1452 parentis.
891 1375 959 1437 120.
988 1379 1091 1447 Quodsi
1119 1379 1153 1437 ab

181 1464 307 1520 hostibus
330 1475 428 1538 eaptus
450 1464 534 1520 luerit
556 1479 670 1538 parens,
693 1465 818 1537 quamuis
833 1478 934 1520 seruus
949 1465 1069 1521 bostium
1092 1464 1150 1535 flat,
1239 1490 1240 1493 ¹

183 1557 269 1605 tamen
295 1549 397 1624 pendet
423 1551 465 1604 ius
489 1548 635 1604 liberorum
666 1556 781 1622 propter
808 1551 850 1604 ius
872 1549 1048 1623 postliminii,
1070 1544 1152 1623 ’quo²

92 1642 95 1646 “
181 1635 224 1706 hl,
248 1635 294 1708 qui
309 1633 341 1689 ab
358 1633 482 1690 hostibus
497 1635 568 1708 eapti
591 1641 664 1706 sunt,
688 1633 712 1688 si
732 1636 837 1689 reuersi
852 1634 962 1704 luerint,
986 1635 1080 1689 omnia
1094 1636 1153 1708 pri·

181 1720 251 1774 stina
267 1719 325 1773 iura
340 1719 489 1792 recipiunt3
511 1720 603 1792 itaque
625 1733 755 1775 reuersus
777 1718 886 1776 babebit
906 1719 1007 1774 liberos
1028 1721 1057 1774 in
1072 1727 1152 1792 pote·

181 1811 266 1860 state:
289 1804 312 1858 si
328 1819 395 1859 uero
410 1803 466 1859 illie
480 1810 607 1859 mortuas
623 1805 673 1875 sit,
695 1811 777 1859 erunt
792 1804 901 1878 quidem
918 1801 995 1859 liberi
1009 1805 1051 1858 sui
1066 1805 1152 1873 iuris3

181 1887 229 1944 sed
245 1894 337 1943 utrum
353 1905 385 1945 ex
401 1889 454 1945 ho'e
469 1897 602 1962 tempore,
626 1905 682 1962 quo
698 1897 825 1945 mortuas
841 1897 884 1944 est
905 1888 977 1962 apud
995 1889 1090 1944 hostes
1104 1905 1153 1962 pa·

181 1989 255 2045 rens,
272 1989 305 2028 an
321 1989 353 2028 ex
368 1972 426 2044 illo,
452 1990 506 2048 quo
523 1973 555 2030 ab
571 1973 697 2030 hostibus
712 1981 807 2046 eaptus
830 1984 888 2044 est,
910 1972 1027 2029 dubitari
1047 1981 1151 2046 potest.

181 2058 240 2131 ipse
255 2073 366 2132 quoque
382 2057 452 2114 iilius
468 2075 590 2133 neposne
611 2061 633 2114 si
649 2058 682 2114 ab
698 2057 824 2114 hostibus
845 2067 941 2132 captus
960 2058 1055 2128 luerit,
1078 2059 1153 2114 simi·

180 2143 243 2200 liter
254 2143 385 2215 disemus,
402 2152 516 2218 propter
526 2145 568 2200 ius
580 2143 742 2217 postliminii
755 2151 920 2217 potestatem
932 2160 1043 2217 quoque
1054 2159 1152 2217 paren·

181 2229 216 2283 tis
232 2230 258 2284 in
275 2245 409 2302 suspenso
425 2245 495 2289 esse.
524 2225 592 2286 130.
605 2229 749 2285 Praeterea
761 2237 863 2284 exeunt
873 2228 952 2284 liberi
963 2229 1056 2284 uiriles
1069 2245 1151 2284 sexus

130 2314 171 2363 36.
184 2312 217 2369 de
231 2315 353 2386 parentis
363 2321 511 2387 potestate,
528 2315 551 2368 si
563 2312 683 2369 flamines
696 2313 781 2369 Diales
792 2315 1002 2386 inaugurentur,
1018 2320 1046 2368 et
1058 2306 1061 2391 )
1075 2313 1153 2368 lemi-

182 2398 238 2453 nini
254 2413 346 2470 sexus,
362 2400 386 2452 si
400 2399 524 2470 uirgines
535 2398 657 2454 Vestales
669 2399 820 2470 capiantur.
846 2394 910 2455 181.
923 2395 990 2453 Olim
1005 2391 1152 2472 'quldem,³

183 2497 238 2554 quo
259 2480 382 2555 ternpore
401 2481 520 2556 populus
541 2481 677 2538 Romanus
699 2484 728 2537 in
748 2481 858 2539 Latinas
879 2483 1009 2557 regiones
1031 2483 1152 2539 colonias

182 2564 342 2636 deducebat,
359 2560 414 2642 (et)
431 2567 478 2639 qui
492 2567 570 2623 iussu
584 2569 704 2639 parentis
719 2568 748 2623 in
767 2569 901 2624 coloniam
916 2566 1037 2623 Latinam
1051 2584 1152 2623 nomen

182 2644 349 2722 dedissent,⁴
364 2649 523 2708 desinebant
538 2652 566 2707 in
580 2660 717 2726 potestate
727 2655 859 2724 parentis
875 2669 951 2723 esse,
975 2653 1038 2725 quia
1060 2650 1152 2708 elhee·

257 2807 277 2876 1)
298 2811 343 2860 Eae
366 2807 424 2870 W,
443 2813 490 2861 sed
508 2814 657 2862 necessario
675 2815 827 2876 suppletam.
861 2828 890 2862 er
908 2813 960 2876 lege
978 2812 1071 2877 poenali
1090 2812 1150 2861 edd.

178 2883 266 2945 prior.
285 2883 425 2932 secandam
446 2882 538 2935 Gdeah.
556 2883 675 2934 Sebedas
693 2892 835 2934 comecias.
897 2881 921 2950 ²)
934 2885 990 2948 qnia
1003 2884 1067 2933 last.
1087 2884 1150 2947 quod

187 2949 240 3012 Vll,
254 2955 302 3003 sed
314 2962 343 3004 at
352 2961 417 3017 pato
432 2963 494 3004 nota
508 2971 627 3006 erronea.
707 2951 729 3020 8)
744 2972 784 3020 qq.
806 2955 831 3005 θ.
856 2952 901 3004 V⁸t
918 2953 977 3021 (sed
990 2970 1042 3018 pro
1061 2955 1104 3019 qd,
1123 2961 1152 3003 at

178 3032 259 3088 pato;
274 3025 309 3089 ef.
324 3039 346 3088 1,
361 3021 420 3091 151).
449 3041 543 3091 quoque
558 3028 630 3084 edd,
650 3027 720 3090 qaod
732 3043 785 3077 aaa
798 3035 837 3077 eet
850 3028 927 3076 haias
941 3029 1001 3076 loci.
1070 3023 1092 3090 4)
1106 3025 1152 3074 Ea

187 3094 215 3145 V
212 3092 233 3128 Β*
241 3099 341 3161 partim
356 3099 389 3160 ej.
403 3097 450 3146 eed
463 3105 536 3148 certa
550 3099 690 3149 secandam
703 3097 794 3162 Sappl.
807 3097 846 3148 St.
857 3115 885 3163 p.
905 3098 999 3147 XXV.

254 3237 279 3309 ξ.
298 3241 435 3301 128.=§.
447 3251 466 3288 1.
486 3238 558 3292 Lib.
580 3239 618 3303 Cf.
643 3239 747 3304 Illam,
764 3252 785 3290 1.
836 3237 934 3310 5129.
950 3262 983 3282 =
999 3241 1023 3301 ξ.
1037 3251 1058 3292 5.
1078 3238 1150 3289 Lib.

185 3309 222 3374 Cf.
243 3311 298 3374 Ulp.
315 3322 384 3373 10,1.
413 3311 517 3360 dubitari
530 3309 622 3378 potest]
640 3311 666 3360 C.
682 3310 759 3378 Paul.
774 3323 796 3374 2,
810 3323 844 3363 11.
865 3315 889 3374 θ.
900 3324 921 3362 1.
940 3312 972 3360 L.
984 3323 1017 3362 11.
1038 3313 1061 3372 5.
1077 3324 1097 3360 1.
1117 3310 1149 3359 L.

182 3393 216 3433 184
236 3381 269 3430 L.
289 3392 322 3431 11.
342 3384 365 3444 ξ.
385 3394 405 3432 1.
425 3381 458 3430 D.
478 3383 510 3431 de
528 3384 622 3446 captia.
643 3380 751 3446 (11,15).
815 3378 842 3452 §.
861 3386 921 3434 130.
942 3383 981 3446 Cf.
1006 3381 1061 3445 Utp.
1082 3394 1115 3443 10,
1130 3393 1150 3433 5.

183 3453 257 3516 infra
272 3454 295 3513 ξ.
311 3463 357 3504 115.
378 3467 398 3516 1,
414 3464 461 3504 111.
486 3454 567 3503 Tacit.
578 3453 612 3501 A.
626 3464 649 3514 1,
660 3465 693 3504 16.
715 3453 778 3502 Geta.
790 3466 855 3514 1,11.
883 3454 1020 3503 Plutarch.
1032 3453 1105 3502 Nam.
1117 3465 1150 3503 1ο.

183 3519 209 3591 §.
226 3526 284 3575 131.
302 3525 340 3588 Of.
359 3525 410 3575 Cio.
422 3539 475 3586 pra
492 3525 564 3574 Gaea.
580 3535 614 3575 11.
630 3535 664 3574 at.
680 3538 732 3586 pro
751 3523 833 3574 Balbo
848 3537 945 3576 11-11.
961 3540 1013 3588 pro
1028 3525 1102 3574 domo
1115 3535 1150 3576 1ο.

182 3593 272 3646 Boeth.
288 3597 315 3646 in
334 3595 394 3659 Tap.
410 3608 430 3648 1.
446 3611 475 3658 p·
490 3605 530 3646 111
544 3595 615 3644 Bait.
