2542 3909
349 231 410 266 nos.
429 232 462 267 nr
479 231 542 266 non.
561 231 651 268 nnuvrr
669 231 777 268 connsr.
796 213 867 268 XVI.
889 220 912 268 1.
1038 215 1103 280 695

149 353 228 436 (ac)¹
249 369 413 416 commenta:
437 360 497 417 ideo
513 377 652 418 aerumnas
668 370 749 435 atque
763 377 864 435 poenas
879 360 981 417 debitas
997 370 1024 418 et
1038 378 1103 418 con·

148 445 244 518 dignas
260 444 312 500 illis
328 445 480 500 statuimus.
525 440 553 500 θ.
575 443 701 501 iubemus
716 461 840 517 namque,
856 453 980 502 auctores
995 445 1102 520 quidem

149 545 180 584 ac
194 529 330 601 principes
345 543 397 584 una
413 544 473 584 cum
496 528 678 584 abominandis
698 530 839 601 scripturis
854 544 949 584 eorum
972 531 1103 586 seueriori

148 627 253 684 poenae
268 611 367 682 subici,
391 613 427 667 ita
442 620 473 667 ut
488 611 617 668 llammeis
638 612 746 685 ignibus
769 619 930 668 exurantur:
954 613 1103 670 'consecta-

148 689 236 750 neos²
257 711 340 765 uero,
368 702 396 752 st
418 711 505 768 usque
528 695 673 752 ’aduersus
695 688 782 752 deos³
809 697 996 752 contentiosos
1018 698 1104 770 capite

69 792 137 841 reos]
150 779 241 851 puniri
269 779 465 851 praecipimus,
491 787 634 835 eteorum
662 778 732 835 bona
758 777 825 834 liseo
852 786 949 834 nostro
975 779 1103 835 uindicari

148 863 292 918 sancimus.
326 857 353 918 7.
370 861 397 918 Si
413 863 458 936 qui
473 878 537 918 sane
553 865 632 918 stiam
648 862 784 933 honorati,
799 870 845 918 aut
859 861 1002 918 cuiuslibet
1017 863 1104 935 digni·

149 947 227 1016 tatis,
252 945 296 1002 uel
318 946 439 1012 maioris,
468 961 599 1019 personae
622 945 655 1000 ad
677 947 746 1002 hanc
767 945 913 1001 inauditam
935 953 964 1002 et
985 954 1103 1020 turpem,

148 1036 229 1102 atque
244 1045 293 1101 per
307 1031 395 1084 omnia
410 1027 536 1085 inlamem
551 1037 668 1098 sectam,
689 1029 734 1086 uel
748 1029 780 1084 ad
795 1028 946 1084 doctrinam
961 1029 1104 1085 Persarum

148 1128 178 1167 se
202 1111 402 1184 transtulerint,
425 1128 519 1168 eorum
542 1113 701 1185 patrimonia
722 1110 788 1168 lisco
804 1119 899 1167 nostro
914 1112 1043 1169 adsociati
1065 1113 1103 1168 la-

148 1196 218 1268 cies,
247 1189 410 1269 ’ipsosque4
438 1193 621 1252 boemensibus
651 1195 695 1251 uel
723 1194 940 1252 Proconeusibus
969 1190 1104 1252 metallis⁵

148 1279 215 1336 dari.
259 1277 288 1335 8.
311 1278 345 1334 Ut
367 1279 451 1351 igitur
473 1280 596 1351 stirpitus
619 1281 752 1352 amputari
773 1277 841 1334 mala
855 1278 921 1335 baec
934 1281 1055 1352 nequitia
1070 1279 1104 1336 de

147 1361 256 1424 saeculo
271 1360 427 1418 beatissimo
443 1370 539 1418 nostro
555 1363 658 1436 possit,
681 1362 792 1418 deuotio
808 1370 853 1417 tua
873 1363 955 1417 iussis
970 1379 1001 1419 ac
1017 1371 1104 1419 statu·

148 1445 183 1500 tis
206 1445 408 1518 tranquillitatis
431 1455 540 1502 nostrae
561 1447 692 1502 maturius
714 1444 896 1502 obsecundare
917 1441 974 1519 ’lae
988 1454 1104 1512 cuncte·

148 1521 234 1605 ίαν).6
269 1529 327 1586 Dat.
343 1529 429 1602 pridie
444 1527 500 1585 Kal.
517 1530 626 1602 Aprilis,
642 1522 841 1586 Alexandriae.⁷

237 1609 339 1672 Explicit
353 1609 435 1659 titulus
451 1609 480 1658 de
495 1611 676 1668 mathematicis,
691 1609 806 1659 maleficis
820 1616 845 1658 et
858 1610 1010 1660 ldauicbaeis.

576 1792 673 1828 melers

310 1894 373 1934 rm.
388 1894 453 1934 xm.
482 1893 524 1933 on
539 1892 691 1933 usurarum
707 1869 941 1934 svccess1oun.⁸

210 1987 276 2061 llap.
299 1987 319 2044 l.
364 1986 550 2060 Scriptura
578 1985 695 2041 diuina
723 1986 773 2041 sic
803 1978 927 2041 dicit:9
968 1981 991 2042 1.
1020 1984 1103 2041 Filiae

147 2069 279 2143 Saliadae,
302 2071 439 2126 adstantes
460 2078 522 2126 ante
543 2069 652 2142 bloysen
676 2078 704 2125 et
720 2067 875 2124 Eleazarum
896 2062 1103 2124 ’sacerdotem¹⁰

147 2165 175 2211 et
190 2157 324 2228 principes
347 2162 428 2227 atque
451 2169 556 2209 onmem
579 2161 701 2208 senatum
723 2151 839 2208 liliorum
855 2151 934 2207 lsrael
954 2153 981 2206 in
997 2151 1101 2207 loribus

148 2237 311 2294 tabernaculi
334 2239 496 2304 testimonii,
520 2235 659 2292 dixerunt:
696 2233 724 2293 2.
748 2236 843 2291 ‘Pater
864 2242 962 2291 noster'
978 2243 1102 2292 mortuus

147 2329 204 2378 est:
221 2330 249 2378 et
264 2319 310 2376 filii
327 2337 382 2376 non
397 2321 508 2376 luernnt
520 2322 552 2388 ei,
570 2319 617 2374 sed
634 2317 713 2375 filiae.
742 2315 772 2376 3.
786 2318 819 2374 Εῑ
833 2319 893 2375 ideo
910 2335 964 2374 uon
980 2318 1103 2375 deleatur

146 2421 244 2461 nomen
266 2406 349 2478 patris
365 2405 453 2460 nostri
468 2403 500 2459 de
516 2403 604 2458 modio
620 2403 705 2458 tribus
718 2420 792 2459 suae.
829 2403 886 2459 Nou
903 2411 944 2458 est
959 2404 983 2458 ei
997 2419 1100 2458 mascn-

147 2489 199 2546 lus.
229 2489 294 2544 Date
305 2487 383 2544 nobis
398 2489 598 2561 possessionem
613 2487 640 2540 in
657 2487 744 2542 medio
761 2487 873 2542 fratrum
889 2487 973 2560 patris
988 2487 1100 2542 nostri!

146 2572 174 2630 4.
199 2571 232 2626 Et
254 2571 352 2628 obtulit
374 2571 480 2644 blopses
501 2571 661 2644 petitionem
684 2586 776 2626 earum
798 2569 923 2626 ’llomino
947 2563 1037 2629 deo.¹¹
1071 2568 1100 2628 ll.

219 2719 238 2788 1)
254 2722 299 2770 En
312 2722 406 2772 uicinia
420 2723 514 2771 litteris
526 2721 662 2786 geminant.
724 2718 747 2785 ¹)
761 2722 779 2770 i.
794 2737 815 2770 e.
832 2723 877 2784 qut
890 2722 1002 2770 eiusdem
1015 2728 1101 2770 sectae

145 2800 213 2851 sant,
229 2800 257 2841 nt
269 2793 373 2856 saepius
386 2793 458 2856 apud
470 2790 612 2840 Sidonium.
632 2796 805 2840 consentaneos
819 2790 850 2838 B.
871 2791 912 2840 Vt.
927 2792 984 2840 edd.
999 2806 1100 2840 consen-

145 2871 229 2913 taneus
249 2863 294 2912 Ve.
314 2869 480 2912 consectantes
493 2861 591 2910 Boron.
653 2857 675 2926 ³)
691 2861 721 2909 ad
736 2876 778 2909 eos
794 2861 865 2918 cod,
881 2869 909 2910 ut
918 2868 991 2924 puto,
1005 2877 1040 2910 eae
1054 2862 1101 2910 adu

146 2934 203 2981 deos
215 2933 322 2994 factum.
346 2933 405 2981 adeo
419 2933 487 2994 edd,
502 2932 570 2996 qaod
583 2946 633 2982 noa
649 2932 774 2995 inteltipo.
805 2931 990 2981 consentaneos
1004 2934 1042 2981 ita
1055 2933 1100 2981 de·

144 3018 222 3060 muna,
237 3003 261 3052 ai
274 3003 419 3064 persistant
437 3003 465 3052 a'n
484 3004 674 3067 oppupnnta'one
692 3001 799 3051 deorum
818 3001 902 3058 Rom,
924 3009 1004 3051 morte
1018 3004 1101 3065 plecti

144 3071 226 3136 Impp.
237 3074 331 3122 volunt.
356 3072 394 3135 Cf.
405 3074 428 3134 ξ.
440 3084 460 3122 2.
507 3070 528 3136 ⁴)
543 3071 642 3122 Boron.
653 3073 718 3134 ipsos
728 3085 821 3135 quoqne
830 3070 862 3121 B.
876 3071 934 3120 edd.
949 3071 997 3135 ipsi
1006 3087 1099 3136 quoque

150 3142 191 3192 Vi.
207 3144 259 3207 ipso
275 3157 368 3206 quoque
388 3142 433 3192 Vc.
499 3141 520 3208 5)
538 3142 649 3209 Quorum
664 3142 730 3190 illud
743 3143 770 3190 a'n
784 3140 894 3199 Arabia,
909 3141 958 3190 boc
972 3143 999 3191 in
1014 3144 1100 3191 insula

144 3215 180 3263 ad
194 3213 378 3278 Propontidem
391 3212 575 3271 secernebatur,
590 3220 724 3276 utrumqne
738 3211 850 3272 babituri
869 3211 1005 3273 letiferam.
1039 3212 1098 3261 Vid.

143 3287 287 3348 scriptores
306 3301 323 3334 a
337 3283 444 3334 Pitlaoeo
463 3291 488 3332 et
501 3282 583 3332 Blum.
603 3284 640 3332 ad
656 3283 680 3332 b.
701 3285 717 3331 l.
738 3283 864 3332 laudatos.
938 3277 958 3345 ⁰)
977 3280 1051 3340 Quod
1068 3282 1099 3332 ob

143 3357 335 3405 similitudinem
349 3356 419 3405 cocis
434 3355 464 3402 ob
480 3353 608 3402 secundare
618 3355 731 3417 periisse
741 3353 849 3403 videtur.
873 3351 970 3400 lestinct
983 3367 1017 3400 ex
1028 3353 1099 3402 Pitb.

137 3427 177 3487 jo.
191 3429 274 3488 suppl.
290 3425 347 3475 edd.
401 3421 421 3489 7)
435 3440 459 3472 a.
475 3434 597 3476 neeesse.
614 3432 642 3472 nt
655 3425 765 3474 uidetur.

216 3493 236 3557 8)
251 3495 325 3544 Ilaec
345 3496 447 3558 integra
466 3493 540 3543 babet
557 3492 588 3541 B.
654 3492 675 3558 ⁹)
692 3494 794 3546 Numer.
810 3505 848 3552 aa,
863 3504 945 3544 1-11.
1020 3487 1052 3555 ¹⁰)
1067 3490 1098 3540 B.

144 3565 282 3614 sacerdotes
302 3564 346 3613 Vc.
367 3563 407 3611 Vi.
424 3563 463 3611 ed.
478 3563 519 3612 Bt.
572 3560 604 3628 ¹¹)
619 3562 650 3613 B.
671 3564 715 3613 Ve.
731 3579 811 3613 coram
827 3565 872 3613 deo
892 3564 933 3612 Vi.
947 3561 987 3610 ed.
1002 3559 1042 3610 Bl.
