2542 3909
497 196 554 233 ssu
572 196 664 233 nessus,
683 178 729 233 IV.
749 185 792 235 ol.

169 329 234 401 quin
249 328 272 383 si
288 328 349 400 quis
364 328 391 383 in
408 325 533 397 formula,
549 342 617 400 quae
632 326 661 382 in
676 328 776 383 iactum
791 329 941 401 composita
955 337 1013 398 est,
1027 327 1121 401 plures

14 462 15 469 ,
167 427 213 467 res
227 411 421 485 designsuerit‚
437 427 516 483 quum
533 410 699 484 deposuerit,
713 411 786 467 litem
801 411 907 485 perdat,
918 413 980 485 quia
993 414 1020 469 io
1033 414 1120 468 inten-

14 498 16 519 ³
98 496 242 553 motione
257 495 318 570 plus
333 494 480 569 ’posniisse
495 489 636 551 uidetur.¹
666 526 767 533 -—

692 744 737 805 ol.
761 742 1032 821 ²Compensationes
1051 769 1120 824 quo·

168 850 223 908 que
238 838 387 907 oppositae
399 837 570 907 plerumque
587 833 728 905 efficiunt,
749 840 782 888 ut
801 837 895 891 minus
914 838 1035 907 quisque
1055 852 1121 891 con·

168 925 317 991 sequatur,
332 936 419 992 quam
434 922 462 976 ei
475 919 642 975 debebatur.
672 916 709 974 In
731 918 822 973 bonae
836 920 906 988 fidei
920 922 993 974 enim
1007 921 1121 976 iudiciis

168 1020 232 1061 cnm
250 1004 342 1060 libera
360 1009 493 1075 potestas
509 1004 640 1074 permitti
660 1002 795 1058 uideatur
815 1004 904 1058 iudici
925 1016 964 1058 es
986 1019 1077 1076 aequo
1094 1012 1192 1070 elpes]

241 1177 261 1244 1)
275 1178 432 1229 Sententiam
453 1178 543 1229 Gdscd.
559 1179 682 1242 perfecit,
710 1178 742 1227 In
757 1193 785 1242 p.
805 1190 852 1230 elo.
872 1185 896 1227 et
914 1191 961 1230 211.
978 1181 1037 1243 fere
1056 1180 1122 1229 nidil

168 1252 219 1316 leqi
229 1252 323 1314 potuit.
351 1249 419 1309 Quid
426 1252 543 1312 perierit,
554 1251 688 1299 aestimari
694 1256 780 1312 potest
789 1265 823 1299 ea
832 1265 870 1308 eo,
881 1251 950 1313 quod
959 1252 1009 1299 iam
1019 1252 1046 1299 in
1056 1250 1120 1299 lust.

168 1321 233 1371 Insi.
247 1322 363 1384 seqnitur
382 1322 421 1369 tit.
441 1321 472 1369 de
491 1328 541 1370 act.
557 1316 588 1383 (4,
602 1319 634 1383 6).
655 1322 679 1380 5.
694 1332 727 1371 tto.
749 1317 826 1369 ‘Sunt
840 1328 979 1383 praeterea
998 1322 1121 1384 quaedam

168 1393 295 1449 actiones,
318 1390 409 1455 quibus
429 1406 480 1439 non
499 1405 598 1452 semper
616 1391 738 1449 solidum,
761 1391 829 1453 quod
847 1390 920 1441 nobis
938 1391 1057 1450 debetur,
1076 1392 1123 1440 sed

168 1464 241 1513 modo
259 1462 369 1512 solidum
388 1462 577 1524 consequimur,
600 1460 673 1510 modo
692 1462 782 1510 minus.
815 1460 846 1510 Ut
864 1476 936 1518 ecce,
956 1463 981 1510 si
999 1463 1026 1510 in
1042 1478 1121 1525 pecu·

169 1535 230 1582 lium
241 1534 293 1596 filii
306 1532 409 1580 seruiue
426 1546 546 1596 aponus:
561 1546 618 1579 nam
632 1532 657 1578 si
670 1546 721 1579 non
735 1531 818 1580 minus
832 1532 859 1579 in
870 1534 975 1597 peculio
991 1534 1033 1592 sit,
1048 1548 1122 1596 quam

165 1604 357 1667 persequimur,
377 1603 404 1649 in
421 1602 531 1651 solidum
545 1607 624 1664 pater
643 1600 792 1650 dominusne
805 1601 1005 1660 condemnatur,·
1022 1604 1047 1651 si
1061 1618 1123 1652 uero

169 1675 252 1721 minus
267 1674 412 1731 inuenitur,
430 1672 554 1723 hactenus
568 1671 718 1721 condemnat
732 1673 824 1729 iudex,
843 1680 968 1735 quatenus
981 1675 1008 1721 in
1019 1675 1122 1736 peculio

169 1745 217 1798 sit:
240 1742 446 1807 quemadmodum
468 1748 551 1791 autem
565 1743 696 1804 peculium
714 1744 826 1806 intelliqi
843 1741 945 1801 debeat,
965 1758 1012 1793 suo
1030 1744 1123 1793 ordine

166 1828 338 1877 proponemus
356 1811 402 1877 (cf.
420 1824 446 1871 4,
464 1824 498 1863 69.
514 1811 557 1876 43).
585 1813 608 1873 5.
623 1823 657 1862 si.
677 1811 740 1861 Item
757 1814 782 1862 si
799 1813 831 1861 de
845 1813 903 1862 dote
918 1814 1017 1863 iudicio
1031 1815 1123 1862 mulier

170 1890 240 1949 apat,
250 1886 346 1947 placet,
356 1882 479 1931 hactenus
488 1883 605 1931 maritum
616 1882 782 1930 condemnari
791 1882 890 1951 debere,
901 1884 1123 1947 quatenusfacere

165 1957 258 2017 possit,
274 1954 360 2012 idest,
379 1961 504 2016 quatenus
515 1953 656 2015 facultates
675 1954 730 2002 eius
743 1955 889 2016 patiuntur.
918 1955 1004 2017 itaque
1017 1955 1041 2002 si
1055 1954 1123 2003 dotis

171 2026 310 2088 quantitati
328 2031 487 2074 concurrant
502 2024 644 2085 facultates
666 2024 733 2081 eius,
757 2023 911 2073 insolidum
929 2024 1082 2081 damnatum·
1099 2025 1124 2073 si

170 2096 264 2154 minus,
284 2096 434 2152 intantum,
454 2100 575 2158 qnantum
591 2094 683 2155 faeere
698 2100 790 2155 potest,
826 2094 939 2157 Propter
956 2096 1123 2144 retentionem

170 2181 268 2231 quoque
283 2165 351 2215 dotis
365 2166 484 2228 repetitio
498 2165 636 2212 minuitur:
654 2179 712 2212 nam
731 2163 762 2214 ob
781 2166 908 2228 impensas
921 2166 949 2213 in
967 2180 1011 2214 res
1024 2166 1124 2215 dotales

168 2237 256 2300 factas
277 2238 369 2285 nicrito
390 2235 499 2284 retentio
520 2248 643 2283 concessa
662 2241 712 2291 est,
733 2237 795 2297 quia
817 2237 873 2297 ipso
892 2236 949 2284 inre
967 2238 1124 2285 necessariis

169 2306 309 2370 sumptibus
330 2305 376 2354 dos
397 2306 532 2361 minuitur,
559 2305 627 2353 sicut
652 2319 686 2352 ex
707 2304 844 2354 latioribus
864 2305 1028 2370 Diqestorum
1049 2305 1124 2355 libris

171 2391 326 2442 coquoscerc
340 2376 417 2423 liceat
432 2373 478 2437 (cs.
497 2373 552 2437 Uip.
566 2385 588 2425 o.
603 2380 627 2423 et
641 2372 730 2423 Baetis.
746 2375 782 2423 ad
796 2374 847 2425 Cic.
866 2375 927 2439 Top.
942 2388 976 2436 lt,
991 2388 1025 2427 oo.
1036 2392 1064 2440 p.
1075 2388 1122 2428 sis.

174 2446 217 2496 Or.
237 2460 309 2510 quem
327 2459 391 2508 quae
409 2445 491 2493 tradit
508 2445 539 2493 de
558 2446 599 2493 rei
617 2446 729 2493 uxoriae
746 2448 848 2496 actione
866 2460 901 2495 em
918 2446 967 2496 noc
988 2446 1049 2496 Gaii
1067 2449 1123 2498 loco

171 2518 290 2566 sumsisse
304 2514 427 2585 credibile
442 2512 498 2579 est).
522 2515 545 2576 ἕ.
560 2524 595 2566 ss.
614 2512 667 2563 Sed
679 2521 704 2563 et
716 2516 741 2563 si
755 2518 813 2579 quis
827 2524 1004 2580 comparente
1016 2532 1063 2568 suo
1074 2533 1124 2581 pa·

171 2593 280 2637 tronoue
294 2592 363 2650 aqut,
379 2586 436 2634 item
449 2588 474 2635 si
487 2586 574 2634 socius
588 2600 644 2634 cnm
657 2586 729 2634 socio
739 2586 837 2636 iudicio
846 2588 978 2637 societatis
987 2595 1057 2652 aqui,
1073 2603 1124 2638 non

168 2660 230 2721 plus
244 2663 318 2706 actor
333 2658 505 2720 consequitur,
520 2670 594 2719 quam
603 2655 775 2705 aduersarius
784 2658 840 2706 eius
846 2657 938 2720 faeere
944 2665 1044 2721 potesi,·
1058 2658 1123 2707 idem

172 2733 217 2786 est,
231 2728 255 2775 si
269 2729 326 2790 quis
339 2742 374 2776 ex
387 2726 524 2777 donatione
537 2740 586 2774 sua
600 2727 778 2776 conueniatur.
811 2728 834 2788 ξ.
849 2739 883 2779 ss.
904 2727 1124 2792 Compensationes

173 2813 271 2863 quoque
286 2799 417 2861 oppositae
428 2800 578 2860 plerumque
592 2796 717 2858 efficiunt,
731 2803 760 2845 ut
772 2799 856 2847 minus
869 2799 975 2863 quisque
985 2812 1123 2861 consequa-

172 2876 223 2928 tur,
240 2884 314 2932 quam
328 2870 353 2917 ei
367 2866 520 2917 debebatur:
539 2881 647 2929 namque
661 2881 695 2915 ecc
709 2882 790 2932 aequo
803 2873 829 2917 et
841 2866 906 2919 bono
920 2869 1008 2918 habita
1021 2870 1124 2917 ratione

171 2940 238 2998 eius,
257 2939 326 3002 quod
343 2938 453 2987 inuicem
468 2944 580 2986 actorem
593 2950 628 2986 ex
642 2937 729 2986 eadem
743 2953 824 2988 causa
833 2946 971 3002 praestare
986 2945 1123 3003 oporteret,

171 3011 198 3059 in
213 3010 339 3073 reliquum
352 3024 416 3068 eum,
431 3023 487 3057 eum
501 3021 551 3071 quo
564 3014 649 3057 actum
658 3014 703 3068 est,
719 3009 877 3068 condemnat,
891 3011 1019 3060 sicutiam
1028 3010 1124 3060 dictum

171 3077 228 3129 est!
258 3082 281 3141 ξ.
296 3092 340 3136 4ο.,
355 3093 420 3143 qnae
430 3079 545 3141 pertinet
558 3076 725 3128 aetianorum
734 3078 881 3140 cessionem,
896 3080 1058 3131 lastinianus
1068 3083 1124 3131 loco

171 3151 334 3201 deductionis
344 3147 393 3214 (ἐξ.
402 3148 509 3212 iti—os),
519 3164 583 3212 quae
593 3150 652 3198 item
661 3150 824 3200 decoctorum
834 3151 1009 3201 condicionem
1017 3158 1124 3215 spectat,

167 3222 287 3285 posuisse
301 3227 326 3269 et
340 3220 446 3269 aliunde
460 3221 578 3269 sumsisse
593 3220 738 3269 credendus
751 3228 796 3270 est.
848 3219 874 3288 ²)
887 3221 994 3271 initium
1008 3222 1085 3273 liuius
1098 3223 1126 3284 §i

171 3292 302 3355 refecisse
317 3292 340 3351 ξ.
355 3301 388 3341 so.
404 3290 477 3340 modo
491 3292 613 3357 aileqata,
623 3292 719 3354 paucis
733 3293 837 3341 mutatis
850 3308 885 3342 ere
899 3294 922 3354 ἓ.
937 3278 1007 3344 Ml.
1023 3294 1080 3343 cod.

242 3443 267 3515 g.
283 3449 324 3497 61.
352 3446 389 3509 Cf.
409 3448 448 3508 ἐξ.
464 3458 545 3499 soso.
569 3446 592 3497 J.
611 3448 644 3498 de
662 3454 711 3497 act.
727 3448 758 3513 (s,
777 3447 809 3513 s).
843 3448 897 3499 Cic.
915 3450 948 3498 de
966 3450 1035 3513 asic.
1050 3462 1071 3509 s,
1091 3462 1123 3501 li.

172 3519 195 3578 ξ.
211 3529 244 3569 io.
266 3518 341 3566 Paul.
357 3528 378 3577 i,
393 3528 413 3567 5.
429 3519 452 3579 ἓ.
467 3529 487 3569 8.
