2542 3909
155 261 217 326 636
318 277 422 314 oomru
439 275 546 312 surram
564 261 597 326 (l)
615 274 714 312 sucu.
732 276 769 310 nn
786 274 849 311 ma
866 273 943 310 arser.

155 401 289 455 cessisset.
309 398 381 452 Deni
401 412 437 450 ue
450 397 474 450 si
485 395 625 450 scribendi
638 396 808 465 elegantiam
820 397 950 450 ettotam
967 395 1112 449 tractandi

153 469 291 521 rationem
309 414 466 541 considero²
488 465 536 518 vix
554 464 602 516 alii
618 463 689 540 haec
706 463 772 517 ICto
809 479 876 540 uam
892 462 1027 530 Ulpiano,
1045 462 1112 515 *cui

155 535 240 588 etiam
257 532 421 586 insolentior
439 531 525 584 dlutic
544 531 760 584 ‘1ncons1derata
777 481 936 599 u‘hsgsneia‘
956 532 990 594 (ὅ.
1003 536 1030 593 2)
1043 545 1109 607 ⁰⁰¹¹.ss

154 601 233 654 venit
250 600 314 654 coll.
332 600 362 653 L.
376 607 400 654 3.
419 603 443 661 §-
456 603 496 654 17.
519 597 551 651 D.
572 598 607 651 de
625 615 701 666 susp.
721 599 774 674 tut.
792 599 849 664 (26,
863 599 913 717 wi,
924 597 1041 673 vixque·
1059 597 1112 649 alu

154 669 214 722 eius
232 668 310 736 operi
327 682 413 735 quam
430 665 603 735 Regularum
621 665 668 718 vel
686 664 857 733 Opmronnm
874 664 895 716 li
914 665 953 716 ris
970 665 1109 732 assignari

153 750 235 804 posse
253 735 323 788 mihi
340 734 486 799 videntur,
510 749 544 786 ex
567 731 669 799 quibus
685 747 759 812 quae
776 734 806 784 in
824 731 858 783 D'
881 732 949 785 estis
965 733 1109 799 superant,

154 802 321 868 ostendunt,
340 803 426 854 etiam
443 800 487 854 his
503 801 616 853 tantum
634 801 705 852 cert1
726 798 795 852 iuris
816 814 866 852 sen
896 798 983 863 ntiae,
1006 799 1112 874 spretis

154 869 271 923 aliorum
291 868 511 932 auctoritatibus,
532 866 745 934 comprehensas
761 865 855 919 fuisse.
891 867 916 918 A
928 866 1002 919 libro
1013 882 1108 934 smgu·

153 937 206 990 lari
223 951 291 990 vero
308 937 480 1004 Regularum
497 934 541 986 illi
553 934 640 987 etiam
651 933 704 986 hoc
717 933 858 986 distulisse
871 932 1012 998 videntur,
1031 933 1109 1000 quod

152 1003 196 1124 ints
214 1019 325 1072 quoque
344 1001 605 1066 extraordinarium,
626 1016 682 1066 quo
700 1000 825 1068 pertinet
842 999 951 1064 fiscale,
969 999 1004 1052 iis
1022 1015 1109 1068 expo·

153 1071 239 1125 sium
258 1073 326 1124 erat.
867 1107 869 1111 -

221 1138 372 1205 Reliquum
395 1138 450 1198 est,
473 1136 505 1189 ut
526 1136 632 1199 dicam,
660 1135 746 1187 etium
768 1134 837 1188 haec
863 1134 1022 1203 fragmenta
1043 1136 1111 1210 post

154 1205 309 1260 Goescheni
337 1205 366 1258 et
386 1202 559 1256 Lachmauni
585 1219 664 1256 curas
690 1217 707 1255 a
732 1200 905 1270 Boeckingio
932 1201 1110 1255 ornatissime

153 1272 230 1326 edita
247 1287 321 1336 esse;
340 1272 513 1338 quapropter
530 1269 566 1323 ad
584 1269 644 1323 eius
660 1269 773 1323 tantum
790 1269 944 1322 aditionem
954 1269 1011 1321 iam
1023 1284 1112 1336 supra

153 1340 401 1393 commemoratam
419 1336 629 1391 emendationes
646 1336 755 1390 nostras
772 1335 876 1389 referre
888 1336 1109 1389 cousentaneum

153 1406 290 1460 duximus.
326 1405 382 1458 Sed
404 1419 454 1457 eae
477 1420 541 1456 cum
564 1403 771 1471 complusculos
795 1404 900 1463 essent,
924 1417 981 1470 quo
998 1402 1110 1463 fauilius

153 1473 188 1526 de
206 1473 239 1526 iis
256 1471 376 1525 iudicari
392 1471 500 1546 posset,
518 1470 548 1522 in
565 1469 619 1523 hoc
636 1486 693 1523 uno
714 1469 834 1523 frustula
858 1470 1031 1547 superiorum
1050 1469 1108 1522 edi-

152 1540 258 1658 timui
264 1537 394 1605 exemplo
412 1537 498 1590 etiam
515 1552 648 1590 versuum
666 1537 768 1590 codicis
780 1537 973 1590 distinctrcnes
985 1535 1110 1591 retinere

151 1621 266 1674 pacm.

219 1788 300 1866 Haec·
314 1827 425 1880 quoque
443 1811 564 1864 frustula
579 1811 684 1865 iterum
702 1812 811 1865 edenda
832 1814 867 1864 ut
886 1809 1023 1880 peculiari
1039 1827 1111 1864 cura

146 1881 348 1942 retractarem,
366 1879 480 1947 impulit
501 1893 546 1931 me
568 1879 690 1932 maxime
713 1878 908 1948 apographum
925 1878 1109 1932 membranae

153 1947 321 2002 Veronensis
339 1945 564 2066 Hullwefinanum
582 1947 619 1999 ad
637 1946 742 2000 calcem
760 1945 917 2023 apographi
935 1945 1110 1999 schedarum

153 2014 331 2080 Gaianarum,
350 2014 385 2067 de
398 2015 446 2081 qui
467 2030 499 2066 us
511 2029 595 2081 supra
612 2031 640 2081 p.
654 2019 710 2067 167.
728 2028 758 2066 re
772 2013 884 2075 ulmus,
901 2027 919 2066 a
935 2011 1111 2080 Boeckingio

153 2082 301 2138 adiectum.
330 2081 430 2148 Neque
442 2080 513 2134 hanc
524 2080 657 2134 iteratam
669 2095 784 2148 operam
796 2079 1000 2133 infructuosam
1011 2079 1108 2145 fuisse,

151 2148 341 2202 iudicaturum
364 2164 456 2216 spere,
480 2148 529 2215 qui
550 2165 578 2201 v.
600 2164 642 2215 gr.
666 2151 705 2211 ἐς.
725 2153 748 2204 7,
770 2152 809 2200 11.
832 2151 873 2202 18.
898 2152 939 2200 19.
961 2146 1111 2214 utriusque

152 2216 282 2270 editionis
299 2215 456 2269 contulerit.

219 2423 384 2477 Membrana
395 2421 552 2476 Veronensi
563 2438 619 2476 non
635 2421 726 2474 solum
738 2421 830 2474 denuo
848 2422 934 2488 atque
951 2421 1109 2474 accuratius

152 2507 236 2558 quam
254 2492 339 2543 antea
356 2489 474 2552 factum,
497 2487 624 2556 inspecta
642 2490 671 2542 et
688 2488 843 2556 descripta,
866 2488 916 2542 sed
935 2489 1020 2541 etiam
1036 2487 1108 2540 ima·

174 2558 180 2567 '
203 2573 218 2609 e
237 2557 296 2610 eius
314 2556 392 2632 fideli
408 2555 565 2632 imitatione
583 2557 649 2609 ante
667 2556 762 2608 oeulos
783 2555 876 2631 posita
893 2555 1107 2624 ‘Fragmentum

173 2640 187 2677 e
213 2625 274 2676 iure
298 2622 357 2674 fisci
382 2622 473 2674 edrdrt
495 2622 598 2675 Paulus
620 2622 747 2692 Krueger
768 2621 878 2689 lnpsiae
903 2627 989 2677 1868'.
1029 2621 1107 2685 Quae

153 2690 238 2744 editio
256 2690 377 2742 maxims
394 2689 424 2741 in
442 2689 610 2753 transumit,
633 2692 666 2741 ut
688 2693 717 2742 et
734 2688 763 2742 in
780 2688 834 2742 hac
850 2689 937 2742 tertia
953 2704 1017 2743 mea
1034 2688 1108 2741 eius-

152 2757 217 2810 dem
234 2756 385 2835 iragmeuti
401 2755 593 2836 recognitione
611 2755 687 2809 haud
704 2772 795 2834 pauca
810 2758 871 2809 tam
882 2757 911 2808 in
920 2755 1109 2875 praemonitis

151 2840 238 2945 11111
253 2838 361 2945 lud
379 2823 805 2957 tultudsflddtttha
826 2822 1108 2944 {Sallustianae

151 2958 234 3012 facile
254 2931 538 3028 deprehenderentur.
595 2931 708 3028 rudgeri
720 2957 873 3011 editionem
885 2930 1041 3026 iignificavi
1053 2959 1107 3013 Kr.

152 3026 345 3096 apographum
365 3024 428 3079 Glfr.

523 3256 734 3265 .-.-.--.-
