2542 3909
344 233 403 268 uos,
422 233 456 267 aa
473 233 533 270 nou.
552 232 643 270 nuovo
660 233 767 270 consur,
786 216 806 269 Ι.
827 220 903 271 6-8.
1034 215 1098 280 649

145 360 270 435 lapidem,
294 377 348 435 quo
370 363 516 434 moriatur,
539 377 594 419 non
617 379 667 436 per
688 362 796 434 dolum,
821 371 850 420 et
871 363 998 427 ceciderit
1017 381 1100 437 super

146 461 217 516 eum,
241 453 268 501 et
289 452 414 502 mortuus
436 446 533 514 luerit:
556 447 579 501 si
601 454 690 503 autem
712 464 768 504 uon
789 448 912 504 iuimicus
927 450 986 505 eius
1008 447 1099 518 luerit,

146 545 234 602 neque
264 531 408 602 quaesierit
434 528 592 586 malefacere
620 531 661 601 ei,
699 527 728 587 3.
750 530 902 588 iudicabitis
928 532 1000 588 inter
1028 547 1099 604 eum,

146 614 193 686 qui
214 615 364 686 percussit,
391 622 418 670 et
440 615 590 687 proximum
613 616 713 670 mortui
735 615 883 672 seeundum
905 615 1002 672 iudicia
1023 615 1100 686 haec,

145 692 175 753 4.
199 705 227 752 et
241 695 388 753 liberabitis
403 713 600 770 percussorem.

208 778 272 854 llap.
296 780 338 836 Vl.
381 781 548 854 Ulpianus
575 781 666 838 libro
693 789 727 838 et
752 781 880 853 titulo,
908 784 968 856 qui
995 799 1100 858 supra

145 863 266 920 relati:
311 862 336 921 1.
360 865 561 929 Distiuctlonem
584 881 663 922 casus
686 874 714 922 et
735 866 884 922 uoluntatis
906 867 933 922 iu
957 866 1100 923 homicidio

145 950 256 1010 seruari.
280 948 422 1022 ’rescripto
438 941 576 1005 lladriauil
600 947 783 1010 confirmatur.
815 946 846 1006 2.
862 948 947 1005 Verba
962 950 1100 1025 rescripti:

147 1028 191 1086 ‘Et
206 1032 252 1105 qui
269 1032 404 1088 homiuem
421 1033 528 1103 oceidit,
551 1031 654 1088 absolui
669 1032 749 1103 solet,
772 1026 899 1090 'scilicet²
919 1035 943 1088 si
959 1049 1014 1089 non
1029 1035 1100 1090 occi-

145 1114 225 1172 dendi
241 1118 328 1172 animo
345 1117 373 1172 id
388 1116 508 1172 admisit:
532 1117 621 1188 etqui
645 1133 700 1172 nou
722 1116 835 1184 occidit,
858 1116 906 1172 sed
928 1117 1016 1174 uoluit
1031 1118 1101 1174 ocei-

145 1198 226 1270 dere,
254 1216 303 1272 pro
326 1199 460 1256 homicida
483 1199 632 1256 damnatur.
675 1197 705 1257 8.
732 1199 805 1257 Ere
826 1197 884 1274 '(r't)
909 1193 1015 1273 itaque³
1037 1216 1101 1257 con·

145 1283 314 1340 stituendurn
336 1291 379 1339 est
400 1276 630 1357 'ex(quirendo),⁴
653 1300 708 1357 quo
724 1283 796 1339 ierro
814 1285 949 1357 percussit
963 1282 1101 1356 Epairodi·

146 1375 199 1426 tus.
245 1366 310 1423 Nam
325 1368 348 1422 si
363 1366 482 1440 gladium
497 1366 643 1436 instrinxit,
668 1375 715 1423 aut
730 1365 785 1424 telo
800 1369 944 1440 percussit,
967 1367 1031 1441 quid
1053 1366 1101 1423 du·

144 1449 218 1506 bium
233 1457 284 1522 est,
305 1452 370 1523 quin
386 1449 526 1506 occidendi
541 1451 628 1506 animo
646 1451 828 1525 percusserit?
855 1451 884 1506 Si
899 1451 975 1509 claua
990 1467 1099 1526 parcus·

146 1536 191 1603 sit,
207 1541 254 1589 aut
270 1549 391 1605 cucuma,
407 1549 468 1590 curn
484 1533 557 1590 forte
572 1536 719 1591 rixaretur:
734 1534 808 1591 terro
824 1537 967 1608 percussit,
983 1535 1031 1591 sed
1046 1551 1102 1592 uon

146 1616 286 1674 occidendi
301 1625 400 1676 mente.
437 1615 467 1674 4.
490 1616 563 1692 Ergo
579 1618 632 1674 hoc
647 1619 789 1692 exquirite,
805 1620 870 1676 etsi
886 1619 1012 1677 uoluntas
1031 1619 1101 1676 occi·

145 1699 310 1815 dendi⁷iuit,
333 1709 364 1757 ut
382 1700 543 1758 homicidam
566 1698 698 1760 'seruum⁶
720 1702 854 1777 supplicio
875 1695 989 1760 ‘erneisi
1010 1701 1101 1759 iubete

145 1781 230 1843 adiici.

209 1867 349 1942 llap.Vll.
392 1869 517 1926 Paulus
545 1866 635 1926 libro
662 1863 779 1928 'sent.⁸
823 1871 963 1943 quinto,
993 1869 1101 1926 titulo

146 1968 211 2025 quo
227 1947 355 2026 supra.9
391 1949 416 2008 1.
441 1951 492 2020 Qui
507 1952 643 2008 hominem
660 1952 768 2018 occidit,
784 1952 927 2027 aliquando
939 1952 1099 2023 absoluitur,

145 2038 242 2108 etqui
266 2053 321 2092 non
345 2036 451 2107 occidit,
476 2044 507 2092 ut
528 2035 661 2092 homicida
685 2035 838 2092 damnatur:
866 2036 1008 2093 consilium
1029 2038 1101 2092 euim

145 2120 373 2192 uniuscuiusque,
396 2136 452 2176 uon
474 2120 574 2176 iactum
595 2120 761 2194 puniendum
783 2128 835 2175 est.
876 2119 994 2192 ideoque
1015 2113 1101 2193 'qui¹⁰

145 2218 207 2259 cum
222 2203 306 2260 uellet
321 2203 455 2276 occidere,
469 2195 557 2276 ⁹(r'cllll
572 2203 740 2276 casualiquo
759 2211 915 2276 perpetrare
929 2219 984 2259 non
999 2203 1099 2276 potuit,

147 2294 177 2340 ut
191 2286 325 2344 homicida
341 2289 469 2360 punitur:
492 2296 519 2344 et
533 2291 568 2358 is,
590 2290 638 2360 qui
652 2303 715 2344 casu
730 2280 879 2363 ’(2'octu)¹¹
902 2286 949 2343 teli
963 2286 1100 2343 homiuem

146 2369 332 2442 imprudenter
351 2371 471 2441 lenierit,
496 2371 655 2429 absoluitur.
699 2368 727 2429 Β.
754 2364 890 2438 ¹²Quodsi
912 2372 939 2426 iu
961 2371 1017 2426 rina
1038 2386 1099 2445 per·

146 2470 242 2510 cussus
264 2455 346 2510 homo
369 2456 496 2528 perierlt,
525 2457 649 2529 quoniam
671 2455 741 2511 lctus
764 2470 874 2528 quoque
900 2455 976 2529 ipsos
1005 2462 1100 2511 contra

145 2552 364 2611 unumquemque
381 2539 557 2612 contemplari
575 2546 694 2612 oportet,
711 2538 773 2595 ideo
787 2538 945 2595 humiliores
956 2540 983 2595 ha
995 2538 1099 2611 ludum,

72 2628 134 2678 [⁵⁵2]
146 2629 193 2676 aut
206 2622 235 2677 in
256 2622 394 2679 metallum
409 2622 585 2693 damnantur,
608 2624 780 2679 honestiores
801 2621 908 2678 dimidia
923 2631 1000 2696 parte
1015 2622 1100 2679 hono·

145 2721 206 2761 rum
220 2705 327 2762 multati
341 2706 508 2779 relegantur.

208 2788 273 2863 llap.
297 2790 362 2851 Vlll.
411 2791 493 2846 ltem
522 2790 758 2864 Gregorianus
786 2788 892 2846 ’iihro
922 2783 1031 2849 x1v.¹³
1062 2789 1099 2846 ad

219 2937 239 3004 1)
254 2940 293 2989 De
302 2955 351 3003 quo
361 2942 395 3004 cf.
407 2940 438 2990 L.
449 2955 468 2992 1.
484 2943 507 3003 ξ.
517 2953 537 2993 u.
553 2940 585 2989 D.
596 2941 632 2989 ad
641 2942 689 3004 lep.
702 2940 778 2991 Corn.
789 2941 821 2990 de
830 2941 878 2989 eie.
890 2939 936 3006 (48,
945 2938 977 3003 8).
1017 2935 1037 3004 ²)
1048 2939 1097 2990 Ed.

146 3009 215 3058 Pitla
230 3009 274 3057 sed
290 3009 365 3073 Cedet,
380 3017 467 3060 natum
480 3027 514 3061 ex
528 3011 580 3060 scil.
646 3007 667 3075 ⁸)
687 3011 746 3060 Vid.
761 3010 793 3060 L.
808 3024 828 3060 1.
846 3012 889 3059 cit.
954 3006 975 3074 4)
991 3023 1019 3058 eu
1035 3009 1096 3059 Cdd.

145 3086 169 3127 et
182 3094 216 3128 ex
231 3079 300 3128 Pitlz.
311 3083 344 3142 φ’.
354 3082 393 3130 ed.
403 3079 444 3130 Bt.
471 3080 545 3142 Quod
552 3083 733 3145 supplevimus,
743 3080 774 3131 od
787 3081 982 3129 similitudinem
990 3094 1098 3142 aequen-

145 3151 207 3198 tium
221 3164 309 3199 uocum
323 3152 453 3200 excidisse
466 3153 582 3207 uidetur,-
597 3153 630 3208 of.
646 3153 670 3212 ἕ.
680 3163 701 3203 t.
753 3149 774 3216 ὕ)
791 3149 852 3200 Cdd.
868 3163 992 3200 seruorum
1006 3150 1046 3199 ed.
1056 3150 1097 3200 Bl.

145 3216 235 3285 ⁰)cum
250 3220 300 3268 iure
315 3219 345 3268 B.
370 3236 398 3270 co
417 3222 467 3270 iure
492 3223 533 3272 Vi.
557 3237 610 3270 eum
629 3223 681 3270 iure
705 3221 750 3271 Vc.
782 3219 872 3270 Omnia
889 3220 954 3271 llaec
970 3221 1046 3284 foeta
1064 3236 1099 3270 ex

139 3292 228 3354 primo
243 3291 330 3339 littera
345 3291 423 3340 crucis
439 3307 490 3354 pro
504 3294 570 3358 stylo
584 3291 680 3341 hadita.
704 3292 770 3341 cruci
784 3293 824 3340 ed.
838 3291 879 3341 Br.
945 3289 966 3356 ¹)
980 3289 1012 3340 B.
1027 3290 1098 3352 adllgi

149 3361 190 3410 Vi.
211 3360 256 3413 Ve.
271 3361 310 3411 ed.
325 3360 366 3410 ΒΖ.
386 3361 444 3410 Vid.
462 3363 538 3412 Paul.
552 3361 579 3412 S.
596 3361 626 3411 R.
642 3373 663 3421 5,
673 3375 706 3413 aa.
722 3364 745 3424 5.
755 3373 776 3413 t.
828 3358 851 3428 ⁸)
865 3363 949 3412 tertius
969 3361 1011 3410 Vi.
1026 3363 1097 3410 tertio

143 3431 174 3480 B.
195 3431 249 3490 Vc„
265 3432 340 3482 initio
354 3445 390 3482 oc.
406 3437 460 3480 tert.
472 3447 524 3495 pro
538 3441 598 3482 sent.
614 3440 643 3482 ut
656 3435 684 3482 io
700 3433 811 3482 mnaso.
827 3448 847 3482 c.
862 3444 883 3484 o.
935 3429 956 3496 ο)
971 3453 1004 3474 -ι
1020 3431 1096 3482 Paul.

143 3500 375 3564 charace.
430 3499 462 3564 10)
479 3501 530 3552 Om.
544 3503 575 3554 B.
595 3504 616 3552 si
635 3504 677 3553 Vi.
697 3503 741 3552 Ve.
757 3504 796 3552 ed.
811 3502 851 3551 Bl.
911 3499 1096 3568 ¹¹)uaePaur.

148 3572 203 3622 Vde.
271 3569 304 3639 ¹⁹)
321 3573 359 3636 Cf.
374 3572 406 3621 L.
422 3584 455 3624 tt.
479 3573 511 3622 Ι).
531 3575 566 3623 ad
584 3575 632 3638 lep.
649 3574 724 3624 Corn.
739 3574 771 3622 de
784 3576 831 3626 aie.
846 3572 894 3637 (48,
909 3571 941 3637 8).
1007 3569 1041 3638 ¹³)
1057 3573 1095 3636 Cf.
