2542 3909
445 249 507 285 otu
526 249 631 289 rnsrrr.
650 231 699 285 Ill.
717 237 826 291 42-43.
1055 233 1119 300 295

152 402 298 468 patronum
313 391 451 450 naturales
466 390 554 464 liberi,
569 407 625 448 non
641 392 730 449 solum
747 408 816 465 quos
829 393 855 448 ln
871 399 1007 466 potestate
1022 394 1118 449 martis

152 490 275 552 ternpore
291 475 381 550 habet,
402 485 445 533 set
460 478 541 533 etiam
556 478 716 550 emancipati
731 485 760 533 et
774 478 802 532 in
817 475 990 550 adoptionem
1006 476 1078 548 dati,
1094 482 1121 534 si

152 563 234 620 msto
249 563 339 636 aliqua
354 578 387 618 ex
402 569 479 636 parte
494 561 607 618 heredes
621 563 717 635 scripti
733 566 801 633 sint,
817 569 869 618 nat
882 565 1040 632 praeteriti
1048 578 1118 618 con·

84 661 139 718 [ers]
154 657 194 705 tra
221 647 327 704 tabulas
354 648 509 702 testamenti
529 645 662 702 bonorum
683 648 885 720 possessionem
906 662 939 702 ex
960 646 1050 703 edicto
1073 661 1118 720 pe-

152 725 279 790 tierint:¹
310 748 372 788 nam
399 730 556 787 exheredati
584 730 660 788 nullo
689 731 770 787 modo
796 729 932 804 repellunt
960 739 1116 805 patronum.

150 815 202 876 ts.
225 817 323 875 Postea
346 816 409 890 lege
423 815 503 889 l’apia
524 823 603 871 aneta
625 824 690 872 sunt
712 816 771 870 iura
787 823 974 889 patronorum,
996 818 1072 890 quod
1085 814 1117 872 ad

151 902 346 975 locupletiores
361 900 477 956 libertos
492 899 625 974 pertinet:
648 909 758 956 cautum
780 907 823 956 est
846 901 915 955 enim
938 916 969 956 ea
992 900 1064 974 lege,
1088 907 1118 956 ut

151 1003 185 1043 er
204 987 282 1042 bonis
303 987 378 1054 eius,
399 987 446 1058 qui
465 985 657 1041 sestertiorum
677 1002 856 1042 nummorum
878 991 992 1042 eentum
1012 985 1117 1041 millam

150 1073 279 1143 plarisne
289 1071 480 1145 patrimonium
493 1069 647 1142 reliquerit,
663 1078 690 1125 et
702 1070 844 1143 pauciores
857 1085 937 1142 quam
950 1080 1006 1125 tres
1018 1067 1118 1126 liberos

154 1154 279 1226 habebit,
301 1157 361 1211 siue
377 1155 401 1210 is
418 1163 581 1211 testamento
595 1153 669 1211 lacto
685 1157 743 1209 siue
764 1154 896 1210 intestato
914 1155 1117 1224 monuissent,

154 1241 239 1296 uirilis
255 1257 316 1313 pars
332 1248 449 1312 patrono
463 1238 608 1307 delicatum
622 1240 714 1312 itaque
729 1254 790 1294 cum
804 1255 886 1294 unum
901 1236 986 1294 lilium
1003 1253 1117 1294 unemue

154 1323 237 1380 lilium
249 1324 375 1380 heredem
381 1323 525 1396 reliquerit
534 1322 657 1393 libertus,
671 1316 807 1398 ’perinde²
817 1339 879 1396 pars
887 1322 1117 1397 ‹limidiepatrono

154 1408 284 1478 debetur,
306 1426 337 1464 ao
357 1409 381 1464 si
403 1409 461 1464 siue
484 1407 541 1464 ullo
564 1405 620 1464 lilio
638 1406 728 1464 iiliaue
750 1399 924 1481 ’ttestamsii
946 1416 1116 1479 moreretur3

153 1509 215 1550 cunr
230 1509 300 1550 uero
313 1493 387 1550 elaea
401 1493 503 1549 duasne
517 1492 632 1549 heredes
648 1493 801 1567 reliquerit,
818 1495 897 1548 tertia
916 1509 977 1566 pars
992 1491 1118 1564 debetur,

117 1639 120 1643 ,
152 1580 177 1635 si
193 1586 249 1634 tres
264 1578 412 1652 relinquat,
428 1577 571 1652 repellitur
590 1586 733 1650 patronus.
771 1574 822 1636 48.
843 1577 872 1634 ln
888 1576 966 1633 bouis
982 1575 1117 1632 libertina·

152 1679 213 1719 rum
238 1663 341 1719 nullam
361 1663 486 1718 iniuriam
505 1663 617 1735 antiquo
636 1664 696 1718 iure
722 1661 894 1736 patiebantur
913 1664 1034 1736 patroni:
1057 1677 1118 1718 oum

153 1750 224 1804 enim
248 1749 298 1804 liae
319 1749 347 1804 in
370 1756 549 1821 patronarum
572 1746 693 1820 legitima
717 1747 801 1804 tutela
825 1755 931 1816 essent,
959 1763 1015 1804 non
1040 1746 1118 1802 aliter

151 1831 257 1890 scilieet
279 1841 471 1889 testamentum
493 1831 582 1888 lacere
601 1839 728 1905 poterant
750 1848 830 1905 quern
853 1841 968 1906 patrono
992 1841 1118 1894 auotore;

151 1919 243 1990 itaque
258 1919 317 1974 siue
330 1924 428 1974 auctor
441 1917 475 1972 ad
487 1925 681 1974 testamentum
693 1917 842 1972 laciendum
856 1916 899 1990 (is)
914 1910 917 1993 l
930 1910 1031 1972 ⁴iaotus
1044 1921 1117 1986 erat,
1130 1935 1186 1984 137,

152 2009 204 2058 aut
224 2004 260 2058 de
274 2018 306 2059 se
326 2006 411 2075 quera·
428 2001 549 2059 debebat
567 2002 653 2058 ireres
667 2021 685 2058 a
701 2003 806 2058 liberta
822 2017 879 2058 nan
896 2006 900 2061 t
917 2000 1045 2070 relictus,
1068 2006 1119 2057 aut
1132 2003 1149 2040 2·
1164 2009 1181 2039 ⁸·

149 2091 245 2159 ipsam
261 2102 300 2144 ea·
316 2093 502 2158 testamenta,
524 2089 551 2143 si
563 2087 651 2143 ireres
665 2087 702 2143 ab
721 2102 756 2142 eo
778 2089 902 2148 reliictue
925 2092 998 2154 erat,
1021 2099 1118 2157 seque·

153 2170 232 2227 iratur
253 2166 416 2230 hereditas.⁵
443 2173 466 2227 si
490 2188 557 2228 uero
578 2175 696 2236 auctori
713 2173 737 2226 ei
760 2170 847 2227 laetus
870 2185 925 2224 non
941 2177 1011 2239 erat,
1034 2177 1061 2223 et
1077 2170 1118 2223 in·

226 2303 246 2373 1)
263 2305 321 2357 Nan
335 2308 401 2356 satie
415 2313 540 2356 accurate
553 2306 602 2356 liae
616 2306 713 2355 dictam
727 2311 778 2364 est,
798 2305 876 2368 culpa
890 2311 987 2360 tanen,
1007 2309 1035 2350 nt
1049 2302 1120 2352 vide·

152 2385 205 2435 tur,
220 2379 304 2441 ipsias
320 2377 388 2428 Gaii.
420 2376 452 2425 In
464 2368 633 2440 'emancipata
652 2391 731 2440 eoque
751 2377 777 2424 in
798 2375 962 2438 adaptionem
980 2373 1055 2432 dato,
1076 2375 1121 2438 poi

152 2463 248 2498 narsae
261 2451 439 2512 emancipatus
452 2455 503 2506 est,
518 2449 678 2512 requiritur,
698 2454 725 2496 nt
739 2454 785 2496 ant
802 2446 878 2496 heres
896 2447 1012 2509 scriptus
1026 2447 1060 2494 sit
1074 2452 1120 2494 aut

149 2522 378 2584 praeteriisset.
393 2519 415 2569 b.
425 2519 615 2582 passessionem
629 2519 762 2582 acceperit
766 2535 776 2575 ,·
795 2519 822 2566 in
837 2533 866 2568 ea
881 2532 956 2576 uera,
971 2518 1017 2582 qai
1030 2518 1057 2566 in
1072 2517 1120 2565 ad-

152 2592 259 2655 optione
271 2592 394 2640 extranei
406 2597 457 2648 est,
478 2597 506 2638 nt
519 2606 536 2638 a
553 2590 671 2638 naturali
685 2597 764 2654 patre
783 2589 858 2638 heres
877 2591 992 2654 scriptus
1010 2589 1057 2646 sit,
1077 2589 1120 2638 eni

152 2669 179 2712 et
202 2663 254 2725 ipsi
277 2663 409 2712 commisso
429 2675 481 2724 per
503 2662 584 2709 alium
606 2660 691 2710 edicta
718 2677 739 2710 e.
758 2667 774 2710 t.
793 2659 816 2710 b.
836 2661 968 2724 possessio
992 2659 1119 2723 competit.

155 2733 277 2784 Fortasse
296 2740 379 2782 tamen
398 2733 449 2781 iam
467 2739 528 2781 ante
546 2731 721 2780 lastinianum
735 2738 797 2794 past
818 2739 857 2780 ant
874 2732 1013 2782 exciderat
1036 2745 1120 2780 rursus

153 2805 297 2867 emancipati
316 2811 346 2856 et.
434 2798 457 2868 ¹)
475 2801 521 2853 Sic
536 2803 621 2852 Instit.
641 2803 741 2866 proinde
759 2801 849 2866 Sappl.
865 2801 903 2852 St.
916 2819 944 2866 p.
962 2799 1071 2852 XXXI.
1086 2817 1120 2851 en

153 2883 214 2926 nata
228 2873 382 2938 confusione
396 2881 516 2924 natarum
530 2875 558 2922 in
572 2873 622 2923 itae
639 2889 708 2937 vace.
733 2871 792 2937 Ipse
803 2875 951 2938 promiscue
962 2874 1049 2938 paeni,
1064 2889 1120 2923 eom

154 2947 186 2996 de
204 2947 312 2996 diuersa
329 2945 522 3011 significatione
542 2944 654 2994 nandum
673 2951 777 2995 constet.
851 2941 872 3012 8)
887 2945 990 2996 Addidi
1008 2947 1067 2994 item
1086 2959 1121 2994 ecc

154 3016 227 3067 banis
243 3017 306 3068 Odd.
321 3016 424 3068 Ineter
441 3015 594 3080 lleopllr'lo,
611 3031 757 3082 quanquam
772 3016 795 3065 is
810 3022 928 3066 testatam
942 3021 1121 3066 commemorat

154 3089 205 3137 iam
218 3088 383 3138 antecedenti
395 3089 538 3138 enuntiata.
611 3084 632 3149 ⁴)
648 3085 783 3153 Reliquam
793 3093 897 3152 partem
911 3087 988 3136 linias
1003 3088 1030 3149 §i
1044 3087 1120 3136 initia

152 3175 222 3210 nanc
235 3160 344 3209 reiectis
361 3159 408 3216 iis,
428 3175 493 3224 qaae
513 3160 540 3208 in
559 3157 617 3210 edd.
632 3171 651 3209 1.
666 3171 685 3210 a.
698 3159 735 3208 ad
752 3158 841 3208 hiatus
856 3159 999 3222 expiendas
1013 3159 1120 3222 excopi-

152 3237 281 3289 taoeram,
300 3245 336 3279 ex
359 3226 404 3278 W
421 3247 437 3279 a
456 3230 581 3295 Kritpero
600 3228 672 3294 (ierit.
696 3229 829 3280 Vereaclle
844 3245 872 3293 p.
888 3227 938 3294 131)
959 3229 1056 3285 relato,
1075 3228 1122 3277 sed

153 3303 210 3366 ipsa
238 3298 283 3350 V*t
306 3302 411 3367 cognito
434 3304 511 3350 etiam
536 3303 643 3351 reiectis
662 3303 797 3366 plerisque
824 3301 1007 3364 supplementis
1028 3299 1121 3348 Krnis

151 3374 242 3436 refeci.
275 3373 315 3422 Ile
334 3371 431 3436 querela
449 3373 544 3436 patroni
564 3373 599 3436 cf.
619 3385 645 3436 a,
663 3385 697 3424 to.
764 3369 785 3436 5)
803 3371 970 3422 Carrectione
989 3385 1053 3436 opus
1070 3384 1121 3420 non

151 3451 198 3494 est.
229 3441 840 3509 ondens.li.mand.(1r,1)tiai.4,rr.

225 3547 250 3620 ξ.
270 3554 312 3601 te.
331 3572 366 3594 ε
384 3553 408 3613 5.
426 3563 445 3601 2.
472 3550 567 3600 teon.
594 3550 633 3614 Os.
654 3551 687 3600 L.
707 3561 739 3602 16.
759 3551 789 3601 D.
804 3551 835 3600 de
855 3551 912 3599 iure
928 3556 999 3613 patr.
1014 3548 1063 3614 (tr,
1078 3546 1122 3614 rt).

152 3618 178 3690 ξ.
192 3625 235 3673 te.
257 3622 295 3685 Of.
314 3620 371 3686 Uip.
385 3634 425 3684 29,
439 3633 460 3670 e.
482 3620 525 3671 Fr.
540 3621 571 3670 de
586 3623 602 3672 i.
614 3623 675 3684 fisci
689 3623 711 3684 ξ,
728 3632 761 3672 tr.
780 3637 863 3685 sopra
878 3633 898 3682 t,
914 3633 961 3673 tes.
