2542 3909
330 197 600 234 semianimum
620 199 789 236 sussurim
806 201 939 238 eumsmu.
1056 188 1120 254 445

295 339 342 386 aot.
357 339 380 384 1.
597 340 646 388 cot.
661 342 685 388 2.

279 401 405 485 patronu'
540 411 685 469 Seruumin

301 487 392 551 teneb'
565 499 712 554 commisso
820 515 886 556 ceue

570 581 741 657 uindicaripo
821 583 864 639 iru

300 663 404 720 emtore
568 658 862 742 mittatistititoump‘tfi

571 745 875 808 rissinedominoeerdi¹

277 831 422 889 ndssisun'
567 829 886 912 priusfiusuospist'iustu

279 914 393 974 asc'inse
569 920 737 978 tatemascsio
825 923 899 995 ccipe

568 1020 616 1060 aco
703 1005 848 1062 intremots

589 1099 832 1181 pristinumreddi²

653 1190 866 1266 qpublicanduse

278 1274 370 1330 censui
597 1275 889 1334 dominieedesinitidte

279 1357 355 1414 tesob
595 1360 885 1436 iniectioneeteumqro

592 1442 639 1502 lib.
656 1438 946 1521 ateeiusquinpessus³

276 1543 304 1600 p.
319 1526 388 1584 XXX
592 1529 698 1603 lituus
785 1532 812 1606 ip
856 1524 957 1587 dihad4

301 1628 350 1667 eru
500 1635 503 1637 Α

149 1852 307 1902 Sententiam
318 1855 426 1916 firmant
439 1863 463 1904 et
477 1857 612 1918 explicant
629 1854 686 1905 Gai.
703 1867 723 1916 1,
738 1866 772 1906 88.
796 1854 851 1918 alp.
867 1855 898 1906 L.
908 1869 929 1906 4.
945 1859 967 1918 ξ.
984 1869 1017 1908 18.
1038 1858 1069 1905 D.
1086 1859 1117 1907 de

147 1925 217 1988 sdes.
237 1924 321 1974 libert.
342 1924 391 1988 (40,
409 1924 441 1989 5).
465 1926 498 1975 L.
517 1937 538 1978 5.
564 1925 589 1974 C.
605 1927 662 1975 eod.
679 1929 714 1989 (⁸1,
728 1924 761 1991 4).
778 1953 809 1962 -
827 1927 1014 1976 Piaeeesserat
1035 1930 1117 1992 igitur

149 1997 217 2044 iane
240 1994 347 2058 Ulpiani
365 2004 450 2046 notam
470 1997 614 2060 Papiniani
631 1999 772 2054 sententia,
791 2011 881 2047 seruos
899 2014 916 2046 a
935 1998 1037 2048 domiuo
1060 1998 1119 2048 XX

150 2083 210 2115 auu.
226 2069 325 2116 minore
344 2068 397 2116 uisi
416 2068 531 2116 uindicta
551 2082 632 2116 eausa
650 2066 763 2130 probata
777 2070 945 2118 manumissos
960 2071 1029 2118 aives
1044 2069 1116 2119 Rom.

150 2153 201 2187 nou
213 2139 282 2201 fieri.
365 2135 385 2203 ¹)
400 2137 466 2187 Iude
480 2154 504 2187 a.
520 2156 542 2187 u.
557 2150 583 2189 σε
597 2139 714 2187 vindicari
729 2153 800 2201 posse
866 2139 953 2187 frustra
973 2137 1117 2207 manumitti

150 2209 259 2257 constitit
278 2223 331 2257 cum
345 2210 434 2272 poterit
449 2210 511 2258 fitius
529 2205 662 2276 testatoiris
677 2210 728 2257 sine
744 2208 839 2256 domino
854 2223 908 2257 esse
926 2210 1053 2273 respondi,
1073 2211 1116 2259 sed

150 2294 203 2328 cum
220 2277 225 2344 Ι
242 2278 260 2344 (i
267 2277 285 2345 1)
304 2280 370 2330 Dar.
403 2279 449 2328 Eoo
467 2279 639 2343 inferioribus
653 2280 790 2343 patenae
809 2295 884 2329 seruo
904 2281 930 2328 iu
952 2279 1026 2330 bouis
1041 2281 1115 2344 fidei-

150 2352 321 2400 commissarii
337 2365 478 2401 sermonem
497 2365 565 2409 esse,
584 2366 690 2415 eumque
703 2352 790 2400 statim
804 2367 860 2399 eum
875 2357 961 2414 potest
976 2353 993 2400 i.
1009 2367 1029 2400 e.
1045 2360 1115 2401 aute·

150 2437 225 2485 quam
239 2423 441 2485 usucapionis,
456 2437 473 2470 a
486 2429 580 2487 rogato
594 2423 775 2471 manumissum
789 2424 940 2485 comparari
953 2437 1042 2481 seruo,
1057 2425 1116 2472 dum

149 2495 177 2541 iu
196 2494 282 2542 alieno
302 2493 440 2556 usufructu
459 2500 509 2552 est,
533 2495 701 2550 manumisso,
724 2493 757 2542 de
776 2508 825 2556 quo
844 2494 879 2555 es.
901 2491 945 2542 Fr.
966 2494 1066 2546 Dositit.
1082 2507 1115 2546 11.

150 2564 235 2612 Statim
250 2578 304 2612 cum
318 2571 398 2628 potest
412 2565 548 2629 intellego:
566 2579 621 2613 eum
631 2579 674 2616 eu.
682 2580 724 2629 9⁷⁰.
735 2564 868 2613 hereditas
874 2565 1116 2627 fideicommissario

148 2635 270 2684 restituta
283 2643 323 2684 est
341 2649 388 2684 mee
403 2642 544 2698 praeterea
559 2636 679 2684 condicio
694 2637 734 2684 vet
753 2637 798 2684 teu
816 2636 922 2698 impedit
938 2637 1116 2687 manumissio-

149 2721 213 2763 uem,
227 2705 275 2754 sed
288 2713 394 2765 tautum,
408 2707 478 2770 quod
490 2707 602 2756 noudum
609 2709 687 2768 pleno
698 2708 757 2754 iure
766 2721 866 2755 servum
882 2709 1028 2771 aequisivit,
1044 2723 1116 2772 quem

149 2783 258 2826 testator
272 2778 352 2826 ciuem
366 2777 438 2826 Rom.
454 2778 517 2840 fleri
535 2779 624 2826 votuit.
700 2774 721 2842 ²)
736 2777 863 2840 respondi,
883 2777 926 2826 sed
945 2791 999 2827 eum
1015 2777 1019 2844 Ι
1035 2780 1116 2842 prius-

150 2861 221 2911 quam
235 2849 390 2910 usucapiatur
403 2849 491 2896 iustam
506 2844 676 2915 tibertiatema
695 2848 918 2896 fideicommissario
934 2863 980 2897 non
996 2852 1115 2912 accipere,
1173 2911 1174 2914 Ἴ

149 2933 196 2967 non
212 2919 275 2966 enim
289 2933 361 2982 posse
378 2913 382 2986 1
399 2919 429 2968 iis
443 2919 484 2984 qui
497 2920 634 2982 acceperint
644 2927 734 2967 remota
748 2919 858 2967 libertate
872 2927 959 2967 statum
972 2916 976 2986 Ι
989 2921 1114 2982 pristinum

149 2988 218 3038 reddi
232 2989 312 3038 Dar..
328 2989 389 3039 Mea
407 2992 535 3040 sententia
555 2993 581 3038 in
600 3007 622 3042 a.
639 3001 664 3040 ιι
679 2997 776 3038 tautum
788 2990 856 3052 fuit:
877 2991 1025 3038 tutemuiesio
1037 3005 1115 3053 posse

149 3059 273 3123 accipere.
303 3060 400 3110 Nouam
419 3063 486 3110 euim
505 3063 620 3124 incipere
640 3062 792 3110 seutentiam
811 3061 871 3109 iude
890 3076 906 3108 a
925 3076 948 3108 υ.
964 3071 1002 3119 12,
1013 3061 1114 3123 prodit,

149 3131 219 3195 quod
237 3133 288 3179 iam
306 3131 338 3181 de
355 3135 452 3191 seruis,
471 3147 535 3190 uon,
555 3140 582 3181 ut
600 3139 690 3190 autea,
710 3132 741 3181 de
755 3145 830 3180 seruo
849 3145 931 3180 sermo
951 3137 995 3180 est.
1025 3131 1115 3196 anue

150 3202 254 3252 videtur
264 3203 358 3266 fuisse,
374 3219 448 3268 quam
458 3211 551 3267 postea
561 3204 711 3266 informavi.
767 3199 788 3266 ⁸)
803 3201 914 3250 PESSUS
921 3216 972 3264 pro
983 3201 1115 3252 PFESSUS

149 3272 215 3321 Dar.
240 3275 303 3323 uitio
318 3275 417 3325 codicis
431 3291 465 3324 au
480 3275 627 3339 typothetae
641 3276 775 3326 incertum.
842 3269 864 3338 ⁴)
879 3271 944 3322 Inde
959 3287 975 3321 a
988 3289 1010 3322 u.
1022 3285 1059 3324 15:
1075 3275 1115 3338 qui

149 3343 306 3406 publicandas
326 3353 363 3394 est
381 3355 407 3394 ut
425 3347 537 3395 incensus
554 3342 557 3413 1
577 3346 667 3394 domini
691 3359 745 3393 esse
769 3344 857 3392 desinit
880 3344 984 3404 interea,
1008 3357 1091 3393 munus

150 3415 278 3465 iniectionis
300 3424 324 3465 et
343 3431 397 3465 eum
415 3418 457 3480 qui
475 3425 565 3466 remota
585 3413 704 3484 liibertste
720 3417 772 3464 eius
791 3415 831 3478 qui
851 3429 898 3462 non
917 3416 1040 3478 protessus
1055 3423 1092 3464 est

149 3485 274 3534 libertates
351 3490 469 3550 rescripto
489 3488 537 3537 divi
557 3488 671 3536 Hadriani
690 3486 755 3535 Dar.
784 3485 869 3535 Invito
889 3487 979 3536 codice
996 3493 1020 3535 et
1038 3501 1114 3536 seusu

149 3557 244 3620 inepto.
