2542 3909
149 274 211 339 168
581 292 667 328 siivs.

147 414 310 478 editionem,
343 414 490 482 ropediem.
500 414 613 490 quidem
625 414 655 466 iii
667 414 812 482 publicum
820 414 996 482 proditurum
1008 428 1102 481 rpora-

146 481 238 546 batur,
257 497 310 534 nec
357 497 422 534 men
440 481 597 549 prodierat,
620 497 673 534 nec
697 481 809 549 quando
826 482 1003 549 proditurum
1021 482 1104 545 essct⁷

147 551 224 602 certo
242 547 338 601 resciri
354 550 475 615 poterat.
512 547 592 612 Quod
609 548 765 602 subsidium
782 549 815 601 ut
832 550 867 601 ab
886 548 1023 614 omnibus,
1041 547 1124 615 qui·-

147 616 199 668 bus
216 616 285 669 haec
303 616 396 668 studia
413 615 490 668 cordi
507 617 581 680 sunt,
599 632 655 683 quo
674 616 779 669 diutius
797 618 989 684 exspectatur,
1008 630 1041 667 co
1060 630 1102 667 ar·

149 682 260 735 dontius
278 682 467 747 desideratur,
489 682 587 746 itaci,
607 682 657 749 qui
679 680 743 735 Gaii
759 683 953 737 institutiones
976 680 1103 736 editurus

149 751 200 815 est,
219 765 332 825 prorsus
348 750 536 803 necessarium
553 747 644 803 videri
662 749 755 807 debet.
789 750 831 803 Ex
852 750 896 803 bis
918 751 1006 813 enim,
1029 766 1103 817 quae

149 815 204 870 viri
220 834 250 868 in
267 816 470 885 investigandis
492 832 558 871 reco
598 816 724 870 escendis
745 833 780 871 us
801 818 944 887 scripturis
964 816 1105 871 deleticiis

150 883 373 960 exercitatissimi
385 884 538 961 ingenium,
573 883 621 936 des
633 886 718 960 atquc
726 835 1008 961 (doctrinaspondent
1019 899 1104 961 quae·

149 950 404 1029 quaquibusdam·
416 968 506 1018 ipsius
531 950 688 1019 apographi
713 950 880 1031 Veronensis
904 950 1105 1029 speciminibus

148 1017 1105 1161 {siustriaturis{tuttrittuiurirtiiu

150 1152 300 1217 latuerant,
319 1153 355 1205 ab
375 1168 408 1205 eo
426 1152 502 1205 lecta
519 1168 587 1214 esse,
606 1151 657 1206 sed
675 1154 761 1205 etism
776 1153 861 1221 plura
881 1154 1026 1207 oculorum
1044 1166 1104 1205 acie

151 1219 193 1273 ita
209 1219 315 1273 certius
332 1219 446 1288 cognita
463 1234 495 1271 11
513 1219 645 1284 definita,
667 1221 699 1273 ut
716 1236 785 1288 quos
803 1220 844 1273 illi
861 1220 890 1273 in
908 1221 1024 1273 schedas
1041 1235 1105 1271 suas

150 1286 307 1339 retulerant
327 1285 486 1339 litterarum
508 1286 608 1340 ductus
631 1287 788 1355 quibusque
812 1290 851 1352 ci,
874 1286 924 1353 qui
946 1288 1108 1341 coniectura

150 1354 266 1406 lacunas
283 1352 393 1420 replere
405 1353 568 1419 conabatur,
587 1352 679 1407 adhuc
696 1354 832 1409 utendum
845 1356 913 1419 erat,
931 1355 1107 1423 inexspecta

150 1427 211 1473 tuin
228 1419 258 1473 in
276 1419 391 1472 modurn
408 1420 598 1489 corrigantur,
623 1422 653 1474 et
669 1438 743 1475 nunc
761 1421 888 1486 demum,
907 1422 974 1490 quid
992 1436 1107 1490 quoque

150 1486 212 1541 loco
234 1487 368 1556 scriptum
392 1502 453 1541 esse
475 1487 600 1554 potuerit
620 1488 667 1541 vel
688 1505 758 1553 non,
780 1490 842 1541 tuto
866 1492 989 1543 statuere
1010 1489 1105 1541 liccat.

151 1554 250 1630 Itaque
267 1553 321 1607 boc
338 1552 501 1607 adiumento
519 1555 669 1609 destitutus
686 1555 797 1610 nonnisi
813 1557 980 1610 necessitate
994 1555 1108 1609 coactus

150 1621 256 1675 inv-itus
279 1623 366 1688 atque
387 1621 521 1699 ingratiis·
538 1622 575 1699 ad
595 1622 753 1699 iterandam
781 1622 853 1677 hanc
879 1622 1031 1675 editionem
1057 1620 1105 1673 ad-

152 1704 268 1833 dititii
281 1688 1106 1834 trististristisirruimus{trpura

152 1821 324 1876 editionibus
334 1824 454 1887 retenta,
468 1825 633 1879 certioribus
647 1824 849 1879 structioribus
862 1824 961 1879 cedere
974 1823 1104 1877 debeant.

153 1890 284 1945 Ceterum
302 1890 355 1943 bac
372 1890 486 1943 fortuna
503 1890 605 1945 adduci
622 1908 667 1946 me
680 1906 778 1959 passus
790 1906 846 1945 nou
859 1908 930 1956 sum,
948 1892 981 1944 ut
992 1889 1106 1943 interim

153 1957 267 2011 omnino
284 1957 396 2010 tantum
413 1958 508 2024 priora
524 1960 690 2026 repeterem.
720 1956 827 2013 Saltem
845 1974 918 2025 quac
935 1958 1024 2026 potui,
1042 1974 1106 2026 sup-

151 2024 230 2093 plevi
252 2024 282 2077 et
298 2024 447 2101 emendavi
469 2025 756 2105 msximequepquae
779 2042 813 2079 cx
830 2026 1018 2104 Studeniundi
1040 2040 1108 2093 apo·

152 2091 1109 2228 substituturus{dissuasuritut:

153 2226 265 2295 publice
277 2228 451 2357 privatimve
469 2226 739 2281 communicantibus
757 2226 786 2279 iii
798 2228 929 2281 notitiam
941 2243 1033 2281 meam
1043 2242 1108 2346 Ker-

153 2309 276 2347 venerari
315 2294 346 2345 in
362 2309 423 2347 rem
439 2294 680 2348 meamconrerti.
710 2293 771 2358 Qua
782 2295 892 2347 ratione
904 2296 981 2348 certe
994 2294 1042 2361 qui
1064 2310 1108 2346 us-

153 2362 218 2414 dam
235 2360 304 2414 locis
326 2360 396 2413 haec
419 2360 507 2413 editio
524 2361 571 2414 vel
587 2361 756 2430 locupletior
773 2361 819 2415 vei
836 2360 1012 2415 emendatior
1029 2376 1109 2429 repe·

153 2428 243 2481 rietur
260 2426 340 2481 velut
356 2425 378 2479 Ι.
396 2429 517 2481 sab—so.
536 2432 577 2481 78.
596 2434 636 2483 91.
657 2434 712 2481 111.
730 2428 765 2481 11.
785 2434 841 2487 110,
861 2434 917 2483 151.
937 2428 986 2486 III.
1006 2432 1107 2483 4141.

152 2500 194 2548 41.
214 2494 262 2547 lV.
283 2497 321 2546 1⁵.
341 2498 528 2547 17191111.
549 2500 606 2549 166.
641 2496 674 2548 ln
692 2495 874 2549 adnotatione
898 2510 964 2549 vero
983 2494 1109 2549 codicem

154 2560 345 2614 Veronensum
363 2574 381 2611 a
398 2558 592 2615 Studcmundo
614 2562 774 2630 inspectum
796 2562 849 2617 hac
871 2566 940 2617 nota
961 2566 1007 2617 V⁸²
1024 2561 1109 2631 signi·

154 2627 237 2683 ficari
255 2630 285 2681 et
302 2626 424 2680 distinxi.

524 2774 736 2783 ——-

223 2880 462 2937 Tandem'Gainm
476 2898 510 2935 ex
521 2882 613 2951 ipsoa
635 2883 759 2962 ographo
773 2878 1011 2937 Studeinundiano
1025 2891 1109 2933 sucre

154 2964 235 3017 posse
254 2950 384 3017 contigit:
404 2950 480 3027 quod
499 2964 568 3017 opus
587 2964 603 3001 a
624 2950 759 3003 mirabilis
777 2965 842 3003 sane
865 2949 925 3001 tam
942 2944 1110 3016 prudentiae

155 3017 185 3070 et
201 3015 249 3070 rel
266 3014 295 3068 in
313 3018 436 3071 minimis
449 3016 613 3084 diligentiae
626 3033 658 3070 ac
670 3016 747 3081 fidei,
760 3032 844 3084 quam
862 3014 948 3068 studii
961 3028 993 3066 ac
1005 3012 1112 3067 laboris

174 3083 268 3147 rodiit‚
288 3083 410 3138 abiblio
432 3084 478 3137 ola
510 3100 545 3136 uo
567 3099 602 3137 us
616 3083 701 3151 digne
720 3083 897 3147 adornatum,
910 3080 1021 3150 Lipsiae
1035 3082 1112 3150 apud

182 3152 308 3205 irzelium
321 3165 346 3205 a.
358 3101 601 3207 Muiccfilxxiv.
613 3151 667 3204 hoc
679 3150 730 3203 sub
740 3151 836 3203 titulo:
852 3155 911 3206 Gaii
923 3152 1112 3204 Institutionum

154 3223 326 3274 commentarii
351 3229 478 3287 quattuor.
521 3222 622 3272 Codicis
649 3224 804 3273 Veronensis
831 3224 912 3271 denno
939 3221 1027 3271 colluti
1051 3236 1113 3284 apo·

153 3291 278 3355 propium
295 3291 405 3349 confecit
422 3297 447 3338 et
466 3291 535 3338 iussu
552 3290 699 3339 academiae
720 3290 809 3353 regine
831 3290 992 3339 scientiarum
1010 3287 1112 3337 Berolr'-

155 3355 653 3407 111111εά1ᾰί16111111118111111111
684 3352 871 3407 Praemissum
884 3353 927 3406 est
958 3353 1113 3405 rooemium

154 3420 261 3482 omnia,
287 3434 359 3488 quae
384 3418 420 3471 ed
443 3418 568 3472 codicem
592 3420 708 3487 eiusque
725 3420 785 3473 fata
801 3368 958 3491 pertimui),
983 3420 1113 3472 accurate

157 3502 302 3552 enarrans,
330 3486 455 3540 adiectus
481 3487 596 3555 praeter
621 3486 677 3539 alia
704 3486 808 3540 ‘Iudex
830 3490 959 3541 notarum
968 3492 985 3551 ’‚
1012 3485 1114 3539 codicis

156 3555 324 3622 scripturam
346 3553 534 3606 tractantibus
561 3552 698 3621 perutilis.
749 3552 809 3607 Hoc
836 3555 924 3633 igitur
948 3567 1022 3606 novo
1049 3553 1113 3605 sub·

155 3621 227 3675 sidio
246 3620 372 3688 vulgato,
390 3634 454 3673 cnm
470 3620 527 3672 iam
543 3620 573 3672 iri
591 3619 710 3672 Batavis
726 3619 832 3673 tructus
852 3622 919 3673 inde
940 3619 1115 3689 percipiendi
