<?xml version="1.0" encoding="UTF-8"?>
<!DOCTYPE html PUBLIC "-//W3C//DTD XHTML 1.0 Transitional//EN"
    "http://www.w3.org/TR/xhtml1/DTD/xhtml1-transitional.dtd">
<html xmlns="http://www.w3.org/1999/xhtml" xml:lang="en" lang="en">
 <head>
  <title>
</title>
<meta http-equiv="Content-Type" content="text/html;charset=utf-8" />
  <meta name='ocr-system' content='tesseract 3.04.00' />
  <meta name='ocr-capabilities' content='ocr_page ocr_carea ocr_par ocr_line ocrx_word'/>
</head>
<body>
  <div class='ocr_page' id='page_1' title='image "./iurisprudentiae01huscgoog_0321.png"; bbox 0 0 2542 3909; ppageno 0'>
   <div class='ocr_carea' id='block_1_1' title="bbox 437 227 1105 292">
    <p class='ocr_par' dir='ltr' id='par_1_1' title="bbox 437 227 1105 292">
     <span class='ocr_line' id='line_1_1' title="bbox 437 227 1105 292; baseline 0.019 -12"><span class='ocrx_word' id='word_1_1' title='bbox 437 243 495 281; x_wconf 78' lang='lat' dir='ltr'><strong>onrr</strong></span> <span class='ocrx_word' id='word_1_2' title='bbox 512 245 609 286; x_wconf 81' lang='lat' dir='ltr'><strong>rnsrrr.</strong></span> <span class='ocrx_word' id='word_1_3' title='bbox 623 228 677 282; x_wconf 85' lang='grc' dir='ltr'>ΠΙ.</span> <span class='ocrx_word' id='word_1_4' title='bbox 696 233 807 283; x_wconf 76' lang='grc'>48-61.</span> <span class='ocrx_word' id='word_1_5' title='bbox 1042 227 1105 292; x_wconf 75' lang='grc'><strong>297</strong></span> 
     </span>
    </p>
   </div>
   <div class='ocr_carea' id='block_1_2' title="bbox 65 374 1174 2244">
    <p class='ocr_par' dir='ltr' id='par_1_2' title="bbox 65 374 1107 1224">
     <span class='ocr_line' id='line_1_2' title="bbox 130 374 1106 462; baseline 0 -18"><span class='ocrx_word' id='word_1_6' title='bbox 130 388 287 459; x_wconf 87' lang='lat' dir='ltr'><strong>debeatur,</strong></span> <span class='ocrx_word' id='word_1_7' title='bbox 310 403 344 444; x_wconf 91' lang='lat' dir='ltr'><strong>ne</strong></span> <span class='ocrx_word' id='word_1_8' title='bbox 367 386 514 443; x_wconf 88' lang='lat' dir='ltr'><strong>liberorum</strong></span> <span class='ocrx_word' id='word_1_9' title='bbox 531 387 642 462; x_wconf 90' lang='lat' dir='ltr'><strong>quidem</strong></span> <span class='ocrx_word' id='word_1_10' title='bbox 659 389 719 444; x_wconf 88' lang='lat' dir='ltr'><strong>inre</strong></span> <span class='ocrx_word' id='word_1_11' title='bbox 734 389 927 462; x_wconf 78' lang='lat' dir='ltr'>consequitur,</span> <span class='ocrx_word' id='word_1_12' title='bbox 950 395 982 443; x_wconf 91' lang='lat' dir='ltr'><strong>nt</strong></span> <span class='ocrx_word' id='word_1_13' title='bbox 997 374 1106 461; x_wconf 77' lang='lat' dir='ltr'><strong>qnidam</strong></span> 
     </span>
     <span class='ocr_line' id='line_1_3' title="bbox 135 471 1107 548; baseline -0.002 -18"><span class='ocrx_word' id='word_1_14' title='bbox 135 482 250 548; x_wconf 87' lang='lat' dir='ltr'><strong>putant;</strong></span> <span class='ocrx_word' id='word_1_15' title='bbox 266 481 309 528; x_wconf 88' lang='lat' dir='ltr'><strong>set</strong></span> <span class='ocrx_word' id='word_1_16' title='bbox 323 481 414 528; x_wconf 84' lang='lat' dir='ltr'><strong>tamen</strong></span> <span class='ocrx_word' id='word_1_17' title='bbox 429 475 557 528; x_wconf 84' lang='lat' dir='ltr'><strong>intestata</strong></span> <span class='ocrx_word' id='word_1_18' title='bbox 573 472 671 528; x_wconf 87' lang='lat' dir='ltr'><strong>liberta</strong></span> <span class='ocrx_word' id='word_1_19' title='bbox 683 481 801 545; x_wconf 84' lang='lat' dir='ltr'><strong>mortno,</strong></span> <span class='ocrx_word' id='word_1_20' title='bbox 818 471 910 528; x_wconf 81' lang='lat' dir='ltr'><strong>&#39;uerba</strong></span> <span class='ocrx_word' id='word_1_21' title='bbox 925 473 995 547; x_wconf 86' lang='lat' dir='ltr'><strong>legis</strong></span> <span class='ocrx_word' id='word_1_22' title='bbox 1010 472 1107 546; x_wconf 79' lang='lat' dir='ltr'><strong>Papiae</strong></span> 
     </span>
     <span class='ocr_line' id='line_1_4' title="bbox 136 551 1106 631; baseline -0.002 -17"><span class='ocrx_word' id='word_1_23' title='bbox 136 551 269 630; x_wconf 80' lang='lat' dir='ltr'><strong>iaciunt‚²</strong></span> <span class='ocrx_word' id='word_1_24' title='bbox 290 563 321 612; x_wconf 91' lang='lat' dir='ltr'><strong>ut</strong></span> <span class='ocrx_word' id='word_1_25' title='bbox 336 559 361 614; x_wconf 89' lang='lat' dir='ltr'><strong>ei</strong></span> <span class='ocrx_word' id='word_1_26' title='bbox 375 557 463 612; x_wconf 85' lang='lat' dir='ltr'><strong>uirilis</strong></span> <span class='ocrx_word' id='word_1_27' title='bbox 483 574 545 631; x_wconf 83' lang='lat' dir='ltr'><strong>pars</strong></span> <span class='ocrx_word' id='word_1_28' title='bbox 562 555 707 622; x_wconf 86' lang='lat' dir='ltr'><strong>debeatnr;</strong></span> <span class='ocrx_word' id='word_1_29' title='bbox 731 559 755 614; x_wconf 89' lang='lat' dir='ltr'><strong>si</strong></span> <span class='ocrx_word' id='word_1_30' title='bbox 770 574 838 614; x_wconf 88' lang='lat' dir='ltr'><strong>uero</strong></span> <span class='ocrx_word' id='word_1_31' title='bbox 856 565 1018 615; x_wconf 86' lang='lat' dir='ltr'><strong>testamento</strong></span> <span class='ocrx_word' id='word_1_32' title='bbox 1035 556 1106 613; x_wconf 85' lang='lat' dir='ltr'><strong>iaeto</strong></span> 
     </span>
     <span class='ocr_line' id='line_1_5' title="bbox 137 641 1107 716; baseline -0.002 -18"><span class='ocrx_word' id='word_1_33' title='bbox 137 643 299 700; x_wconf 76' lang='lat' dir='ltr'><strong>nrortuasit</strong></span> <span class='ocrx_word' id='word_1_34' title='bbox 314 641 422 714; x_wconf 88' lang='lat' dir='ltr'><strong>liberta,</strong></span> <span class='ocrx_word' id='word_1_35' title='bbox 447 641 500 697; x_wconf 84' lang='lat' dir='ltr'><strong>tole</strong></span> <span class='ocrx_word' id='word_1_36' title='bbox 513 643 557 698; x_wconf 86' lang='lat' dir='ltr'><strong>ius</strong></span> <span class='ocrx_word' id='word_1_37' title='bbox 572 643 597 696; x_wconf 89' lang='lat' dir='ltr'><strong>ei</strong></span> <span class='ocrx_word' id='word_1_38' title='bbox 613 642 703 713; x_wconf 80' lang='lat' dir='ltr'><strong>datur,</strong></span> <span class='ocrx_word' id='word_1_39' title='bbox 729 642 809 716; x_wconf 87' lang='lat' dir='ltr'><strong>quaie</strong></span> <span class='ocrx_word' id='word_1_40' title='bbox 832 642 924 698; x_wconf 82' lang='lat' dir='ltr'><strong>dotum</strong></span> <span class='ocrx_word' id='word_1_41' title='bbox 947 651 989 699; x_wconf 88' lang='lat' dir='ltr'><strong>est</strong></span> <span class='ocrx_word' id='word_1_42' title='bbox 1012 649 1107 698; x_wconf 86' lang='lat' dir='ltr'><strong>eontra</strong></span> 
     </span>
     <span class='ocr_line' id='line_1_6' title="bbox 139 719 1107 802; baseline -0.003 -18"><span class='ocrx_word' id='word_1_43' title='bbox 139 727 244 784; x_wconf 82' lang='lat' dir='ltr'><strong>tabulas</strong></span> <span class='ocrx_word' id='word_1_44' title='bbox 261 728 415 784; x_wconf 74' lang='lat' dir='ltr'><strong>testamenti</strong></span> <span class='ocrx_word' id='word_1_45' title='bbox 425 719 547 797; x_wconf 85' lang='lat' dir='ltr'><strong>iiberti‚²</strong></span> <span class='ocrx_word' id='word_1_46' title='bbox 562 725 590 780; x_wconf 93' lang='lat' dir='ltr'><strong>id</strong></span> <span class='ocrx_word' id='word_1_47' title='bbox 606 734 657 797; x_wconf 73' lang='lat' dir='ltr'><strong>eet,</strong></span> <span class='ocrx_word' id='word_1_48' title='bbox 675 726 755 802; x_wconf 78' lang='lat' dir='ltr'><strong>quale</strong></span> <span class='ocrx_word' id='word_1_49' title='bbox 770 735 799 783; x_wconf 87' lang='lat' dir='ltr'><strong>et</strong></span> <span class='ocrx_word' id='word_1_50' title='bbox 814 727 902 782; x_wconf 77' lang='lat' dir='ltr'><strong>uirilis</strong></span> <span class='ocrx_word' id='word_1_51' title='bbox 917 743 998 784; x_wconf 82' lang='lat' dir='ltr'><strong>senna</strong></span> <span class='ocrx_word' id='word_1_52' title='bbox 1014 733 1107 798; x_wconf 88' lang='lat' dir='ltr'><strong>petro·</strong></span> 
     </span>
     <span class='ocr_line' id='line_1_7' title="bbox 136 809 1107 884; baseline -0.003 -16"><span class='ocrx_word' id='word_1_53' title='bbox 136 828 235 869; x_wconf 91' lang='lat' dir='ltr'><strong>norum</strong></span> <span class='ocrx_word' id='word_1_54' title='bbox 251 811 330 868; x_wconf 87' lang='lat' dir='ltr'><strong>liberi</strong></span> <span class='ocrx_word' id='word_1_55' title='bbox 345 809 562 874; x_wconf 73' lang='lat' dir='ltr'><strong>contratahniaa</strong></span> <span class='ocrx_word' id='word_1_56' title='bbox 577 814 732 868; x_wconf 80' lang='lat' dir='ltr'><strong>testamenti</strong></span> <span class='ocrx_word' id='word_1_57' title='bbox 747 812 838 868; x_wconf 85' lang='lat' dir='ltr'><strong>liberti</strong></span> <span class='ocrx_word' id='word_1_58' title='bbox 850 809 966 867; x_wconf 85' lang='lat' dir='ltr'><strong>hahent:</strong></span> <span class='ocrx_word' id='word_1_59' title='bbox 982 813 1107 884; x_wconf 86' lang='lat' dir='ltr'><strong>quamuis</strong></span> 
     </span>
     <span class='ocr_line' id='line_1_8' title="bbox 136 893 1106 972; baseline 0 -20"><span class='ocrx_word' id='word_1_60' title='bbox 136 913 234 972; x_wconf 85' lang='lat' dir='ltr'><strong>parurn</strong></span> <span class='ocrx_word' id='word_1_61' title='bbox 253 895 400 970; x_wconf 76' lang='lat' dir='ltr'><strong>diligenter</strong></span> <span class='ocrx_word' id='word_1_62' title='bbox 415 911 446 950; x_wconf 86' lang='lat' dir='ltr'><strong>ea</strong></span> <span class='ocrx_word' id='word_1_63' title='bbox 466 911 528 969; x_wconf 85' lang='lat' dir='ltr'><strong>pars</strong></span> <span class='ocrx_word' id='word_1_64' title='bbox 549 895 620 969; x_wconf 86' lang='lat' dir='ltr'><strong>legis</strong></span> <span class='ocrx_word' id='word_1_65' title='bbox 640 898 743 970; x_wconf 80' lang='lat' dir='ltr'><strong>scripta</strong></span> <span class='ocrx_word' id='word_1_66' title='bbox 756 899 803 952; x_wconf 83' lang='lat' dir='ltr'><strong>ait.</strong></span> <span class='ocrx_word' id='word_1_67' title='bbox 845 893 897 951; x_wconf 81' lang='lat'><strong>48.</strong></span> <span class='ocrx_word' id='word_1_68' title='bbox 913 893 951 950; x_wconf 83' lang='lat' dir='ltr'><strong>Er</strong></span> <span class='ocrx_word' id='word_1_69' title='bbox 966 896 1010 952; x_wconf 80' lang='lat' dir='ltr'><strong>tris</strong></span> <span class='ocrx_word' id='word_1_70' title='bbox 1025 911 1106 969; x_wconf 82' lang='lat' dir='ltr'><strong>appa·</strong></span> 
     </span>
     <span class='ocr_line' id='line_1_9' title="bbox 65 979 1107 1054; baseline -0.003 -17"><span class='ocrx_word' id='word_1_71' title='bbox 65 994 122 1048; x_wconf 77' lang='lat' dir='ltr'><strong>[eno]</strong></span> <span class='ocrx_word' id='word_1_72' title='bbox 137 990 197 1054; x_wconf 84' lang='lat' dir='ltr'><strong>ret,</strong></span> <span class='ocrx_word' id='word_1_73' title='bbox 220 989 370 1038; x_wconf 77' lang='lat' dir='ltr'><strong>entraneoa</strong></span> <span class='ocrx_word' id='word_1_74' title='bbox 390 980 504 1036; x_wconf 83' lang='lat' dir='ltr'><strong>heredes</strong></span> <span class='ocrx_word' id='word_1_75' title='bbox 525 989 705 1054; x_wconf 90' lang='lat' dir='ltr'><strong>patronorum</strong></span> <span class='ocrx_word' id='word_1_76' title='bbox 730 981 815 1054; x_wconf 87' lang='lat' dir='ltr'><strong>longe</strong></span> <span class='ocrx_word' id='word_1_77' title='bbox 838 979 969 1036; x_wconf 88' lang='lat' dir='ltr'><strong>’remotos</strong></span> <span class='ocrx_word' id='word_1_78' title='bbox 991 995 1054 1036; x_wconf 75' lang='lat' dir='ltr'><strong>esse</strong></span> <span class='ocrx_word' id='word_1_79' title='bbox 1074 980 1107 1034; x_wconf 78' lang='lat' dir='ltr'><strong>ab</strong></span> 
     </span>
     <span class='ocr_line' id='line_1_10' title="bbox 138 1059 1106 1139; baseline -0.003 -16"><span class='ocrx_word' id='word_1_80' title='bbox 138 1069 213 1123; x_wconf 88' lang='lat' dir='ltr'><strong>omni</strong></span> <span class='ocrx_word' id='word_1_81' title='bbox 229 1083 262 1122; x_wconf 88' lang='lat' dir='ltr'><strong>eo</strong></span> <span class='ocrx_word' id='word_1_82' title='bbox 277 1059 364 1137; x_wconf 77' lang='lat' dir='ltr'><strong>iure,3</strong></span> <span class='ocrx_word' id='word_1_83' title='bbox 383 1065 458 1139; x_wconf 91' lang='lat' dir='ltr'><strong>quod</strong></span> <span class='ocrx_word' id='word_1_84' title='bbox 474 1064 517 1120; x_wconf 88' lang='lat' dir='ltr'><strong>uei</strong></span> <span class='ocrx_word' id='word_1_85' title='bbox 538 1067 565 1120; x_wconf 93' lang='lat' dir='ltr'><strong>in</strong></span> <span class='ocrx_word' id='word_1_86' title='bbox 586 1069 779 1121; x_wconf 79' lang='lat' dir='ltr'><strong>intentatorum</strong></span> <span class='ocrx_word' id='word_1_87' title='bbox 800 1064 880 1120; x_wconf 80' lang='lat' dir='ltr'><strong>bonis</strong></span> <span class='ocrx_word' id='word_1_88' title='bbox 896 1064 940 1120; x_wconf 89' lang='lat' dir='ltr'><strong>nel</strong></span> <span class='ocrx_word' id='word_1_89' title='bbox 955 1071 1049 1120; x_wconf 89' lang='lat' dir='ltr'><strong>eontra</strong></span> <span class='ocrx_word' id='word_1_90' title='bbox 1066 1073 1106 1120; x_wconf 86' lang='lat' dir='ltr'><strong>ta-</strong></span> 
     </span>
     <span class='ocr_line' id='line_1_11' title="bbox 137 1150 708 1224; baseline -0.018 -16"><span class='ocrx_word' id='word_1_91' title='bbox 137 1150 708 1224; x_wconf 54' lang='lat' dir='ltr'><strong>bmwwmmmmwmmmm.</strong></span> 
     </span>
    </p>

    <p class='ocr_par' dir='ltr' id='par_1_3' title="bbox 134 1231 1174 2244">
     <span class='ocr_line' id='line_1_12' title="bbox 200 1231 1106 1308; baseline -0.001 -15"><span class='ocrx_word' id='word_1_92' title='bbox 200 1231 257 1294; x_wconf 77' lang='lat'>49..</span> <span class='ocrx_word' id='word_1_93' title='bbox 268 1235 402 1290; x_wconf 85' lang='lat' dir='ltr'><strong>Patronae</strong></span> <span class='ocrx_word' id='word_1_94' title='bbox 414 1234 479 1290; x_wconf 88' lang='lat' dir='ltr'><strong>olim</strong></span> <span class='ocrx_word' id='word_1_95' title='bbox 494 1242 557 1290; x_wconf 90' lang='lat' dir='ltr'><strong>ante</strong></span> <span class='ocrx_word' id='word_1_96' title='bbox 572 1233 661 1308; x_wconf 88' lang='lat' dir='ltr'><strong>legem</strong></span> <span class='ocrx_word' id='word_1_97' title='bbox 673 1234 780 1307; x_wconf 84' lang='lat' dir='ltr'><strong>Papiam</strong></span> <span class='ocrx_word' id='word_1_98' title='bbox 797 1234 850 1290; x_wconf 89' lang='lat' dir='ltr'><strong>hoo</strong></span> <span class='ocrx_word' id='word_1_99' title='bbox 862 1233 953 1290; x_wconf 77' lang='lat' dir='ltr'><strong>solnm</strong></span> <span class='ocrx_word' id='word_1_100' title='bbox 969 1236 1011 1290; x_wconf 84' lang='lat' dir='ltr'><strong>ius</strong></span> <span class='ocrx_word' id='word_1_101' title='bbox 1026 1233 1106 1292; x_wconf 83' lang='lat' dir='ltr'><strong>habe·</strong></span> 
     </span>
     <span class='ocr_line' id='line_1_13' title="bbox 134 1318 1107 1393; baseline -0.002 -15"><span class='ocrx_word' id='word_1_102' title='bbox 134 1322 203 1378; x_wconf 87' lang='lat' dir='ltr'><strong>bant</strong></span> <span class='ocrx_word' id='word_1_103' title='bbox 224 1318 351 1376; x_wconf 85' lang='lat' dir='ltr'><strong>inbonis</strong></span> <span class='ocrx_word' id='word_1_104' title='bbox 378 1318 554 1390; x_wconf 83' lang='lat' dir='ltr'><strong>libertorum,</strong></span> <span class='ocrx_word' id='word_1_105' title='bbox 578 1318 652 1392; x_wconf 87' lang='lat' dir='ltr'><strong>quod</strong></span> <span class='ocrx_word' id='word_1_106' title='bbox 674 1320 755 1374; x_wconf 84' lang='lat' dir='ltr'><strong>etiarn</strong></span> <span class='ocrx_word' id='word_1_107' title='bbox 778 1320 901 1393; x_wconf 85' lang='lat' dir='ltr'><strong>patronis</strong></span> <span class='ocrx_word' id='word_1_108' title='bbox 923 1335 955 1375; x_wconf 81' lang='lat' dir='ltr'><strong>ex</strong></span> <span class='ocrx_word' id='word_1_109' title='bbox 977 1319 1040 1393; x_wconf 90' lang='lat' dir='ltr'><strong>lege</strong></span> <span class='ocrx_word' id='word_1_110' title='bbox 1059 1336 1107 1376; x_wconf 89' lang='lat' dir='ltr'><strong>x11</strong></span> 
     </span>
     <span class='ocr_line' id='line_1_14' title="bbox 138 1403 1107 1462; baseline -0.001 -1"><span class='ocrx_word' id='word_1_111' title='bbox 138 1403 290 1462; x_wconf 83' lang='lat' dir='ltr'><strong>tabularum</strong></span> <span class='ocrx_word' id='word_1_112' title='bbox 305 1404 398 1460; x_wconf 87' lang='lat' dir='ltr'><strong>datum</strong></span> <span class='ocrx_word' id='word_1_113' title='bbox 414 1413 466 1460; x_wconf 90' lang='lat' dir='ltr'><strong>est.</strong></span> <span class='ocrx_word' id='word_1_114' title='bbox 503 1419 554 1460; x_wconf 88' lang='lat' dir='ltr'><strong>nee</strong></span> <span class='ocrx_word' id='word_1_115' title='bbox 569 1404 641 1459; x_wconf 91' lang='lat' dir='ltr'><strong>enim</strong></span> <span class='ocrx_word' id='word_1_116' title='bbox 657 1411 798 1460; x_wconf 84' lang='lat' dir='ltr'><strong>utcontra</strong></span> <span class='ocrx_word' id='word_1_117' title='bbox 820 1403 924 1460; x_wconf 87' lang='lat' dir='ltr'><strong>tahuias</strong></span> <span class='ocrx_word' id='word_1_118' title='bbox 948 1407 1107 1462; x_wconf 76' lang='lat' dir='ltr'><strong>testamenti</strong></span> 
     </span>
     <span class='ocr_line' id='line_1_15' title="bbox 138 1487 1105 1564; baseline -0.003 -18"><span class='ocrx_word' id='word_1_119' title='bbox 138 1491 239 1564; x_wconf 81' lang='lat' dir='ltr'><strong>ingrati</strong></span> <span class='ocrx_word' id='word_1_120' title='bbox 265 1488 354 1545; x_wconf 90' lang='lat' dir='ltr'><strong>liberti</strong></span> <span class='ocrx_word' id='word_1_121' title='bbox 382 1489 426 1545; x_wconf 91' lang='lat' dir='ltr'><strong>uel</strong></span> <span class='ocrx_word' id='word_1_122' title='bbox 446 1487 479 1544; x_wconf 88' lang='lat' dir='ltr'><strong>ab</strong></span> <span class='ocrx_word' id='word_1_123' title='bbox 500 1489 630 1545; x_wconf 79' lang='lat' dir='ltr'><strong>intestato</strong></span> <span class='ocrx_word' id='word_1_124' title='bbox 658 1497 754 1545; x_wconf 87' lang='lat' dir='ltr'><strong>contra</strong></span> <span class='ocrx_word' id='word_1_125' title='bbox 775 1487 860 1544; x_wconf 82' lang='lat' dir='ltr'><strong>filionr</strong></span> <span class='ocrx_word' id='word_1_126' title='bbox 880 1489 1041 1563; x_wconf 88' lang='lat' dir='ltr'><strong>adoptiuum</strong></span> <span class='ocrx_word' id='word_1_127' title='bbox 1062 1489 1105 1545; x_wconf 88' lang='lat' dir='ltr'><strong>uei</strong></span> 
     </span>
     <span class='ocr_line' id='line_1_16' title="bbox 136 1573 1106 1648; baseline -0.002 -17"><span class='ocrx_word' id='word_1_128' title='bbox 136 1591 250 1632; x_wconf 83' lang='lat' dir='ltr'><strong>uxorem</strong></span> <span class='ocrx_word' id='word_1_129' title='bbox 265 1589 400 1631; x_wconf 78' lang='lat' dir='ltr'><strong>notumne</strong></span> <span class='ocrx_word' id='word_1_130' title='bbox 415 1573 551 1630; x_wconf 86' lang='lat' dir='ltr'><strong>bonorum</strong></span> <span class='ocrx_word' id='word_1_131' title='bbox 566 1575 770 1647; x_wconf 83' lang='lat' dir='ltr'><strong>possessionem</strong></span> <span class='ocrx_word' id='word_1_132' title='bbox 785 1575 871 1648; x_wconf 85' lang='lat' dir='ltr'><strong>partis</strong></span> <span class='ocrx_word' id='word_1_133' title='bbox 888 1573 1015 1629; x_wconf 84' lang='lat' dir='ltr'><strong>dimidiae</strong></span> <span class='ocrx_word' id='word_1_134' title='bbox 1030 1581 1106 1648; x_wconf 91' lang='lat' dir='ltr'><strong>pete·</strong></span> 
     </span>
     <span class='ocr_line' id='line_1_17' title="bbox 135 1652 1107 1734; baseline -0.003 -17"><span class='ocrx_word' id='word_1_135' title='bbox 135 1669 208 1731; x_wconf 88' lang='lat' dir='ltr'><strong>rent,</strong></span> <span class='ocrx_word' id='word_1_136' title='bbox 224 1668 336 1734; x_wconf 87' lang='lat' dir='ltr'><strong>praetor</strong></span> <span class='ocrx_word' id='word_1_137' title='bbox 350 1659 475 1715; x_wconf 86' lang='lat' dir='ltr'><strong>similiter</strong></span> <span class='ocrx_word' id='word_1_138' title='bbox 491 1661 496 1725; x_wconf 82' lang='grc' dir='ltr'>Ι</span> <span class='ocrx_word' id='word_1_139' title='bbox 514 1665 545 1714; x_wconf 89' lang='lat' dir='ltr'><strong>nt</strong></span> <span class='ocrx_word' id='word_1_140' title='bbox 560 1658 593 1714; x_wconf 92' lang='lat' dir='ltr'><strong>de</strong></span> <span class='ocrx_word' id='word_1_141' title='bbox 609 1667 726 1732; x_wconf 91' lang='lat' dir='ltr'><strong>patrono</strong></span> <span class='ocrx_word' id='word_1_142' title='bbox 742 1656 889 1731; x_wconf 81' lang='lat' dir='ltr'><strong>liberisque</strong></span> <span class='ocrx_word' id='word_1_143' title='bbox 900 1661 959 1715; x_wconf 75' lang='lat' dir='ltr'><strong>aius</strong></span> <span class='ocrx_word' id='word_1_144' title='bbox 974 1652 1107 1716; x_wconf 69' lang='lat' dir='ltr'><strong>eurardi:1</strong></span> 
     </span>
     <span class='ocr_line' id='line_1_18' title="bbox 135 1741 1106 1818; baseline -0.003 -15"><span class='ocrx_word' id='word_1_145' title='bbox 135 1743 187 1803; x_wconf 81' lang='grc'>50.</span> <span class='ocrx_word' id='word_1_146' title='bbox 211 1745 264 1802; x_wconf 85' lang='lat' dir='ltr'><strong>Sed</strong></span> <span class='ocrx_word' id='word_1_147' title='bbox 285 1745 329 1800; x_wconf 83' lang='lat' dir='ltr'><strong>lex</strong></span> <span class='ocrx_word' id='word_1_148' title='bbox 344 1743 424 1817; x_wconf 89' lang='lat' dir='ltr'><strong>Papia</strong></span> <span class='ocrx_word' id='word_1_149' title='bbox 444 1742 551 1800; x_wconf 84' lang='lat' dir='ltr'><strong>duobus</strong></span> <span class='ocrx_word' id='word_1_150' title='bbox 573 1742 665 1800; x_wconf 89' lang='lat' dir='ltr'><strong>liberis</strong></span> <span class='ocrx_word' id='word_1_151' title='bbox 687 1743 836 1800; x_wconf 78' lang='lat' dir='ltr'><strong>honoratae</strong></span> <span class='ocrx_word' id='word_1_152' title='bbox 856 1741 991 1817; x_wconf 56' lang='lat' dir='ltr'><strong>ingenuae</strong></span> <span class='ocrx_word' id='word_1_153' title='bbox 1010 1752 1106 1818; x_wconf 80' lang='lat' dir='ltr'><strong>patro·</strong></span> 
     </span>
     <span class='ocr_line' id='line_1_19' title="bbox 137 1823 1174 1908; baseline -0.003 -21"><span class='ocrx_word' id='word_1_154' title='bbox 137 1845 202 1902; x_wconf 89' lang='lat' dir='ltr'><strong>nae,</strong></span> <span class='ocrx_word' id='word_1_155' title='bbox 227 1823 231 1908; x_wconf 74' lang='grc' dir='ltr'>Ι</span> <span class='ocrx_word' id='word_1_156' title='bbox 256 1827 399 1885; x_wconf 87' lang='lat' dir='ltr'><strong>libertinae</strong></span> <span class='ocrx_word' id='word_1_157' title='bbox 415 1827 501 1884; x_wconf 85' lang='lat' dir='ltr'><strong>tribas</strong></span> <span class='ocrx_word' id='word_1_158' title='bbox 517 1828 611 1884; x_wconf 87' lang='lat' dir='ltr'><strong>eadem</strong></span> <span class='ocrx_word' id='word_1_159' title='bbox 627 1827 685 1884; x_wconf 87' lang='lat' dir='ltr'><strong>iere</strong></span> <span class='ocrx_word' id='word_1_160' title='bbox 699 1830 757 1884; x_wconf 89' lang='lat' dir='ltr'><strong>iura</strong></span> <span class='ocrx_word' id='word_1_161' title='bbox 772 1827 856 1897; x_wconf 85' lang='lat' dir='ltr'><strong>dedit,</strong></span> <span class='ocrx_word' id='word_1_162' title='bbox 877 1845 951 1903; x_wconf 85' lang='lat' dir='ltr'><strong>quoe</strong></span> <span class='ocrx_word' id='word_1_163' title='bbox 967 1845 999 1884; x_wconf 86' lang='lat' dir='ltr'><strong>er</strong></span> <span class='ocrx_word' id='word_1_164' title='bbox 1015 1829 1104 1884; x_wconf 84' lang='lat' dir='ltr'><strong>edicto</strong></span> <span class='ocrx_word' id='word_1_165' title='bbox 1117 1824 1174 1875; x_wconf 78' lang='lat'><strong>139·</strong></span> 
     </span>
     <span class='ocr_line' id='line_1_20' title="bbox 135 1912 1107 1990; baseline -0.001 -20"><span class='ocrx_word' id='word_1_166' title='bbox 135 1916 270 1990; x_wconf 86' lang='lat' dir='ltr'><strong>praetoris</strong></span> <span class='ocrx_word' id='word_1_167' title='bbox 290 1915 398 1988; x_wconf 89' lang='lat' dir='ltr'><strong>patroni</strong></span> <span class='ocrx_word' id='word_1_168' title='bbox 414 1912 528 1982; x_wconf 81' lang='lat' dir='ltr'><strong>habent3</strong></span> <span class='ocrx_word' id='word_1_169' title='bbox 545 1915 627 1968; x_wconf 88' lang='lat' dir='ltr'><strong>trium</strong></span> <span class='ocrx_word' id='word_1_170' title='bbox 643 1929 710 1968; x_wconf 92' lang='lat' dir='ltr'><strong>nero</strong></span> <span class='ocrx_word' id='word_1_171' title='bbox 725 1912 874 1968; x_wconf 86' lang='lat' dir='ltr'><strong>liberorum</strong></span> <span class='ocrx_word' id='word_1_172' title='bbox 886 1915 945 1970; x_wconf 90' lang='lat' dir='ltr'><strong>iure</strong></span> <span class='ocrx_word' id='word_1_173' title='bbox 956 1914 1107 1981; x_wconf 70' lang='lat' dir='ltr'><strong>honoratae</strong></span> 
     </span>
     <span class='ocr_line' id='line_1_21' title="bbox 135 1997 1107 2076; baseline -0.002 -20"><span class='ocrx_word' id='word_1_174' title='bbox 135 2003 270 2076; x_wconf 76' lang='lat' dir='ltr'><strong>ingenuae</strong></span> <span class='ocrx_word' id='word_1_175' title='bbox 299 2007 428 2072; x_wconf 86' lang='lat' dir='ltr'><strong>patronae</strong></span> <span class='ocrx_word' id='word_1_176' title='bbox 456 2015 486 2053; x_wconf 90' lang='lat' dir='ltr'><strong>ea</strong></span> <span class='ocrx_word' id='word_1_177' title='bbox 509 1999 567 2053; x_wconf 89' lang='lat' dir='ltr'><strong>iura</strong></span> <span class='ocrx_word' id='word_1_178' title='bbox 590 1997 680 2069; x_wconf 87' lang='lat' dir='ltr'><strong>dedit,</strong></span> <span class='ocrx_word' id='word_1_179' title='bbox 709 2014 783 2071; x_wconf 88' lang='lat' dir='ltr'><strong>quoe</strong></span> <span class='ocrx_word' id='word_1_180' title='bbox 809 2013 860 2071; x_wconf 91' lang='lat' dir='ltr'><strong>per</strong></span> <span class='ocrx_word' id='word_1_181' title='bbox 882 1998 994 2054; x_wconf 83' lang='lat' dir='ltr'><strong>eandem</strong></span> <span class='ocrx_word' id='word_1_182' title='bbox 1017 1998 1107 2071; x_wconf 89' lang='lat' dir='ltr'><strong>legem</strong></span> 
     </span>
     <span class='ocr_line' id='line_1_22' title="bbox 135 2082 1107 2160; baseline -0.002 -19"><span class='ocrx_word' id='word_1_183' title='bbox 135 2093 254 2160; x_wconf 89' lang='lat' dir='ltr'><strong>patrono</strong></span> <span class='ocrx_word' id='word_1_184' title='bbox 269 2082 331 2140; x_wconf 83' lang='lat' dir='ltr'><strong>data</strong></span> <span class='ocrx_word' id='word_1_185' title='bbox 346 2091 426 2153; x_wconf 85' lang='lat' dir='ltr'><strong>sunt;</strong></span> <span class='ocrx_word' id='word_1_186' title='bbox 450 2082 592 2138; x_wconf 88' lang='lat' dir='ltr'><strong>libertinae</strong></span> <span class='ocrx_word' id='word_1_187' title='bbox 615 2091 706 2138; x_wconf 87' lang='lat' dir='ltr'><strong>antem</strong></span> <span class='ocrx_word' id='word_1_188' title='bbox 728 2089 859 2154; x_wconf 84' lang='lat' dir='ltr'><strong>patronae</strong></span> <span class='ocrx_word' id='word_1_189' title='bbox 881 2099 936 2140; x_wconf 89' lang='lat' dir='ltr'><strong>noo</strong></span> <span class='ocrx_word' id='word_1_190' title='bbox 951 2083 1022 2138; x_wconf 83' lang='lat' dir='ltr'><strong>idern</strong></span> <span class='ocrx_word' id='word_1_191' title='bbox 1040 2084 1107 2139; x_wconf 88' lang='lat' dir='ltr'><strong>ioris</strong></span> 
     </span>
     <span class='ocr_line' id='line_1_23' title="bbox 135 2165 1108 2244; baseline -0.003 -19"><span class='ocrx_word' id='word_1_192' title='bbox 135 2170 281 2244; x_wconf 81' lang='lat' dir='ltr'><strong>praestitit.</strong></span> <span class='ocrx_word' id='word_1_193' title='bbox 318 2165 362 2225; x_wconf 86' lang='lat' dir='ltr'><strong>ol.</strong></span> <span class='ocrx_word' id='word_1_194' title='bbox 388 2166 466 2236; x_wconf 85' lang='lat' dir='ltr'><strong>Quod</strong></span> <span class='ocrx_word' id='word_1_195' title='bbox 481 2175 571 2222; x_wconf 87' lang='lat' dir='ltr'><strong>antem</strong></span> <span class='ocrx_word' id='word_1_196' title='bbox 585 2167 620 2222; x_wconf 90' lang='lat' dir='ltr'><strong>ad</strong></span> <span class='ocrx_word' id='word_1_197' title='bbox 641 2165 827 2224; x_wconf 83' lang='lat' dir='ltr'><strong>libertinarum</strong></span> <span class='ocrx_word' id='word_1_198' title='bbox 847 2165 919 2222; x_wconf 89' lang='lat' dir='ltr'><strong>bona</strong></span> <span class='ocrx_word' id='word_1_199' title='bbox 933 2168 1064 2241; x_wconf 86' lang='lat' dir='ltr'><strong>pertinet,</strong></span> <span class='ocrx_word' id='word_1_200' title='bbox 1085 2169 1108 2222; x_wconf 84' lang='lat' dir='ltr'><strong>si</strong></span> 
     </span>
    </p>
   </div>
   <div class='ocr_carea' id='block_1_3' title="bbox 135 2259 351 2272">
    <p class='ocr_par' dir='ltr' id='par_1_4' title="bbox 135 2259 351 2272">
     <span class='ocr_line' id='line_1_24' title="bbox 135 2259 351 2272; baseline -0.009 0"><span class='ocrx_word' id='word_1_201' title='bbox 135 2259 351 2272; x_wconf 67' lang='lat' dir='ltr'><strong>-u———n—-v-</strong></span> 
     </span>
    </p>
   </div>
   <div class='ocr_carea' id='block_1_4' title="bbox 131 2285 1108 3355">
    <p class='ocr_par' dir='ltr' id='par_1_5' title="bbox 131 2285 1108 3355">
     <span class='ocr_line' id='line_1_25' title="bbox 136 2285 1107 2358; baseline -0.004 -14"><span class='ocrx_word' id='word_1_202' title='bbox 136 2295 277 2353; x_wconf 83' lang='lat' dir='ltr'><strong>restitutio,</strong></span> <span class='ocrx_word' id='word_1_203' title='bbox 288 2310 362 2358; x_wconf 84' lang='lat' dir='ltr'><strong>qaam</strong></span> <span class='ocrx_word' id='word_1_204' title='bbox 372 2293 429 2344; x_wconf 86' lang='lat' dir='ltr'><strong>edd.</strong></span> <span class='ocrx_word' id='word_1_205' title='bbox 438 2305 457 2345; x_wconf 87' lang='lat'><strong>1.</strong></span> <span class='ocrx_word' id='word_1_206' title='bbox 466 2305 486 2344; x_wconf 78' lang='grc'>1.</span> <span class='ocrx_word' id='word_1_207' title='bbox 496 2293 707 2357; x_wconf 77' lang='lat' dir='ltr'><strong>informaverant,</strong></span> <span class='ocrx_word' id='word_1_208' title='bbox 722 2290 749 2340; x_wconf 91' lang='lat' dir='ltr'><em>V</em></span> <span class='ocrx_word' id='word_1_209' title='bbox 747 2285 767 2324; x_wconf 52' lang='grc' dir='ltr'><strong>’ἵ</strong></span> <span class='ocrx_word' id='word_1_210' title='bbox 776 2293 928 2355; x_wconf 83' lang='lat' dir='ltr'><strong>confirmata</strong></span> <span class='ocrx_word' id='word_1_211' title='bbox 936 2297 980 2342; x_wconf 84' lang='lat' dir='ltr'><strong>eot.</strong></span> <span class='ocrx_word' id='word_1_212' title='bbox 1033 2287 1053 2355; x_wconf 87' lang='lat'><strong>¹)</strong></span> <span class='ocrx_word' id='word_1_213' title='bbox 1064 2289 1107 2340; x_wconf 81' lang='lat' dir='ltr'><strong>An</strong></span> 
     </span>
     <span class='ocr_line' id='line_1_26' title="bbox 133 2361 1107 2430; baseline -0.005 -14"><span class='ocrx_word' id='word_1_214' title='bbox 133 2368 192 2430; x_wconf 84' lang='lat' dir='ltr'><strong>filio</strong></span> <span class='ocrx_word' id='word_1_215' title='bbox 203 2366 313 2428; x_wconf 83' lang='lat' dir='ltr'><strong>patroni</strong></span> <span class='ocrx_word' id='word_1_216' title='bbox 327 2380 382 2414; x_wconf 86' lang='lat' dir='ltr'><strong>eam</strong></span> <span class='ocrx_word' id='word_1_217' title='bbox 392 2367 419 2413; x_wconf 89' lang='lat' dir='ltr'><strong>in</strong></span> <span class='ocrx_word' id='word_1_218' title='bbox 429 2365 498 2415; x_wconf 78' lang='lat' dir='ltr'><strong>duno</strong></span> <span class='ocrx_word' id='word_1_219' title='bbox 511 2380 599 2414; x_wconf 77' lang='lat' dir='ltr'><strong>caeam</strong></span> <span class='ocrx_word' id='word_1_220' title='bbox 611 2363 798 2414; x_wconf 74' lang='lat' dir='ltr'><strong>assimilanda?</strong></span> <span class='ocrx_word' id='word_1_221' title='bbox 823 2363 860 2426; x_wconf 76' lang='lat' dir='ltr'><strong>Cf.</strong></span> <span class='ocrx_word' id='word_1_222' title='bbox 872 2363 903 2413; x_wconf 90' lang='lat' dir='ltr'><strong>L.</strong></span> <span class='ocrx_word' id='word_1_223' title='bbox 912 2375 933 2416; x_wconf 82' lang='lat'><strong>4.</strong></span> <span class='ocrx_word' id='word_1_224' title='bbox 950 2364 973 2424; x_wconf 68' lang='grc' dir='ltr'>ξ.</span> <span class='ocrx_word' id='word_1_225' title='bbox 984 2374 1016 2412; x_wconf 80' lang='grc'>11.</span> <span class='ocrx_word' id='word_1_226' title='bbox 1038 2361 1064 2412; x_wconf 81' lang='lat'><strong>0.</strong></span> <span class='ocrx_word' id='word_1_227' title='bbox 1075 2364 1107 2411; x_wconf 86' lang='lat' dir='ltr'><strong>de</strong></span> 
     </span>
     <span class='ocr_line' id='line_1_27' title="bbox 136 2433 1107 2503; baseline -0.005 -16"><span class='ocrx_word' id='word_1_228' title='bbox 136 2438 196 2489; x_wconf 84' lang='lat' dir='ltr'><strong>don.</strong></span> <span class='ocrx_word' id='word_1_229' title='bbox 208 2435 250 2487; x_wconf 81' lang='lat' dir='ltr'><strong>tii.</strong></span> <span class='ocrx_word' id='word_1_230' title='bbox 260 2435 291 2499; x_wconf 82' lang='lat' dir='ltr'><strong>(o,</strong></span> <span class='ocrx_word' id='word_1_231' title='bbox 301 2433 333 2503; x_wconf 91' lang='grc'>4).</span> <span class='ocrx_word' id='word_1_232' title='bbox 355 2436 426 2486; x_wconf 84' lang='lat' dir='ltr'><strong>Hine</strong></span> <span class='ocrx_word' id='word_1_233' title='bbox 436 2453 497 2486; x_wconf 84' lang='lat' dir='ltr'><strong>vero</strong></span> <span class='ocrx_word' id='word_1_234' title='bbox 508 2438 557 2485; x_wconf 82' lang='lat' dir='ltr'><strong>atii</strong></span> <span class='ocrx_word' id='word_1_235' title='bbox 566 2443 591 2484; x_wconf 92' lang='lat' dir='ltr'><strong>et</strong></span> <span class='ocrx_word' id='word_1_236' title='bbox 600 2437 627 2484; x_wconf 92' lang='lat' dir='ltr'><strong>in</strong></span> <span class='ocrx_word' id='word_1_237' title='bbox 643 2436 685 2484; x_wconf 76' lang='lat' dir='ltr'><strong>Itis</strong></span> <span class='ocrx_word' id='word_1_238' title='bbox 695 2436 812 2498; x_wconf 76' lang='lat' dir='ltr'><strong>sortasse</strong></span> <span class='ocrx_word' id='word_1_239' title='bbox 825 2436 881 2498; x_wconf 80' lang='lat' dir='ltr'><strong>ipre</strong></span> <span class='ocrx_word' id='word_1_240' title='bbox 895 2433 976 2484; x_wconf 81' lang='lat' dir='ltr'><strong>Goion</strong></span> <span class='ocrx_word' id='word_1_241' title='bbox 985 2433 1107 2483; x_wconf 83' lang='lat' dir='ltr'><strong>videntur</strong></span> 
     </span>
     <span class='ocr_line' id='line_1_28' title="bbox 135 2505 1108 2573; baseline -0.003 -15"><span class='ocrx_word' id='word_1_242' title='bbox 135 2509 264 2573; x_wconf 69' lang='lat' dir='ltr'><strong>effecisse,</strong></span> <span class='ocrx_word' id='word_1_243' title='bbox 279 2509 356 2558; x_wconf 84' lang='lat' dir='ltr'><strong>etiam</strong></span> <span class='ocrx_word' id='word_1_244' title='bbox 370 2509 398 2556; x_wconf 89' lang='lat' dir='ltr'><strong>in</strong></span> <span class='ocrx_word' id='word_1_245' title='bbox 413 2515 521 2557; x_wconf 71' lang='lat' dir='ltr'><strong>testatae</strong></span> <span class='ocrx_word' id='word_1_246' title='bbox 532 2507 641 2556; x_wconf 79' lang='lat' dir='ltr'><strong>libertae</strong></span> <span class='ocrx_word' id='word_1_247' title='bbox 655 2513 778 2570; x_wconf 71' lang='lat' dir='ltr'><strong>quattuor</strong></span> <span class='ocrx_word' id='word_1_248' title='bbox 791 2505 888 2556; x_wconf 78' lang='lat' dir='ltr'><strong>liberae</strong></span> <span class='ocrx_word' id='word_1_249' title='bbox 901 2505 1019 2555; x_wconf 77' lang='lat' dir='ltr'><strong>habentia</strong></span> <span class='ocrx_word' id='word_1_250' title='bbox 1033 2505 1108 2556; x_wconf 82' lang='lat' dir='ltr'><strong>banio</strong></span> 
     </span>
     <span class='ocr_line' id='line_1_29' title="bbox 136 2577 1107 2644; baseline -0.004 -14"><span class='ocrx_word' id='word_1_251' title='bbox 136 2581 239 2630; x_wconf 84' lang='lat' dir='ltr'><strong>virilem</strong></span> <span class='ocrx_word' id='word_1_252' title='bbox 257 2580 282 2628; x_wconf 85' lang='lat' dir='ltr'><strong>ei</strong></span> <span class='ocrx_word' id='word_1_253' title='bbox 301 2586 444 2642; x_wconf 80' lang='lat' dir='ltr'><strong>competere</strong></span> <span class='ocrx_word' id='word_1_254' title='bbox 461 2594 496 2628; x_wconf 76' lang='lat' dir='ltr'><strong>en</strong></span> <span class='ocrx_word' id='word_1_255' title='bbox 512 2580 643 2630; x_wconf 75' lang='lat' dir='ltr'><strong>sententia</strong></span> <span class='ocrx_word' id='word_1_256' title='bbox 661 2580 728 2644; x_wconf 75' lang='lat' dir='ltr'><strong>lepis</strong></span> <span class='ocrx_word' id='word_1_257' title='bbox 747 2578 862 2643; x_wconf 79' lang='lat' dir='ltr'><strong>Papiae,</strong></span> <span class='ocrx_word' id='word_1_258' title='bbox 880 2593 947 2642; x_wconf 84' lang='lat' dir='ltr'><strong>quae</strong></span> <span class='ocrx_word' id='word_1_259' title='bbox 968 2578 1002 2627; x_wconf 86' lang='lat' dir='ltr'><strong>de</strong></span> <span class='ocrx_word' id='word_1_260' title='bbox 1020 2577 1107 2627; x_wconf 81' lang='lat' dir='ltr'><strong>debita</strong></span> 
     </span>
     <span class='ocr_line' id='line_1_30' title="bbox 132 2646 1107 2716; baseline -0.003 -16"><span class='ocrx_word' id='word_1_261' title='bbox 132 2658 213 2715; x_wconf 82' lang='lat' dir='ltr'><strong>parte</strong></span> <span class='ocrx_word' id='word_1_262' title='bbox 226 2651 345 2700; x_wconf 76' lang='lat' dir='ltr'><strong>senserit.</strong></span> <span class='ocrx_word' id='word_1_263' title='bbox 426 2646 447 2715; x_wconf 78' lang='lat'><strong>²)</strong></span> <span class='ocrx_word' id='word_1_264' title='bbox 466 2649 547 2700; x_wconf 79' lang='lat' dir='ltr'><strong>Gaiae</strong></span> <span class='ocrx_word' id='word_1_265' title='bbox 566 2652 624 2716; x_wconf 84' lang='lat' dir='ltr'><strong>ipsa</strong></span> <span class='ocrx_word' id='word_1_266' title='bbox 641 2650 700 2712; x_wconf 82' lang='lat' dir='ltr'><strong>fere</strong></span> <span class='ocrx_word' id='word_1_267' title='bbox 715 2651 780 2714; x_wconf 77' lang='lat' dir='ltr'><strong>legis</strong></span> <span class='ocrx_word' id='word_1_268' title='bbox 795 2649 896 2712; x_wconf 84' lang='lat' dir='ltr'><strong>Papiae</strong></span> <span class='ocrx_word' id='word_1_269' title='bbox 910 2648 989 2698; x_wconf 82' lang='lat' dir='ltr'><strong>aerbo</strong></span> <span class='ocrx_word' id='word_1_270' title='bbox 1004 2650 1107 2713; x_wconf 83' lang='lat' dir='ltr'><strong>referre</strong></span> 
     </span>
     <span class='ocr_line' id='line_1_31' title="bbox 132 2718 1107 2787; baseline -0.003 -15"><span class='ocrx_word' id='word_1_271' title='bbox 132 2723 269 2786; x_wconf 81' lang='lat' dir='ltr'><strong>putandae</strong></span> <span class='ocrx_word' id='word_1_272' title='bbox 278 2729 324 2780; x_wconf 80' lang='lat' dir='ltr'><strong>eet,</strong></span> <span class='ocrx_word' id='word_1_273' title='bbox 335 2723 500 2787; x_wconf 72' lang='lat' dir='ltr'><strong>neglegenter</strong></span> <span class='ocrx_word' id='word_1_274' title='bbox 510 2723 548 2770; x_wconf 83' lang='lat' dir='ltr'><strong>ita</strong></span> <span class='ocrx_word' id='word_1_275' title='bbox 558 2723 668 2780; x_wconf 81' lang='lat' dir='ltr'><strong>lanatae,</strong></span> <span class='ocrx_word' id='word_1_276' title='bbox 678 2729 708 2770; x_wconf 80' lang='lat' dir='ltr'><strong>ut</strong></span> <span class='ocrx_word' id='word_1_277' title='bbox 715 2727 815 2770; x_wconf 80' lang='lat' dir='ltr'><strong>tanturn</strong></span> <span class='ocrx_word' id='word_1_278' title='bbox 824 2722 866 2769; x_wconf 78' lang='lat' dir='ltr'><strong>irae</strong></span> <span class='ocrx_word' id='word_1_279' title='bbox 875 2721 924 2770; x_wconf 76' lang='lat' dir='ltr'><strong>doe</strong></span> <span class='ocrx_word' id='word_1_280' title='bbox 932 2735 994 2770; x_wconf 78' lang='lat' dir='ltr'><strong>eaeo</strong></span> <span class='ocrx_word' id='word_1_281' title='bbox 1003 2718 1107 2784; x_wconf 89' lang='lat' dir='ltr'><strong>(eontra</strong></span> 
     </span>
     <span class='ocr_line' id='line_1_32' title="bbox 136 2791 1107 2858; baseline -0.003 -15"><span class='ocrx_word' id='word_1_282' title='bbox 136 2793 239 2844; x_wconf 80' lang='lat' dir='ltr'><strong>tabulae</strong></span> <span class='ocrx_word' id='word_1_283' title='bbox 254 2799 308 2844; x_wconf 80' lang='lat' dir='ltr'><strong>teet,</strong></span> <span class='ocrx_word' id='word_1_284' title='bbox 319 2791 418 2858; x_wconf 72' lang='lat' dir='ltr'><strong>liberta)</strong></span> <span class='ocrx_word' id='word_1_285' title='bbox 428 2793 515 2842; x_wconf 85' lang='lat' dir='ltr'><strong>datum</strong></span> <span class='ocrx_word' id='word_1_286' title='bbox 525 2794 695 2857; x_wconf 76' lang='lat' dir='ltr'><strong>significaret.</strong></span> <span class='ocrx_word' id='word_1_287' title='bbox 718 2792 810 2856; x_wconf 80' lang='lat' dir='ltr'><strong>Itaque</strong></span> <span class='ocrx_word' id='word_1_288' title='bbox 822 2793 962 2854; x_wconf 77' lang='lat' dir='ltr'><strong>interpreti</strong></span> <span class='ocrx_word' id='word_1_289' title='bbox 975 2807 1048 2842; x_wconf 86' lang='lat' dir='ltr'><strong>omne</strong></span> <span class='ocrx_word' id='word_1_290' title='bbox 1057 2793 1107 2849; x_wconf 83' lang='lat' dir='ltr'><strong>ino,</strong></span> 
     </span>
     <span class='ocr_line' id='line_1_33' title="bbox 136 2863 1107 2930; baseline -0.002 -16"><span class='ocrx_word' id='word_1_291' title='bbox 136 2865 206 2930; x_wconf 84' lang='lat' dir='ltr'><strong>qaod</strong></span> <span class='ocrx_word' id='word_1_292' title='bbox 223 2864 274 2914; x_wconf 77' lang='lat' dir='ltr'><strong>doe</strong></span> <span class='ocrx_word' id='word_1_293' title='bbox 293 2879 356 2914; x_wconf 83' lang='lat' dir='ltr'><strong>casa</strong></span> <span class='ocrx_word' id='word_1_294' title='bbox 376 2863 545 2927; x_wconf 78' lang='lat' dir='ltr'><strong>competebat,</strong></span> <span class='ocrx_word' id='word_1_295' title='bbox 565 2865 765 2928; x_wconf 77' lang='lat' dir='ltr'><strong>intellegendum</strong></span> <span class='ocrx_word' id='word_1_296' title='bbox 777 2870 849 2921; x_wconf 89' lang='lat' dir='ltr'><strong>erat,</strong></span> <span class='ocrx_word' id='word_1_297' title='bbox 862 2865 917 2912; x_wconf 79' lang='lat' dir='ltr'><strong>aive</strong></span> <span class='ocrx_word' id='word_1_298' title='bbox 931 2863 1016 2913; x_wconf 83' lang='lat' dir='ltr'><strong>edicto</strong></span> <span class='ocrx_word' id='word_1_299' title='bbox 1027 2879 1107 2926; x_wconf 86' lang='lat' dir='ltr'><strong>prae·</strong></span> 
     </span>
     <span class='ocr_line' id='line_1_34' title="bbox 136 2934 1107 3000; baseline -0.004 -14"><span class='ocrx_word' id='word_1_300' title='bbox 136 2938 203 2986; x_wconf 80' lang='lat' dir='ltr'><strong>torte</strong></span> <span class='ocrx_word' id='word_1_301' title='bbox 222 2934 304 3000; x_wconf 83' lang='lat' dir='ltr'><strong>(qaod</strong></span> <span class='ocrx_word' id='word_1_302' title='bbox 321 2936 372 2984; x_wconf 83' lang='lat' dir='ltr'><strong>iam</strong></span> <span class='ocrx_word' id='word_1_303' title='bbox 390 2937 587 3000; x_wconf 70' lang='lat' dir='ltr'><strong>significaverat</strong></span> <span class='ocrx_word' id='word_1_304' title='bbox 601 2937 625 2996; x_wconf 64' lang='grc' dir='ltr'>ς.</span> <span class='ocrx_word' id='word_1_305' title='bbox 638 2935 678 2999; x_wconf 76' lang='lat' dir='ltr'><strong>ea)</strong></span> <span class='ocrx_word' id='word_1_306' title='bbox 691 2937 746 2984; x_wconf 78' lang='lat' dir='ltr'><strong>aive</strong></span> <span class='ocrx_word' id='word_1_307' title='bbox 765 2934 824 2998; x_wconf 75' lang='lat' dir='ltr'><strong>ipra</strong></span> <span class='ocrx_word' id='word_1_308' title='bbox 842 2937 897 2999; x_wconf 78' lang='lat' dir='ltr'><strong>lege</strong></span> <span class='ocrx_word' id='word_1_309' title='bbox 919 2934 1006 2997; x_wconf 81' lang='lat' dir='ltr'><strong>Papia</strong></span> <span class='ocrx_word' id='word_1_310' title='bbox 1020 2935 1107 2983; x_wconf 85' lang='lat' dir='ltr'><strong>datum</strong></span> 
     </span>
     <span class='ocr_line' id='line_1_35' title="bbox 135 3004 1106 3074; baseline -0.005 -17"><span class='ocrx_word' id='word_1_311' title='bbox 135 3007 186 3074; x_wconf 60' lang='grc' dir='ltr'>(ἐς.</span> <span class='ocrx_word' id='word_1_312' title='bbox 200 3018 236 3057; x_wconf 77' lang='grc'>42.</span> <span class='ocrx_word' id='word_1_313' title='bbox 248 3004 300 3071; x_wconf 75' lang='grc' dir='ltr'>45)ι</span> <span class='ocrx_word' id='word_1_314' title='bbox 320 3007 390 3070; x_wconf 81' lang='lat' dir='ltr'><strong>quad</strong></span> <span class='ocrx_word' id='word_1_315' title='bbox 406 3022 471 3056; x_wconf 77' lang='lat' dir='ltr'><strong>eane</strong></span> <span class='ocrx_word' id='word_1_316' title='bbox 486 3023 582 3070; x_wconf 82' lang='lat' dir='ltr'><strong>parurn</strong></span> <span class='ocrx_word' id='word_1_317' title='bbox 597 3005 772 3058; x_wconf 78' lang='lat' dir='ltr'><strong>conveniebat.</strong></span> <span class='ocrx_word' id='word_1_318' title='bbox 801 3005 840 3068; x_wconf 77' lang='lat' dir='ltr'><strong>Os.</strong></span> <span class='ocrx_word' id='word_1_319' title='bbox 855 3007 877 3066; x_wconf 70' lang='lat'><strong>5.</strong></span> <span class='ocrx_word' id='word_1_320' title='bbox 891 3017 925 3057; x_wconf 75' lang='lat' dir='ltr'><strong>aa.</strong></span> <span class='ocrx_word' id='word_1_321' title='bbox 944 3005 1008 3053; x_wconf 82' lang='lat' dir='ltr'><strong>Alia</strong></span> <span class='ocrx_word' id='word_1_322' title='bbox 1022 3007 1106 3054; x_wconf 85' lang='lat' dir='ltr'><strong>emnia</strong></span> 
     </span>
     <span class='ocr_line' id='line_1_36' title="bbox 132 3072 1104 3143; baseline -0.005 -14"><span class='ocrx_word' id='word_1_323' title='bbox 132 3080 294 3141; x_wconf 79' lang='lat' dir='ltr'><strong>placuerant</strong></span> <span class='ocrx_word' id='word_1_324' title='bbox 307 3077 431 3143; x_wconf 80' lang='lat' dir='ltr'><strong>Kriipero</strong></span> <span class='ocrx_word' id='word_1_325' title='bbox 445 3078 468 3128; x_wconf 81' lang='lat' dir='ltr'><strong>i.</strong></span> <span class='ocrx_word' id='word_1_326' title='bbox 479 3079 495 3130; x_wconf 86' lang='lat' dir='ltr'><strong>i.</strong></span> <span class='ocrx_word' id='word_1_327' title='bbox 507 3078 615 3134; x_wconf 81' lang='lat' dir='ltr'><strong>addenti</strong></span> <span class='ocrx_word' id='word_1_328' title='bbox 631 3073 776 3140; x_wconf 46' lang='lat' dir='ltr'><strong>‘patranofi</strong></span> <span class='ocrx_word' id='word_1_329' title='bbox 834 3072 856 3140; x_wconf 77' lang='lat'><strong>³)</strong></span> <span class='ocrx_word' id='word_1_330' title='bbox 870 3075 982 3125; x_wconf 81' lang='lat' dir='ltr'><strong>Beetitoi</strong></span> <span class='ocrx_word' id='word_1_331' title='bbox 998 3072 1104 3124; x_wconf 72' lang='lat' dir='ltr'><strong>‘Gaiae’</strong></span> 
     </span>
     <span class='ocr_line' id='line_1_37' title="bbox 131 3143 1106 3214; baseline -0.006 -13"><span class='ocrx_word' id='word_1_332' title='bbox 131 3164 160 3212; x_wconf 80' lang='lat' dir='ltr'><strong>p.</strong></span> <span class='ocrx_word' id='word_1_333' title='bbox 170 3159 205 3201; x_wconf 78' lang='lat'><strong>58.</strong></span> <span class='ocrx_word' id='word_1_334' title='bbox 225 3156 346 3198; x_wconf 84' lang='lat' dir='ltr'><strong>remotum</strong></span> <span class='ocrx_word' id='word_1_335' title='bbox 356 3150 388 3198; x_wconf 89' lang='lat' dir='ltr'><strong>ab</strong></span> <span class='ocrx_word' id='word_1_336' title='bbox 399 3150 467 3198; x_wconf 87' lang='lat' dir='ltr'><strong>omni</strong></span> <span class='ocrx_word' id='word_1_337' title='bbox 476 3164 506 3200; x_wconf 87' lang='lat' dir='ltr'><strong>eo</strong></span> <span class='ocrx_word' id='word_1_338' title='bbox 525 3149 577 3198; x_wconf 88' lang='lat' dir='ltr'><strong>iore</strong></span> <span class='ocrx_word' id='word_1_339' title='bbox 588 3148 619 3198; x_wconf 89' lang='lat' dir='ltr'><strong>iri</strong></span> <span class='ocrx_word' id='word_1_340' title='bbox 628 3149 669 3198; x_wconf 84' lang='lat' dir='ltr'><strong>ed.</strong></span> <span class='ocrx_word' id='word_1_341' title='bbox 678 3147 728 3214; x_wconf 79' lang='lat' dir='ltr'><strong>Bp.</strong></span> <span class='ocrx_word' id='word_1_342' title='bbox 749 3148 850 3196; x_wconf 70' lang='lat' dir='ltr'><strong>dirmat</strong></span> <span class='ocrx_word' id='word_1_343' title='bbox 864 3143 918 3205; x_wconf 65' lang='lat' dir='ltr'><strong>Vssi,</strong></span> <span class='ocrx_word' id='word_1_344' title='bbox 927 3148 955 3195; x_wconf 85' lang='lat' dir='ltr'><strong>in</strong></span> <span class='ocrx_word' id='word_1_345' title='bbox 966 3153 1106 3210; x_wconf 83' lang='lat' dir='ltr'><strong>quotamen</strong></span> 
     </span>
     <span class='ocr_line' id='line_1_38' title="bbox 135 3215 1106 3286; baseline -0.003 -17"><span class='ocrx_word' id='word_1_346' title='bbox 135 3235 188 3272; x_wconf 86' lang='lat' dir='ltr'><strong>non</strong></span> <span class='ocrx_word' id='word_1_347' title='bbox 202 3228 241 3270; x_wconf 84' lang='lat' dir='ltr'><strong>eet</strong></span> <span class='ocrx_word' id='word_1_348' title='bbox 254 3220 409 3272; x_wconf 81' lang='lat' dir='ltr'><strong>hereditario.</strong></span> <span class='ocrx_word' id='word_1_349' title='bbox 474 3217 495 3286; x_wconf 85' lang='lat'><strong>⁴)</strong></span> <span class='ocrx_word' id='word_1_350' title='bbox 510 3219 555 3270; x_wconf 77' lang='lat' dir='ltr'><strong>Era</strong></span> <span class='ocrx_word' id='word_1_351' title='bbox 570 3218 596 3268; x_wconf 89' lang='lat' dir='ltr'><em>V</em></span> <span class='ocrx_word' id='word_1_352' title='bbox 595 3215 615 3252; x_wconf 81' lang='lat' dir='ltr'><strong>at</strong></span> <span class='ocrx_word' id='word_1_353' title='bbox 624 3221 652 3268; x_wconf 88' lang='lat' dir='ltr'><strong>in</strong></span> <span class='ocrx_word' id='word_1_354' title='bbox 662 3235 712 3284; x_wconf 82' lang='lat' dir='ltr'><strong>quo</strong></span> <span class='ocrx_word' id='word_1_355' title='bbox 724 3226 808 3268; x_wconf 85' lang='lat' dir='ltr'><strong>tamen</strong></span> <span class='ocrx_word' id='word_1_356' title='bbox 818 3219 918 3267; x_wconf 83' lang='lat' dir='ltr'><strong>ourahnt</strong></span> <span class='ocrx_word' id='word_1_357' title='bbox 927 3219 1017 3280; x_wconf 78' lang='lat' dir='ltr'><strong>potino</strong></span> <span class='ocrx_word' id='word_1_358' title='bbox 1031 3233 1106 3282; x_wconf 82' lang='lat' dir='ltr'><strong>paam</strong></span> 
     </span>
     <span class='ocr_line' id='line_1_39' title="bbox 136 3289 1106 3355; baseline -0.003 -15"><span class='ocrx_word' id='word_1_359' title='bbox 136 3291 230 3341; x_wconf 89' lang='lat' dir='ltr'><strong>curabit</strong></span> <span class='ocrx_word' id='word_1_360' title='bbox 243 3293 370 3355; x_wconf 72' lang='lat' dir='ltr'><strong>seriptum</strong></span> <span class='ocrx_word' id='word_1_361' title='bbox 385 3306 441 3342; x_wconf 77' lang='lat' dir='ltr'><strong>esee</strong></span> <span class='ocrx_word' id='word_1_362' title='bbox 461 3293 541 3341; x_wconf 73' lang='lat' dir='ltr'><strong>vinum</strong></span> <span class='ocrx_word' id='word_1_363' title='bbox 560 3299 610 3350; x_wconf 84' lang='lat' dir='ltr'><strong>est,</strong></span> <span class='ocrx_word' id='word_1_364' title='bbox 631 3298 767 3355; x_wconf 81' lang='lat' dir='ltr'><strong>atrumque</strong></span> <span class='ocrx_word' id='word_1_365' title='bbox 776 3292 883 3353; x_wconf 82' lang='lat' dir='ltr'><strong>pariter</strong></span> <span class='ocrx_word' id='word_1_366' title='bbox 896 3304 947 3339; x_wconf 87' lang='lat' dir='ltr'><strong>naa</strong></span> <span class='ocrx_word' id='word_1_367' title='bbox 959 3289 1106 3351; x_wconf 79' lang='lat' dir='ltr'><strong>ferendum.</strong></span> 
     </span>
    </p>
   </div>
   <div class='ocr_carea' id='block_1_5' title="bbox 135 3394 1107 3678">
    <p class='ocr_par' dir='ltr' id='par_1_6' title="bbox 135 3394 1107 3678">
     <span class='ocr_line' id='line_1_40' title="bbox 207 3394 1105 3467; baseline -0.007 -18"><span class='ocrx_word' id='word_1_368' title='bbox 207 3394 291 3466; x_wconf 46' lang='grc'>948.</span> <span class='ocrx_word' id='word_1_369' title='bbox 313 3398 516 3462; x_wconf 54' lang='grc'>04411114.</span> <span class='ocrx_word' id='word_1_370' title='bbox 569 3394 640 3467; x_wconf 77' lang='lat'><strong>&#39;§§.</strong></span> <span class='ocrx_word' id='word_1_371' title='bbox 656 3400 698 3448; x_wconf 83' lang='grc'>49.</span> <span class='ocrx_word' id='word_1_372' title='bbox 714 3400 756 3449; x_wconf 78' lang='lat'><strong>50.</strong></span> <span class='ocrx_word' id='word_1_373' title='bbox 783 3397 821 3459; x_wconf 77' lang='lat' dir='ltr'><strong>Of.</strong></span> <span class='ocrx_word' id='word_1_374' title='bbox 842 3395 897 3459; x_wconf 78' lang='lat' dir='ltr'><strong>Uip.</strong></span> <span class='ocrx_word' id='word_1_375' title='bbox 912 3407 982 3459; x_wconf 66' lang='lat' dir='ltr'><strong>nna</strong></span> <span class='ocrx_word' id='word_1_376' title='bbox 997 3407 1017 3446; x_wconf 84' lang='lat' dir='ltr'><strong>o.</strong></span> <span class='ocrx_word' id='word_1_377' title='bbox 1035 3405 1070 3456; x_wconf 80' lang='lat' dir='ltr'><strong>er,</strong></span> <span class='ocrx_word' id='word_1_378' title='bbox 1085 3407 1105 3446; x_wconf 93' lang='lat'><strong>1.</strong></span> 
     </span>
     <span class='ocr_line' id='line_1_41' title="bbox 135 3464 1107 3537; baseline -0.003 -19"><span class='ocrx_word' id='word_1_379' title='bbox 135 3468 168 3518; x_wconf 88' lang='lat' dir='ltr'><strong>L.</strong></span> <span class='ocrx_word' id='word_1_380' title='bbox 184 3481 216 3522; x_wconf 83' lang='lat' dir='ltr'><strong>rr.</strong></span> <span class='ocrx_word' id='word_1_381' title='bbox 236 3469 269 3519; x_wconf 87' lang='lat' dir='ltr'><strong>D.</strong></span> <span class='ocrx_word' id='word_1_382' title='bbox 285 3470 317 3519; x_wconf 82' lang='lat' dir='ltr'><strong>de</strong></span> <span class='ocrx_word' id='word_1_383' title='bbox 331 3469 388 3521; x_wconf 85' lang='lat' dir='ltr'><strong>dan.</strong></span> <span class='ocrx_word' id='word_1_384' title='bbox 403 3469 445 3520; x_wconf 85' lang='lat' dir='ltr'><strong>tib.</strong></span> <span class='ocrx_word' id='word_1_385' title='bbox 462 3471 511 3534; x_wconf 83' lang='lat' dir='ltr'><strong>(ee,</strong></span> <span class='ocrx_word' id='word_1_386' title='bbox 526 3467 560 3535; x_wconf 81' lang='lat' dir='ltr'><strong>n).</strong></span> <span class='ocrx_word' id='word_1_387' title='bbox 633 3464 658 3537; x_wconf 69' lang='lat'><strong>§-</strong></span> <span class='ocrx_word' id='word_1_388' title='bbox 674 3470 716 3519; x_wconf 84' lang='lat'><strong>51.</strong></span> <span class='ocrx_word' id='word_1_389' title='bbox 739 3468 778 3531; x_wconf 76' lang='lat' dir='ltr'><strong>Os.</strong></span> <span class='ocrx_word' id='word_1_390' title='bbox 797 3466 852 3530; x_wconf 82' lang='lat' dir='ltr'><strong>lltp.</strong></span> <span class='ocrx_word' id='word_1_391' title='bbox 868 3480 902 3529; x_wconf 80' lang='lat' dir='ltr'><strong>ar,</strong></span> <span class='ocrx_word' id='word_1_392' title='bbox 916 3479 937 3518; x_wconf 83' lang='lat' dir='ltr'><strong>o.</strong></span> <span class='ocrx_word' id='word_1_393' title='bbox 958 3468 980 3528; x_wconf 67' lang='grc' dir='ltr'>ξ.</span> <span class='ocrx_word' id='word_1_394' title='bbox 995 3478 1016 3516; x_wconf 77' lang='lat' dir='ltr'><strong>a.</strong></span> <span class='ocrx_word' id='word_1_395' title='bbox 1037 3465 1107 3515; x_wconf 70' lang='lat' dir='ltr'><strong>lde</strong></span> 
     </span>
     <span class='ocr_line' id='line_1_42' title="bbox 135 3535 1106 3607; baseline -0.004 -17"><span class='ocrx_word' id='word_1_396' title='bbox 135 3538 184 3591; x_wconf 78' lang='lat' dir='ltr'><strong>So.</strong></span> <span class='ocrx_word' id='word_1_397' title='bbox 203 3539 304 3605; x_wconf 80' lang='lat' dir='ltr'><strong>Orpdit.</strong></span> <span class='ocrx_word' id='word_1_398' title='bbox 320 3539 356 3605; x_wconf 80' lang='lat' dir='ltr'><strong>(a,</strong></span> <span class='ocrx_word' id='word_1_399' title='bbox 370 3540 403 3607; x_wconf 90' lang='grc'><strong>4).</strong></span> <span class='ocrx_word' id='word_1_400' title='bbox 429 3555 513 3605; x_wconf 74' lang='lat' dir='ltr'><strong>sopra</strong></span> <span class='ocrx_word' id='word_1_401' title='bbox 525 3553 548 3602; x_wconf 88' lang='grc'><strong>1,</strong></span> <span class='ocrx_word' id='word_1_402' title='bbox 563 3551 610 3592; x_wconf 79' lang='lat'>158.</span> <span class='ocrx_word' id='word_1_403' title='bbox 635 3541 698 3589; x_wconf 85' lang='lat' dir='ltr'><strong>siout</strong></span> <span class='ocrx_word' id='word_1_404' title='bbox 712 3553 786 3601; x_wconf 79' lang='lat' dir='ltr'><strong>sopra</strong></span> <span class='ocrx_word' id='word_1_405' title='bbox 801 3535 859 3605; x_wconf 72' lang='lat' dir='ltr'><strong>din]</strong></span> <span class='ocrx_word' id='word_1_406' title='bbox 880 3539 915 3600; x_wconf 77' lang='lat' dir='ltr'><strong>ef.</strong></span> <span class='ocrx_word' id='word_1_407' title='bbox 929 3550 955 3600; x_wconf 77' lang='lat' dir='ltr'><strong>a,</strong></span> <span class='ocrx_word' id='word_1_408' title='bbox 969 3549 1002 3588; x_wconf 76' lang='grc'>43.</span> <span class='ocrx_word' id='word_1_409' title='bbox 1021 3547 1043 3599; x_wconf 75' lang='lat' dir='ltr'><strong>a,</strong></span> <span class='ocrx_word' id='word_1_410' title='bbox 1058 3547 1106 3588; x_wconf 83' lang='grc'>161.</span> 
     </span>
     <span class='ocr_line' id='line_1_43' title="bbox 136 3609 707 3678; baseline -0.004 -17"><span class='ocrx_word' id='word_1_411' title='bbox 136 3623 157 3674; x_wconf 88' lang='grc'><strong>1,</strong></span> <span class='ocrx_word' id='word_1_412' title='bbox 172 3623 218 3663; x_wconf 79' lang='lat' dir='ltr'><strong>roa.</strong></span> <span class='ocrx_word' id='word_1_413' title='bbox 238 3610 269 3662; x_wconf 82' lang='lat' dir='ltr'><strong>L.</strong></span> <span class='ocrx_word' id='word_1_414' title='bbox 284 3623 317 3663; x_wconf 83' lang='lat' dir='ltr'><strong>ro.</strong></span> <span class='ocrx_word' id='word_1_415' title='bbox 336 3611 369 3660; x_wconf 86' lang='lat' dir='ltr'><strong>D.</strong></span> <span class='ocrx_word' id='word_1_416' title='bbox 384 3613 416 3661; x_wconf 85' lang='lat' dir='ltr'><strong>de</strong></span> <span class='ocrx_word' id='word_1_417' title='bbox 430 3613 486 3662; x_wconf 79' lang='lat' dir='ltr'><strong>saie</strong></span> <span class='ocrx_word' id='word_1_418' title='bbox 500 3618 524 3661; x_wconf 87' lang='lat' dir='ltr'><strong>et</strong></span> <span class='ocrx_word' id='word_1_419' title='bbox 537 3614 586 3677; x_wconf 77' lang='lat' dir='ltr'><strong>lep.</strong></span> <span class='ocrx_word' id='word_1_420' title='bbox 602 3611 647 3678; x_wconf 81' lang='lat' dir='ltr'><strong>(ee,</strong></span> <span class='ocrx_word' id='word_1_421' title='bbox 662 3609 707 3675; x_wconf 80' lang='lat' dir='ltr'><strong>ro).</strong></span> 
     </span>
    </p>
   </div>
   <div class='ocr_carea' id='block_1_6' title="bbox 0 0 1276 3909">
    <p class='ocr_par' dir='ltr' id='par_1_7' title="bbox 0 0 1276 3909">
     <span class='ocr_line' id='line_1_44' title="bbox 0 0 1276 3909; baseline 0 0"><span class='ocrx_word' id='word_1_422' title='bbox 0 0 1276 3909; x_wconf 95' lang='lat' dir='ltr'><strong> </strong></span> 
     </span>
    </p>
   </div>
  </div>
 </body>
</html>
