2542 3909
172 145 233 210 754
383 166 480 202 runnu.
499 167 552 202 ivn.
571 166 632 202 nou.
651 166 739 204 varro.
760 154 907 203 tlt-tlt.

168 293 316 368 probabilis
331 290 558 350 instrumentum¹
580 295 660 367 litiae
671 299 793 368 proprie
807 297 905 352 dotum
918 297 948 351 in
964 297 1124 368 periculum

168 377 265 452 redigi,
288 387 319 434 ut
341 394 398 434 eam
421 379 565 452 praelatam
585 381 667 436 liceat
687 379 859 437 'hereditatis
875 372 952 436 eum²
975 384 1061 437 sociis
1077 398 1124 439 ae·

169 465 269 536 quari,
287 479 348 534 par
362 480 419 521 non
436 469 479 519 eat
493 477 534 533 eo,
551 465 628 536 quod
637 471 739 535 pater,
763 464 849 520 iratus
865 465 1064 521 coniunctionis
1079 463 1125 522 fir·

169 547 271 618 unitate,
289 539 523 620 ’promissionem³
538 549 597 603 solo
611 549 706 603 libello
719 547 856 618 perfecit,
872 564 1046 621 quamquam
1061 565 1124 606 eam

168 633 241 687 iuxta
263 638 394 686 statutum
417 629 558 687 indicantis
581 629 713 687 addixerit
735 633 768 688 ob
787 632 843 688 boc
865 636 1017 702 sententia,
1042 637 1125 690 euius

167 717 271 772 iniuria
284 712 455 787 deprimitur.
479 713 580 770 Viderit
591 716 673 786 enlm,
690 724 782 770 utrum
794 717 822 771 in
836 717 1010 789 praeteritum
1023 725 1122 774 aueto-

168 802 242 856 ritas
253 805 332 856 extet
344 801 424 871 apud
438 801 532 854 uirum
544 800 579 854 de
591 800 656 855 dote
671 800 833 871 repromissa
846 801 1011 856 aestimantis
1023 798 1123 874 aliquid

167 897 306 941 remanere
328 890 478 955 oportere,
501 884 578 956 quod
595 885 659 939 siue
679 885 864 953 stipulatione
883 884 960 940 baud
975 885 1123 940 constituta

166 964 275 1040 petendi
304 963 415 1022 firmitas
444 974 585 1039 putaretur
612 982 627 1022 e
654 969 793 1022 communi
818 969 924 1024 dotium
950 971 1029 1037 iure,
1057 970 1123 1024 darm

164 1051 260 1122 potior
274 1051 425 1123 parentium
440 1048 550 1106 allectus
565 1051 713 1124 persuasit,
735 1050 809 1106 utin
831 1044 911 1106 bola*
933 1056 1122 1110 conuentione
1132 1067 1197 1117 [esa]

164 1135 244 1205 filiae
260 1141 348 1191 cauto
364 1133 428 1190 dote
444 1133 574 1207 obligatio
590 1128 775 1207 gigneretur.⁵
800 1134 911 1190 Frustra
922 1136 1033 1191 euidens
1047 1140 1123 1193 mate

166 1221 393 1289 detorquentium
402 1224 551 1289 paternam
564 1217 747 1273 restituendae
758 1217 830 1275 dotis
842 1218 1011 1275 uoluntatem
1023 1221 1122 1277 astutia

166 1304 297 1359 heredum
312 1306 353 1359 ito
368 1305 588 1374 interpretatur,
605 1305 690 1374 quasi
702 1303 737 1357 de
751 1301 906 1375 speciebus,
923 1319 991 1377 quas
1004 1303 1061 1360 doti
1075 1322 1122 1378 pa·

165 1396 208 1445 ter
222 1385 291 1443 tiliae
310 1387 418 1443 nomine
432 1386 642 1460 designauerat,
664 1401 719 1442 suo
738 1391 835 1456 pratia
852 1389 922 1457 quid
935 1389 975 1444 ad
985 1402 1122 1460 penerum

165 1470 247 1528 libelli
262 1472 408 1544 scriptione
424 1479 539 1543 promat,
562 1468 638 1524 etde
655 1468 834 1525 redhibitione
849 1472 903 1528 sibi
914 1471 1055 1543 facienda
1071 1489 1120 1527 ea-

166 1562 243 1627 ueat‚
260 1559 310 1627 qui
323 1545 420 1611 eontra
433 1552 502 1608 filiae
515 1552 605 1609 dotem
620 1552 726 1608 restitui
742 1552 841 1611 uoluit.
869 1553 978 1610 Frustra
991 1554 1120 1611 Maximus

94 1633 99 1642 '
165 1657 193 1698 u.
211 1655 247 1708 e.,
267 1639 333 1694 dum
352 1641 432 1710 filiae
447 1639 658 1708 stipulationem
678 1636 827 1706 desiderat,
850 1637 951 1694 lieuato
967 1633 1122 1710 submoto‚⁶

165 1724 209 1780 eui
224 1723 275 1778 dos
289 1720 414 1779 Paulinae
430 1723 540 1777 nomine
554 1723 623 1776 data
639 1726 699 1792 est,
719 1722 797 1778 bone
811 1725 853 1777 ita
873 1729 984 1778 tautum
999 1727 1061 1779 eius
1075 1739 1120 1778 re·

164 1808 323 1880 petitionem
338 1807 480 1863 instituere
495 1805 617 1878 potuisse
632 1803 771 1874 iudicauit,
793 1813 824 1862 ut
845 1805 1005 1878 conferret.
1051 1807 1120 1864 Cum

165 1895 260 1965 ipitur,
276 1906 352 1964 quoe
368 1896 404 1947 sit
418 1889 555 1946 demortui
570 1887 698 1944 uoluntas
710 1890 808 1960 soceri,
825 1891 912 1961 primo
924 1906 973 1963 per
987 1889 1119 1961 libellum,

163 1974 259 2032 dehinc
273 1991 328 2048 per
348 1978 515 2032 relationem
530 1972 663 2028 Reuatus
683 1988 735 2028 nos
757 1972 908 2042 consuluit,
930 1973 1056 2029 auxilium
1071 1991 1120 2030 uo·

164 2067 236 2116 strae
252 2059 462 2115 mausuetudinis
474 2057 624 2128 inplorans
644 2073 699 2127 pro
721 2071 831 2127 uxore,
855 2063 887 2112 ut
906 2073 1030 2128 praeses
1049 2076 1117 2129 pro·

164 2146 277 2201 uineiae
293 2142 414 2215 undique
429 2156 537 2197 uersum
551 2141 608 2195 eius
621 2138 771 2195 actionibus
782 2138 883 2195 aditum
896 2139 982 2212 daret,
1001 2143 1046 2214 qui
1057 2158 1118 2196 cum

164 2229 352 2301 repetitionem
368 2227 441 2282 dotis
454 2239 494 2280 em
505 2230 595 2295 poeto
611 2227 639 2278 ei
651 2225 828 2296 denepasset,
852 2224 955 2280 uiolato
971 2226 1117 2280 uecessitu-

163 2312 231 2368 dinis
247 2312 320 2381 iure,
342 2309 460 2366 secundo
476 2308 564 2362 soceri
578 2307 681 2363 iudicio
695 2322 759 2362 eam
770 2311 902 2378 priuauit
917 2316 1020 2366 contro
1035 2309 1118 2364 dere·

162 2398 222 2464 des,
245 2396 300 2451 doe
323 2393 436 2467 adipisci
459 2389 622 2448 merebatur.
667 2388 838 2464 Quapropter
858 2391 963 2447 Maximi
985 2395 1119 2448 sententia

163 2480 268 2545 dotem,
296 2477 371 2533 cuius
392 2479 515 2549 pretium
538 2491 594 2531 reon
618 2482 729 2546 oportet
750 2475 902 2532 heredibus
919 2480 1018 2548 patris
1039 2480 1119 2534 iuxta

163 2569 307 2618 extremam
319 2561 424 2617 restitui
441 2558 619 2627 uoluntatem,
636 2559 683 2631 qui
695 2574 751 2614 eam
763 2558 839 2614 reddi
853 2562 934 2631 filiae
947 2576 1020 2616 suae
1031 2567 1118 2617 antea

161 2649 276 2718 pepipit,
291 2643 433 2717 prohiberi
450 2643 559 2715 placuit.
590 2658 641 2698 uec
655 2642 726 2697 euim
741 2641 852 2699 dubium
867 2651 918 2706 est,
936 2643 1061 2700 ellectum
1075 2659 1118 2698 re·

162 2731 315 2786 stitutionis
328 2731 407 2801 filiae
422 2745 440 2782 a
455 2727 569 2798 Remoto
586 2741 648 2782 esse
664 2727 843 2797 destinatum,
866 2729 909 2782 cul
931 2727 1024 2784 dotem
1048 2725 1118 2783 tiliae

162 2814 271 2870 nomine
286 2829 335 2887 per
350 2811 469 2868 libellum
488 2812 632 2867 constituit
635 2849 762 2867 ......

66 2889 152 3012 ξὲξιέῑ
226 2893 288 2957 114.
312 2889 438 2954 ⁷Paullus
461 2893 508 2951 lib.
524 2891 589 2954 Vlll.
605 2891 814 2967 Responsorum.
858 2887 968 2971 (Inter)
985 2897 1074 2951 uirum
1090 2902 1118 2950 et

235 3081 254 3148 ¹)
271 3083 309 3146 Cf.
325 3082 437 3146 Appion.
452 3082 483 3131 de
498 3081 520 3130 ὂ,
531 3097 552 3131 e.
563 3093 628 3140 bea.
681 3077 701 3146 ²)
716 3119 722 3131 .
739 3120 744 3133 .
762 3119 767 3130 .
783 3120 789 3132 .
804 3081 860 3129 tatis
875 3095 928 3130 eum
948 3080 979 3129 V.
993 3082 1117 3144 proprie·

161 3155 216 3205 tntis
232 3168 286 3202 eum
300 3154 357 3202 edd.
386 3152 417 3201 In
432 3167 512 3217 uturp.
528 3159 565 3202 est
579 3154 682 3201 lemma:
701 3150 751 3208 llic,
766 3151 845 3199 dotem
860 3149 903 3216 (V
905 3151 924 3199 ⁶.
940 3151 1028 3200 donum
1047 3149 1118 3216 Vot.)

161 3241 205 3288 per
219 3224 323 3273 libellum
341 3223 486 3287 promissam
505 3231 529 3270 et
547 3223 598 3271 sine
618 3221 770 3285 stipulatione
789 3221 884 3284 afferre
900 3223 971 3284 filiae
991 3222 1116 3270 actionem.

163 3293 184 3357 3)
198 3294 251 3358 proi
267 3329 273 3343 .
289 3330 295 3342 .
312 3330 318 3342 .
334 3329 340 3343 .
355 3305 392 3340 em
417 3292 474 3341 Vnt.
490 3301 514 3341 et
533 3291 580 3340 Vi.
647 3289 667 3355 ⁴)
687 3290 734 3339 Vl.
750 3291 801 3340 solo
821 3291 879 3340 Vct.
945 3290 966 3355 ὅ)
982 3291 1020 3354 Of.
1035 3291 1068 3340 L.
1083 3302 1117 3342 45.

161 3366 194 3414 D.
209 3366 255 3414 sol.
271 3370 345 3413 matr.
361 3361 405 3426 (m,
420 3362 451 3427 e).
467 3363 498 3411 L.
515 3374 534 3412 t.
556 3361 581 3410 0.
596 3362 628 3410 do
639 3368 709 3424 pact.
726 3376 797 3411 eona.
813 3359 844 3426 (a,
855 3361 899 3427 14).
951 3359 972 3423 ὅ)
988 3363 1005 3411 i.
1020 3377 1042 3410 e.
1056 3363 1081 3410 ri
1095 3363 1119 3409 ia

162 3441 241 3484 morte
256 3435 295 3483 uel
310 3435 377 3482 olias
391 3448 404 3481 e
418 3434 579 3482 matrimonio
593 3431 722 3481 submotus
735 3439 808 3481 esset.
861 3429 882 3497 ⁷)
898 3431 936 3494 Of.
948 3432 980 3480 L.
991 3443 1024 3482 18.
1040 3431 1072 3482 L.
1082 3443 1117 3484 68.

163 3515 195 3554 ne.
211 3507 234 3564 ὅ.
249 3515 269 3555 s.
289 3503 321 3552 D.
337 3504 368 3553 de
383 3504 434 3551 iar.
450 3503 500 3552 dot.
517 3500 561 3566 (ss,
576 3500 608 3566 e).
623 3502 655 3551 L.
670 3514 703 3553 ce.
719 3504 741 3564 ς.
757 3514 778 3554 s.
801 3502 834 3550 D.
853 3504 901 3552 sot.
920 3509 994 3552 matr.
1015 3500 1064 3567 (sa,
1083 3499 1116 3565 s).
