2542 3909
423 241 485 278 osu
504 243 606 280 11usr1r.
626 226 675 281 l-ll.
694 234 812 289 32—3ssi.
1035 236 1095 301 291

194 379 243 443 32.
256 382 329 451 Quos
340 391 430 440 autem
443 379 448 462 l
462 393 571 458 praetor
585 397 665 444 uocat
680 388 713 444 od
729 389 917 465 hereditatem,
935 393 963 450 hi
982 395 1095 454 heredes
1109 397 1166 448 132·

128 474 190 545 ipso
206 468 315 544 quidem
334 470 393 525 iure
408 487 463 526 non
480 469 562 527 lluut:
583 489 644 529 num
665 483 776 547 praetor
796 476 910 533 heredes
932 479 1020 537 lacere
1042 498 1096 538 non

127 563 221 630 potest
228 579 238 620 ;
251 571 309 627 per
321 557 413 629 lepem
430 559 504 612 enim
520 563 631 614 tantum
648 562 696 615 uel
707 563 824 618 similem
834 566 909 620 iuris
921 570 1096 624 constitutio·

128 657 194 697 nem
209 640 333 696 heredes
346 642 430 712 fiunt,
447 641 523 696 uelut
539 659 588 716 per
609 652 719 700 senatus
742 647 898 704 consultum
916 658 944 705 et
960 653 1096 707 eonstitu-

127 727 230 782 tionem
255 718 464 798 principalem:l
487 726 534 782 sed
554 725 628 784 'cum
651 733 693 786 eis
714 727 865 804 (praetor)
885 732 935 790 tlat
957 736 1096 793 bonorum

125 804 369 882 possessionem‚²
385 811 446 866 luco
462 811 592 868 heredum
610 817 832 872 constituuntur.

191 891 240 954 33.
263 897 363 952 Adbuc
379 904 474 952 autem
490 901 574 954 etiam
598 899 666 954 alios
689 900 834 973 conplures
857 901 958 974 gradus
975 913 1097 978 praetor

124 981 202 1054 facit
216 985 246 1038 in
263 985 268 1044 l
286 982 423 1038 banorum
440 981 679 1053 'possessionibus
693 976 822 1056 dandis‚³
836 984 902 1042 dum
921 987 1037 1062 iungit,
1060 1005 1095 1045 ue

126 1070 193 1138 quis
213 1069 275 1122 sine
297 1083 468 1124 successore
483 1065 643 1137 molriatur.
688 1069 722 1126 de
744 1069 842 1142 quibus
857 1072 885 1126 iu
900 1071 942 1126 his
958 1089 1094 1130 commen·

126 1150 204 1206 turlis
221 1151 356 1208 'consulto
375 1152 380 1225 Ι
400 1170 458 1210 non
479 1158 606 1226 opimus,
629 1148 718 1229 quia⁴
737 1154 790 1210 hoc
811 1155 854 1209 ius
871 1164 959 1212 totum
974 1159 1093 1232 propriis

125 1238 326 1293 commentariis
350 1242 492 1300 eatscauti
518 1254 625 1296 sumus.
676 1236 739 1298 33³.
771 1233 857 1296 Hoc⁵
883 1241 972 1296 solum
1003 1243 1094 1300 admo·

125 1322 219 1376 ruisse
235 1317 359 1392 sulficlt‚⁶
376 1340 440 1380 ctam
455 1327 484 1380 in
502 1331 505 1398 Ι
522 1327 656 1399 legitimis
675 1323 892 1393 hereditatibus,
912 1334 943 1382 ut
958 1329 1093 1401 diximus,

202 1469 221 1538 ¹)
232 1473 276 1522 Eu
287 1475 373 1526 Instit.
383 1479 467 1541 suppl.
479 1477 571 1531 uocet.
609 1473 632 1544 ²)
643 1479 730 1529 Locus
740 1486 881 1541 corruptus
891 1480 1032 1528 secundum
1049 1480 1076 1528 V
1074 1477 1095 1512 Β*

125 1547 378 1610 siescriptusfuisse
386 1550 570 1600 uidetur:cum
578 1551 667 1600 iisdem
675 1557 782 1615 propter.
802 1549 1093 1614 itaquelibrariusnota

125 1621 157 1683 bp
172 1620 248 1684 quasi
261 1626 328 1669 esset
341 1635 373 1683 pp
384 1624 449 1670 male
459 1623 593 1685 caplicatu
603 1638 661 1672 cum
669 1621 810 1672 subiectum
820 1622 955 1681 amisisset,
966 1624 1043 1672 etiam
1052 1623 1093 1671 dat

125 1692 232 1740 rnutaoit
246 1692 273 1740 in
288 1691 350 1742 dem.
382 1691 420 1755 Os.
436 1692 500 1742 lust.
524 1692 612 1743 Etiam
623 1701 716 1758 postea
730 1695 757 1742 in
772 1693 927 1742 constituunt'
940 1693 1006 1756 fecit
1022 1694 1092 1757 ipro

125 1771 186 1814 nota
201 1777 255 1812 con.
330 1758 350 1826 ³)
371 1762 417 1812 Ea
436 1763 500 1814 Inst.
522 1761 695 1828 ‘possessione
713 1758 813 1813 danda’
834 1764 893 1813 edd.
910 1762 1093 1828 Supplementa

125 1836 280 1884 conueniunt
303 1831 349 1882 Vst
366 1837 444 1884 etiam
462 1837 490 1884 in
510 1837 556 1896 iis,
575 1852 641 1901 quae
658 1843 810 1901 sequuntur.
884 1833 906 1898 ⁴)
919 1834 1044 1899 Suppleoi
1058 1837 1094 1886 ad

124 1908 283 1964 sententiam,
298 1908 424 1969 scriptum
433 1908 517 1969 fuisse
527 1915 616 1957 ratus:
630 1907 740 1956 consulto
756 1905 760 1972 Ι
775 1909 795 1955 ἦ
808 1907 879 1968 ugim'
892 1899 935 1973 (ᾔει,
992 1904 1013 1972 ὁ)
1028 1906 1092 1956 Item

123 1979 241 2042 supplevi
259 1973 304 2025 Vnt
316 1980 419 2028 ratione
433 1977 522 2029 habita
535 1981 687 2044 sipnumpue
701 1993 782 2029 novae
791 1979 819 2040 §i
825 1977 888 2040 feci.
936 1974 958 2044 ⁶)
972 1977 1018 2026 Em
1031 1992 1091 2040 sup·

120 2050 200 2112 pletis
213 2065 230 2098 a
244 2065 281 2098 me
295 2048 431 2099 uerborum
441 2052 480 2099 cel
492 2052 639 2099 litterarum
653 2051 773 2114 reliquiis
787 2051 815 2098 in
829 2048 993 2113 sequentibus
1010 2050 1091 2099 uersi-

123 2120 170 2170 bus
185 2133 211 2171 10
222 2122 268 2183 fin.
285 2147 317 2156 -—
333 2131 359 2172 15
378 2120 404 2182 V
402 2118 423 2154 st
436 2124 505 2172 inter
520 2136 584 2186 quas
599 2137 621 2170 a.
633 2121 786 2170 inuidiosum
800 2127 928 2184 tamquam
942 2122 969 2169 in
982 2120 1007 2170 θ.
1018 2127 1091 2170 certo

123 2199 240 2250 exstans,
254 2193 301 2242 sed
310 2195 416 2256 pariter
430 2192 462 2243 ab
477 2208 506 2242 ea
521 2192 666 2243 abhorrens
679 2208 712 2242 ac
730 2207 808 2241 sensu
822 2194 965 2250 molestum,
982 2192 1048 2242 adeo
1063 2193 1090 2240 in

124 2271 271 2314 contextum
285 2263 335 2313 Kr.
350 2265 389 2313 ed.
405 2277 425 2317 2.
445 2267 554 2314 relatum
573 2266 668 2323 miror,
686 2264 799 2327 primum
817 2262 866 2312 boc
885 2265 1009 2328 collipere
1027 2263 1091 2312 mibi

123 2335 222 2394 uideor,
240 2335 332 2384 Gaium
346 2351 397 2386 non
411 2337 485 2387 modo
500 2342 528 2385 ut
546 2334 601 2398 Uip.
616 2347 652 2398 28,
666 2348 686 2388 e.
705 2342 731 2385 et
745 2334 919 2384 lastinianum
937 2335 960 2397 ἓ.
975 2346 996 2386 s.
1020 2333 1042 2382 I.
1058 2334 1090 2383 de

123 2406 180 2456 bon.
193 2421 264 2470 poss.
280 2407 311 2470 (s,
326 2404 349 2471 9)
369 2409 497 2474 intepram
514 2409 607 2457 seriem
621 2405 645 2458 b.
663 2407 856 2470 possessionum
874 2407 1016 2456 summatim
1038 2420 1089 2455 non

118 2479 297 2542 proposuisse,
312 2479 358 2528 sed
371 2495 402 2528 ne
417 2493 461 2528 eas
480 2479 594 2542 quidem,
614 2493 680 2542 quae
690 2485 752 2542 post
770 2477 793 2526 b.
804 2492 832 2541 p.
848 2478 916 2526 unde
930 2477 1037 2541 copnati
1049 2492 1089 2526 se·

122 2555 246 2614 quantur,
261 2564 468 2600 commemorasse
478 2549 557 2617 (unde
567 2551 645 2599 etiam
660 2546 782 2598 ‘consulto
794 2564 846 2599 non
856 2543 967 2614 apimus’
979 2547 1089 2614 scripsi)

121 2629 146 2670 et
160 2627 296 2684 utrumque
309 2628 387 2679 recte,
403 2637 459 2671 cum
470 2624 551 2671 ceteri
563 2622 664 2688 pradus
678 2622 790 2671 nondum
805 2622 924 2684 exposito
939 2622 996 2669 iure
1011 2619 1089 2670 bono-

121 2708 178 2742 rum
193 2691 343 2742 libertorum
357 2692 487 2744 tironibus
500 2694 639 2757 perspicui
653 2694 715 2755 fieri
733 2694 877 2756 nequirent.
910 2691 1012 2741 Deinde
1026 2706 1089 2741 vero

122 2766 198 2813 etiam
208 2778 261 2827 pro
279 2771 351 2814 certo
370 2763 464 2823 babeo,
483 2780 540 2814 eum
556 2766 677 2829 prasoime
692 2765 724 2813 de
736 2761 804 2814 seeo
822 2763 983 2812 Tertulliano
998 2763 1089 2826 dispu-

122 2842 197 2894 tasse,
212 2835 281 2899 quod
295 2837 336 2884 ius
350 2837 403 2885 nisi
416 2838 536 2900 eaoposita
546 2843 606 2886 unte
616 2837 674 2885 iure
684 2835 706 2884 b.
713 2836 895 2898 possessionis,
911 2835 1028 2899 intellepi
1036 2849 1088 2884 non

118 2914 230 2970 poterat.
266 2906 327 2956 Oum
345 2909 412 2956 enim
431 2907 556 2957 credibile
570 2922 621 2957 non
635 2914 687 2965 est,
704 2922 760 2956 eum
774 2909 841 2955 tanti
854 2907 972 2956 momenti
985 2904 1088 2964 SGtum,

122 2979 171 3026 iam
180 2977 317 3028 Hadriani
331 2979 487 3042 temporibus
494 2979 594 3042 factum
608 2979 726 3042 quodque
735 2978 772 3027 ad
780 2993 824 3028 eos
831 2978 933 3043 prasius
942 2977 964 3029 b.
976 2993 1014 3040 μ,
1024 2991 1090 3040 quos

121 3057 289 3112 subposuerat,
294 3051 405 3113 proprie
412 3050 553 3114 spectabat,
564 3051 666 3100 omnino
674 3051 777 3099 silentio
785 3050 968 3110 transmisisse,
976 3049 1089 3097 mamime

121 3135 178 3170 cum
190 3120 276 3170 uerbis
290 3122 318 3184 §i
331 3131 365 3173 sl.
381 3122 441 3171 adeo
460 3121 556 3186 quidem
571 3128 597 3170 ut
610 3135 656 3170 neo
675 3121 737 3170 iuter
755 3129 854 3170 matrem
869 3127 916 3170 etc.
933 3121 991 3170 coll.
1003 3135 1047 3182 pr.
1063 3117 1086 3167 Ι.

120 3192 150 3241 de
164 3189 212 3242 So.
231 3191 337 3242 Tertult.
351 3192 384 3258 (s,
395 3192 418 3258 a)
433 3194 470 3243 ad
482 3193 531 3244 boc
546 3195 624 3242 insin
640 3191 702 3242 XII
706 3193 881 3242 desideratum
891 3192 1001 3256 dipitum
1011 3191 1089 3254 quasi

120 3264 260 3314 intendisse
270 3264 406 3321 uideatur:
418 3273 470 3314 tum
480 3280 545 3330 quae
555 3267 583 3314 in
593 3264 711 3314 uersibus
720 3265 814 3314 deinde
823 3261 986 3327 sequentibus
995 3276 1086 3324 super·

119 3342 179 3384 sunt
193 3334 255 3400 (uid.
270 3351 322 3400 seq.
338 3334 449 3401 notam),
468 3337 504 3386 ad
516 3337 565 3387 boc
580 3342 678 3386 tantum
692 3334 740 3384 SC.
754 3336 875 3384 videntur
889 3334 989 3397 referri
998 3348 1085 3396 posse.

190 3473 216 3546 ξ,
231 3480 362 3540 32.-§.
378 3489 398 3528 2.
419 3478 488 3528 lde
503 3478 525 3528 b.
537 3494 565 3542 p.
581 3477 612 3544 (s,
627 3476 660 3543 s).
683 3479 722 3542 Cf.
741 3477 797 3541 lllp,
812 3489 847 3539 28,
862 3490 896 3528 12·
960 3473 1085 3545 §.ssa

119 3549 140 3610 ἕ.
155 3559 176 3598 2.
196 3548 218 3598 Ι.
234 3551 278 3600 cit.
335 3546 360 3618 §-
377 3551 433 3600 33⁸.
451 3550 489 3613 Cf.
505 3552 528 3612 ξ.
544 3562 578 3601 24.
603 3549 658 3613 Uip.
674 3562 709 3613 26,
724 3562 745 3602 8.
768 3547 817 3599 Tit.
832 3549 898 3600 Lae
907 3546 955 3597 SC.
978 3548 1084 3598 Tertull.

119 3617 150 3684 (³,
164 3618 195 3686 s).
215 3619 247 3670 L.
261 3633 283 3672 9.
302 3622 325 3683 5.
341 3635 360 3672 1.
381 3621 413 3670 D.
429 3621 461 3670 de
475 3621 528 3670 reb.
544 3621 602 3670 dub.
619 3621 664 3687 (et,
679 3623 710 3685 5).

831 3704 882 3758 19·
