2542 3909
171 164 236 231 560
425 185 492 223 mu
509 185 605 225 sivan
622 187 694 222 raso.
714 167 746 222 v.
766 174 808 221 aa.
828 173 871 221 aa.

171 314 285 373 mendas
306 323 365 385 est,
387 323 419 372 ut
439 308 510 387 ’sit‚¹
532 317 561 371 in
575 308 660 389 'quo²
681 315 820 389 stipulatio
835 316 1032 372 committatur:
1048 312 1128 370 aliter

170 401 242 455 enirn
257 407 331 456 recte
345 400 450 457 cauisse
464 415 519 457 non
534 399 652 456 uidetur.
695 394 721 455 7.
745 401 872 455 Assertor
894 400 917 454 si
938 405 1082 472 prouocet,
1098 398 1128 453 in

170 475 335 540 'eiusmodi³
351 484 456 539 tertiam
472 498 568 540 cauere
582 482 672 548 debet,
689 484 782 557 quanti
797 498 877 539 causa
891 474 1058 539 'aestimata⁴
1072 489 1126 537 est.

173 560 221 623 ⁵8.
242 565 272 622 ln
294 566 418 624 omnibus
439 568 600 641 pecuniariis
621 567 710 624 causis
733 568 819 641 magis
838 574 895 639 est,
919 574 949 622 ut
968 568 996 622 in
1020 567 1128 622 tertiam

169 658 273 725 partem
287 652 346 707 eius
361 653 491 725 pecuniae
505 659 643 709 caueatur.

325 796 391 839 atr.
406 794 513 837 xmv.
541 795 584 837 Dte
598 792 795 838 mmssouns
809 791 969 837 aleaume.

232 876 258 940 1.
280 873 339 937 ‘ub
355 896 399 952 eo,
414 896 430 936 a
445 896 500 954 quo
516 879 680 956 appellatum
695 889 747 949 est,
762 880 794 936 ad
810 896 882 952 eum,
898 878 994 953 quide
1009 878 1128 955 appella·

170 966 245 1021 tione
267 966 429 1039 cogniturus
451 971 510 1035 est,
538 965 643 1021 litterae
666 964 833 1020 dimissoriae
860 963 1030 1037 diriguntur,
1058 980 1128 1036 quae

171 1047 256 1123 uulgo
279 1047 399 1121 apostoli
420 1046 606 1123 appellantur3
636 1064 750 1123 quorum
779 1047 927 1121 postulatio
956 1056 984 1104 et
1005 1050 1128 1122 acceptio

169 1133 241 1189 intra
262 1133 387 1207 quintum
409 1130 479 1188 diem
502 1148 535 1187 er
557 1124 667 1188 oliioio'
690 1132 810 1189 iacienda
832 1140 883 1192 est.
931 1127 960 1188 2.
983 1130 1034 1199 ont
1055 1133 1129 1189 intra
1260 1184 1261 1207 ζ

171 1225 291 1291 tempora
306 1217 466 1289 praestituta
481 1215 647 1272 dimissorias
662 1232 716 1272 non
735 1215 916 1290 postulauerit
931 1214 976 1271 nel
991 1217 1126 1289 acceperit
1139 1225 1202 1275 [465]

170 1299 214 1357 uel
244 1298 410 1371 reddiderit,
437 1300 651 1373 praescriptione
677 1298 709 1355 alr
738 1299 843 1374 agendo
865 1298 1044 1357 submouetur
1070 1293 1129 1355 ’et⁸

168 1399 283 1458 poenam
298 1382 486 1457 appellationis
500 1382 601 1439 inierre
617 1384 735 1457 cogitur.

218 1516 284 1560 TIT·
299 1517 391 1560 XXXV·
420 1516 463 1557 nu
477 1515 657 1559 annuemus
673 1516 781 1561 CAVSIS
796 1516 1067 1561 ffeuuudrtortvrr.

231 1598 257 1657 1.
280 1592 425 1657 ⁹lieritum
448 1600 634 1674 appellationis
649 1619 745 1660 causae
760 1602 880 1677 capitalis
902 1613 929 1661 et
950 1604 1091 1678 ’personae
1099 1597 1129 1641 ¹⁰

71 1726 74 1731 .
166 1676 317 1741 'rationefl
342 1691 429 1740 status
451 1700 507 1742 nan
528 1687 580 1741 nisi
601 1701 652 1759 per
673 1695 781 1744 nosmet
795 1689 869 1761 ipsos
885 1690 1013 1762 prosequi
1028 1706 1128 1762 possu-

170 1784 245 1824 mus:
268 1783 348 1824 nemo
371 1768 442 1825 enim
464 1767 560 1825 absens
582 1777 629 1826 aut
651 1769 712 1826 duci
733 1772 762 1827 in
784 1774 943 1829 seruitutem
965 1780 1056 1845 potest
1078 1782 1129 1831 aut

166 1844 328 1910 damnarl.¹²
363 1848 392 1909 2.
418 1844 609 1910 ¹³lioratorias
624 1853 820 1927 appellationes
834 1862 863 1913 et
878 1871 933 1927 eas,
948 1871 1016 1929 quae
1031 1855 1063 1912 ab
1078 1873 1128 1913 er·

168 1936 339 1994 secutoribus
355 1943 383 1994 et
398 1936 529 1994 confessis
547 1936 626 2006 liunt,
641 1938 723 2011 recipi
738 1954 793 1995 non
807 1938 917 2013 placuit.
959 1934 990 1997 3.
1012 1932 1124 2010 14Ειιιιι,

170 2021 216 2094 qui
228 2019 356 2095 appellat,
368 2036 427 2077 cum
442 2022 565 2078 conuicio
576 2022 662 2094 ipsius
676 2020 771 2079 iudicis
784 2022 920 2096 appellare
930 2038 985 2081 non
998 2032 1125 2097 oportet3

168 2104 302 2177 ideoque,
317 2103 390 2176 quod
405 2106 442 2164 ita
457 2105 556 2162 lactum
571 2111 629 2183 est,
654 2104 764 2161 arlritrio
780 2100 943 2179 principis¹⁶
959 2106 1126 2165 uindicatur.

243 2251 263 2319 ¹)
278 2255 339 2304 sciat
354 2254 415 2304 ΟΜ.
436 2265 456 2306 a.
472 2266 506 2313 9.,
524 2255 591 2304 unde
609 2253 708 2306 Sodali.
728 2258 760 2319 ej.
780 2257 869 2306 sciatur
887 2258 983 2307 collata
1001 2258 1024 2319 5.
1040 2258 1124 2308 atil.

163 2325 201 2375 de
216 2324 286 2375 oerlr.
300 2324 349 2375 obl.
369 2323 405 2390 (a,
424 2323 474 2390 ro);
494 2340 581 2375 oerum
600 2324 710 2375 Paullus
728 2340 779 2376 aon
797 2333 893 2376 certum
906 2328 1036 2391 pecuniae
1056 2343 1124 2377 eum·

169 2410 248 2457 mam,
269 2394 315 2444 aed
332 2395 431 2445 modum
447 2409 549 2458 poenae
566 2397 711 2461 siqnidem,
730 2398 809 2446 aelati
826 2398 929 2447 tertiam
945 2404 1048 2462 partem
1068 2401 1126 2448 eius

161 2464 417 2599 tfittt‘ttttit
427 2462 1125 2602 titii.....liiiiiiitlidifita..

164 2617 254 2655 cursa
267 2616 415 2653 anamma
428 2600 494 2661 ssr’,
509 2619 588 2667 eaque
602 2605 680 2655 oerba
690 2608 823 2669 pararint
837 2607 919 2670 ipsias
932 2610 1070 2658 cautionis.

169 2671 192 2741 ⁴)
206 2672 352 2723 aestimande
369 2672 412 2722 Cd.
427 2683 475 2732 aa„
491 2675 559 2737 qaod
571 2676 774 2738 praeferendam
789 2677 904 2735 uidetur,
918 2679 971 2727 nisi
984 2680 1064 2727 mauis
1077 2679 1126 2728 erit

162 2760 218 2809 pro
232 2750 277 2793 est.
329 2741 351 2809 ⁶)
364 2743 409 2792 Ex
424 2743 468 2793 od.
488 2744 547 2795 Ver.
562 2752 587 2795 et
600 2757 633 2797 aa.
655 2746 692 2809 Cf.
710 2745 766 2796 Gai.
781 2759 803 2806 4,
817 2758 864 2798 1⁷1.
886 2747 938 2797 oie.
948 2763 1001 2811 pra
1016 2748 1124 2799 Boset.

244 2814 292 2865 tit.
312 2813 450 2864 XXXIV.
488 2811 560 2880 ⁰)Cf.
571 2815 602 2865 L.
614 2832 656 2866 ua.
671 2817 703 2865 D.
715 2818 746 2866 de
756 2816 799 2867 tit.
810 2818 906 2868 dimisa.
917 2815 962 2883 (49,
973 2818 1003 2883 a).
1051 2816 1073 2883 ς)
1084 2818 1123 2882 Of.

172 2884 201 2934 L.
217 2901 259 2935 un.
275 2887 298 2946 ξ.
313 2895 334 2935 2.
353 2884 385 2933 D.
396 2885 451 2936 eod.
468 2885 501 2935 L.
511 2896 531 2937 o.
549 2885 574 2935 0.
589 2887 621 2936 de
635 2889 728 2951 appell.
739 2886 770 2954 (a,
780 2885 825 2953 aa).
874 2885 895 2954 8)
909 2887 955 2939 Sic
966 2888 1028 2938 aad.
1039 2890 1124 2954 (quat-

164 2964 231 3006 tuor
246 2963 329 3006 tamen
344 2954 403 3021 om.)
417 2971 461 3005 neo
476 2963 551 3007 aatea
565 2972 600 3007 ex
614 2957 726 3008 Boeoeri
739 2960 772 3021 qp'.
786 2959 918 3009 edideram
923 2975 933 3015 ,⁴
946 2960 993 3009 aed
1006 2975 1054 3009 neo
1067 2962 1124 3009 eius

163 3028 239 3076 ,iusta
252 3028 392 3090 appellatio
407 3028 516 3086 uidetur,
531 3029 575 3092 qui
585 3028 729 3079 inclinatam
739 3043 790 3078 nan
800 3044 834 3078 ear
843 3030 936 3080 ordine
948 3032 1123 3094 prosequitur.

244 3096 293 3148 atr.
311 3096 400 3147 XXX
406 3093 436 3148 V.
466 3094 487 3163 9)
500 3098 538 3161 Os.
548 3098 580 3147 L.
591 3111 612 3149 1.
630 3098 664 3147 D.
674 3114 708 3148 aa
719 3114 769 3162 per
784 3101 862 3149 alium
876 3115 946 3152 caue.
962 3116 1022 3165 app.
1034 3098 1079 3166 (49,
1090 3098 1123 3166 a).

168 3164 205 3233 ³⁰)
221 3168 297 3231 ipsam
312 3167 362 3234 (oei
376 3170 441 3231 ipsae
455 3171 495 3218 uel
509 3166 571 3233 ipsa)
589 3167 650 3218 odd.
666 3170 733 3228 edd,
747 3177 833 3219 natum
848 3177 876 3221 ui
885 3178 950 3235 puta
964 3186 999 3221 eac
1013 3174 1078 3233 piae.

171 3234 205 3303 ¹¹)
220 3236 265 3288 Sic
278 3240 351 3288 malti
362 3238 424 3288 Gdd.
434 3239 550 3287 rationem
560 3238 610 3304 (oei
620 3240 681 3289 ratio
691 3242 730 3289 uel
739 3238 848 3306 rationis)
859 3243 980 3306 plerique
991 3241 1053 3292 oda.
1064 3242 1122 3292 edd.

172 3304 205 3374 ¹²)
220 3310 237 3358 i.
253 3324 275 3359 e.
290 3310 385 3371 capitis
399 3308 527 3367 damnari,
542 3315 570 3357 at
583 3324 659 3372 saepe
674 3312 748 3360 alias.
803 3307 835 3377 1⁸)
851 3312 889 3374 Cf.
901 3312 932 3361 L.
944 3324 963 3364 t.
983 3312 1015 3360 1).
1031 3314 1063 3361 de
1077 3328 1123 3375 ap·

159 3380 255 3442 pellat.
270 3380 351 3441 reeip.
368 3376 413 3443 (tt,
427 3376 459 3443 t).
479 3377 511 3427 L.
528 3391 548 3429 1.
562 3389 583 3430 a.
607 3380 651 3429 Ta.
669 3380 694 3429 C.
710 3396 784 3444 quor.
799 3384 891 3445 appell.
907 3399 932 3433 n.
947 3397 999 3433 rec.
1016 3380 1062 3447 (ιι,
1077 3381 1123 3449 ao).

171 3444 204 3513 ¹⁴)
222 3448 259 3512 Of.
274 3464 356 3512 supra
369 3458 391 3506 a,
404 3459 426 3498 t.
446 3450 468 3510 5.
483 3460 517 3500 18.
536 3448 568 3497 L.
583 3460 604 3500 e.
627 3450 660 3499 D.
680 3451 711 3500 de
729 3454 850 3515 appellat.
870 3450 965 3518 (49,1).
1033 3449 1067 3518 ιβ)
1080 3453 1127 3502 Aa

161 3532 240 3579 quem
254 3519 401 3581 adpeliaoit.
