2542 3909
279 238 383 274 nemu
400 237 542 274 emmens
559 239 725 276 enncunnns
743 239 949 275 nnnonsnnnsu.
1036 223 1099 288 437

134 385 226 457 potnit
246 383 435 438 hereditatem
456 383 597 439 adeundo.
634 380 717 455 idque
739 383 833 456 optimi
850 382 1010 456 maximique
1025 383 1101 456 prin-

133 468 210 541 cipes
224 471 319 524 nostri
337 470 553 538 rescripserunt
574 473 601 523 et
621 470 764 524 sententia
786 466 840 523 diui
857 467 981 523 Hadriani
997 469 1024 523 in
1039 483 1101 542 per·

133 568 201 608 sona
216 551 342 608 Cornelii
356 551 501 608 Prisciani
516 550 724 614 demonstrauit.

200 633 231 692 8.
256 631 302 710 [L.
321 639 366 691 22.
389 636 427 691 D.
447 637 562 692 debon.
580 651 660 706 poss.
676 651 702 694 c.
718 643 735 692 t.
752 639 799 706 37,
818 630 852 712 4]
882 636 1017 693 Bonorum
1038 653 1103 710 pos·

136 722 259 776 sessione
274 728 369 776 contra
391 719 498 776 tabulas
512 713 701 794 emancipato¹
719 723 866 794 praeterito
889 719 945 777 filia
960 721 1022 776 data
1036 723 1103 777 scni-

136 813 201 879 pius
215 805 294 860 heres
310 804 379 860 aiter
394 802 477 876 filius,
498 805 545 878 qui
559 806 761 878 possessionem
777 806 880 878 accepit
896 804 941 861 uel
956 807 1014 861 iure
1029 805 1102 860 ciuili

117 951 120 954 ,
137 897 282 946 contentus
298 905 354 944 non
369 890 483 962 occepit,
498 886 588 962 legata
603 889 749 963 praecipue
764 905 819 944 non
835 888 953 949 habebit.

201 973 338 1029 PAVLVS.
373 972 444 1046 Ergo
465 975 493 1028 in
515 971 587 1043 filio,
609 975 656 1046 qui
675 974 796 1030 coheres
816 977 944 1045 scriptus
963 975 1102 1030 bonorum

134 1062 343 1130 possessionem
355 1059 446 1131 potuit
455 1065 562 1129 petere,
575 1066 670 1114 eontra
682 1057 850 1130 seruabitur,
862 1051 943 1115 ²siue
954 1059 1102 1115 hereditas

137 1144 177 1199 ad
191 1159 252 1198 eum
268 1146 412 1216 pertineat
427 1149 537 1199 tantum
552 1146 618 1199 iure
633 1145 722 1214 ciuili,
738 1146 797 1199 siue
808 1141 942 1199 bonorum
957 1146 1102 1216 possessio

157 1246 192 1285 uo
213 1243 258 1284 ue.

136 1243 153 1299 q
193 1245 230 1368 qi).
253 1310 426 1384 Papinianus.
458 1309 533 1367 Filia
555 1304 585 1366 in
605 1327 685 1367 causa
708 1303 933 1391 (cons)esendae
953 1314 1027 1370 dotis
1052 1327 1102 1366 ac·

137 1404 219 1469 cepte
234 1393 367 1451 bonorum
383 1396 558 1469 possessione
573 1403 670 1452 contra
690 1396 795 1453 tabulas
811 1403 857 1451 aut
872 1397 993 1453 intestati
1009 1397 1102 1452 dotem

132 1479 275 1554 fratribus
291 1471 448 1557 (con)ierse
464 1496 518 1535 non
534 1481 654 1554 cogitur.
676 1545 690 1568 ι

198 1645 245 1706 10.
270 1641 319 1728 [In
343 1651 525 1721 adoptionem
549 1640 636 1706 dairas
667 1652 746 1722 fitius
771 1651 859 1707 iteres
888 1653 1048 1718 institutus,
1079 1651 1105 1706 si

137 1737 268 1791 condicio
283 1737 468 1791 institutionis
483 1738 640 1804 extitisset,
663 1738 811 1792 commisso
826 1751 882 1807 per
898 1739 985 1792 alium
1001 1737 1101 1804 edicto,

138 1821 257 1875 eandem
272 1813 372 1896 quum]
391 1821 593 1891 emancipatus
607 1819 744 1876 bonorum
764 1820 966 1893 possessionem
982 1816 1103 1888 heberet,

137 1904 254 1976 ideoque
276 1904 376 1959 tiberis
391 1909 419 1959 et
432 1902 597 1975 parentibus
613 1904 700 1978 primo
717 1903 780 1960 loco
800 1906 897 1978 iepata
914 1903 1011 1960 relicta
1027 1918 1102 1976 prae-

136 1996 235 2059 staret,
250 2003 319 2060 quae
341 2003 397 2044 non
416 1988 574 2061 praestabit,
594 1992 621 2044 si
641 1987 766 2044 condicio
783 1989 964 2045 institutionis
981 1986 1088 2059 defecit
1095 2012 1103 2041 .-

137 2081 164 2131 et
180 2080 250 2128 tunc
263 2075 314 2145 qui
326 2073 516 2128 hereditatem
530 2071 671 2142 adierunt,
694 2071 792 2127 tabuiis
812 2089 923 2145 quiaque
938 2087 993 2127 non
1009 2073 1103 2146 sipna-

136 2162 185 2228 tis,
209 2163 328 2213 tuentur
333 2180 343 2220 ;
364 2154 486 2212 defertur
501 2156 570 2210 enim
587 2173 621 2212 ne
638 2159 805 2230 nuncupatis
827 2158 939 2232 quidem
954 2159 1053 2226 aliter,
1076 2165 1103 2213 ei

135 2243 275 2318 possessio
287 2242 345 2296 eius
357 2240 443 2297 ualuit
455 2256 510 2296 non
523 2244 609 2315 menis
618 2259 705 2314 qnam
718 2243 837 2313 ualeret,
853 2243 876 2297 si
888 2243 990 2315 primus
1003 2241 1103 2316 gradus

137 2334 241 2399 ruptus
256 2317 357 2381 esset.³

198 2407 240 2468 11.
261 2410 299 2466 In
320 2425 353 2466 eo
372 2411 478 2484 prada,
501 2428 520 2465 a
540 2426 596 2483 quo
619 2410 800 2466 exheredatus
817 2427 871 2467 non
892 2410 953 2481 suit,
976 2419 1103 2484 postumo

137 2502 242 2553 contra
263 2495 379 2551 tabutas
399 2497 447 2552 uei
461 2496 697 2567 nuncupationem
718 2495 774 2568 peti
794 2511 874 2569 posse
890 2493 1023 2551 bonorum
1040 2512 1103 2568 pos·

136 2581 286 2636 sessionem
304 2580 418 2651 placuit
425 2603 435 2643 ,·
453 2582 510 2653 iepi
538 2578 668 2636 Veila'eac
687 2581 759 2636 enim
780 2596 834 2636 non
858 2579 1022 2651 offenditur,
1039 2597 1103 2637 cum

137 2682 193 2722 non
209 2669 255 2734 sit,
272 2670 303 2720 ut
319 2667 377 2720 eius
393 2662 510 2735 heredis,
527 2665 574 2736 qui
589 2664 677 2737 legem
693 2663 823 2738 excludit,
840 2666 1060 2722 testamentaria.

198 2744 243 2805 12.
267 2749 317 2805 Ex
330 2751 390 2822 fitia
406 2749 513 2805 herede
521 2747 599 2819 facio
611 2764 698 2822 nepos
710 2748 790 2804 alium
802 2756 970 2806 extraneum
982 2766 1103 2823 sequens

137 2833 302 2891 substitutus
312 2841 408 2890 contra
419 2833 536 2890 tabulas
547 2834 685 2891 bonorum
695 2836 906 2906 possessionem
919 2852 975 2890 non
986 2837 1104 2908 accipit,

136 2920 265 2993 qnoniam
277 2909 331 2996 (e)i
347 2934 403 2974 non
418 2919 543 2992 prodest,
560 2920 638 2991 quod
650 2923 744 2990 priano
756 2919 792 2976 ab
804 2937 860 2977 auo
874 2934 926 2975 suo
938 2919 1103 2992 praeteritus

135 3012 189 3075 est,
205 3019 285 3076 quem
300 3009 388 3074 pater
397 3004 554 3075 praecedit
564 3009 633 3075 post
648 3019 846 3063 successurum.
882 3003 888 3012 '

199 3082 246 3144 13.
267 3088 339 3144 Iure
354 3090 434 3144 ciuili
449 3091 535 3159 tueri,
551 3089 599 3160 qn'i
615 3104 672 3144 non
688 3088 747 3143 iure
762 3087 926 3159 honorario,
942 3094 1051 3160 potest,
1073 3094 1104 3142 ut

136 3175 187 3246 qui
200 3176 291 3229 uxori
305 3174 351 3227 uel
367 3189 445 3229 uxor
460 3171 485 3227 ei
500 3173 673 3227 matrimonio
689 3173 829 3228 successit.

211 3319 231 3387 ¹)
245 3323 324 3373 Hanc
338 3338 424 3374 vocem
438 3325 556 3374 omissam
569 3323 740 3387 supplendam
753 3337 821 3382 esse,
838 3330 921 3373 monet
936 3324 962 3371 in
970 3323 1027 3444 sne
1042 3329 1103 3371 nota

139 3394 243 3449 Graeca
260 3397 422 3445 correctoris
443 3396 639 3444 interlinearis:
665 3395 731 3458 Pinp.
752 3393 796 3458 (=
816 3392 942 3460 Πίμπλη)
985 3388 1104 3451 istiusce

137 3467 288 3529 emancipato
309 3473 413 3529 praeter.
495 3462 667 3530 ²)Haatenus
688 3464 815 3514 librarius
837 3465 917 3515 Pauli
937 3473 1024 3516 notam
1040 3479 1103 3528 per·

132 3551 226 3599 peram
239 3537 280 3586 bis
292 3538 408 3600 scripsit.
482 3532 504 3601 ⁸)
520 3536 552 3585 ln
566 3537 684 3601 margine
697 3538 799 3601 piossae
814 3537 880 3586 duae
892 3539 990 3600 partin
1005 3535 1104 3585 Graece

136 3609 253 3670 scriptae
268 3610 319 3673 iepi
333 3623 384 3657 non
396 3613 546 3670 potuerunt.
