2542 3909
437 222 498 258 esar
515 223 612 259 merra.
630 203 680 258 Ill.
698 209 808 262 eti-at.
1040 207 1103 272 307

137 364 320 438 adoptandum
342 363 432 435 dedit,
454 381 564 438 quaeue
585 367 613 422 in
629 381 737 421 manum
760 367 898 438 conuenit,
922 365 1022 422 desinit
1043 383 1104 424 esse

136 443 262 517 ‘heres;¹
282 449 316 504 de
331 465 365 506 eo
381 465 464 520 uero,
487 449 561 523 quod
577 451 690 523 proprio
706 451 816 507 nomine
837 465 885 506 eae
905 466 1037 524 personae
1058 451 1105 508 de·

138 533 256 606 huerint,
271 533 335 589 licet
349 550 439 607 neque
453 542 531 607 pater
546 534 691 608 adoptiuus
708 543 834 591 teneatur
850 551 939 610 neque
955 537 1105 609 coemptio·

137 627 228 689 nator,
246 634 341 690 neque
351 620 411 692 ipse
422 619 541 694 quidem,
558 621 606 691 qui
620 618 660 676 ’se
676 623 703 675 ei
716 621 743 675 in
758 613 954 694 adoptionem²
967 619 1042 676 dedit
1059 623 1105 678 uel

138 719 205 776 quae
225 704 253 759 in
273 720 382 759 manum
399 704 537 773 conuenit,
560 713 666 760 maneat
688 703 824 778 obligatus
847 704 1017 778 obligataue,
1040 707 1104 778 quia

138 780 270 845 scilieet³
290 804 341 862 per
361 789 458 862 capitis
480 787 686 844 diminutionem
708 787 854 859 liberetur,
878 798 969 846 tamen
991 791 1019 844 in
1042 805 1104 846 eum

42 903 50 921 .
75 882 125 935 [eset
138 889 232 929 eamne
255 873 329 928 utilis
352 874 424 929 actio
447 872 527 928 datur
544 874 659 929 rescissa
676 867 681 949 l
697 873 792 946 capitis
814 873 1010 945 deminutione,
1033 882 1061 929 et
1081 876 1104 930 si
1116 880 1172 931 150.

139 956 269 1014 aduersus
285 957 355 1012 hanc
368 959 504 1014 actionem
527 973 583 1013 non
605 956 801 1022 defendantur,
825 974 894 1031 quae
917 957 987 1014 hona
1009 974 1104 1014 eorum

136 1040 228 1097 lutura
250 1041 384 1113 luissent,
406 1043 430 1098 si
450 1057 481 1098 se
495 1041 584 1098 alieno
606 1043 659 1097 iuri
681 1059 736 1098 uon
759 1039 952 1106 subiecissent‚
977 1043 1104 1099 uniuersa

136 1125 255 1182 uendere
272 1125 453 1184 oreditoribus
469 1134 579 1199 praetor
595 1119 760 1199 permittit.⁴

198 1207 246 1267 85.
275 1211 349 1267 Item
371 1213 397 1266 si
422 1213 510 1269 lueres
537 1209 686 1283 legitimam
715 1211 918 1280 hereditatem,
947 1218 1104 1285 antequam

136 1303 236 1352 cernat
251 1304 297 1352 aut
313 1311 363 1369 pro
379 1296 479 1352 herede
494 1302 583 1369 geret,
606 1294 654 1351 alii
666 1297 695 1351 iu
711 1295 770 1352 iure
785 1294 871 1364 cedat,
894 1293 975 1368 pleno
990 1297 1050 1352 iure
1074 1294 1104 1351 fit

136 1380 183 1435 ille
195 1379 283 1450 heres,
298 1381 342 1436 cui
358 1397 434 1436 cesse
446 1389 488 1436 est
499 1378 646 1450 hereditas,
656 1381 780 1452 perinde
792 1396 829 1435 ac
840 1383 866 1436 si
875 1383 1004 1452 ipseper
1014 1379 1104 1454 legem

136 1464 169 1520 ad
185 1464 362 1520 hereditatem
377 1473 538 1537 uocaretur3
559 1463 659 1536 quodsi
680 1473 860 1537 posteaquam
875 1464 957 1520 heres
973 1465 1103 1535 estiterit,

135 1549 264 1619 cesserit,
288 1548 375 1605 adhuc
396 1549 477 1606 heres
491 1555 625 1605 monetet
648 1547 682 1604 oh
706 1547 732 1603 id
756 1546 937 1605 creditoribus
954 1551 1012 1621 ipse
1029 1557 1103 1605 teue-

136 1631 223 1701 hitur;
245 1632 295 1690 scd
309 1650 354 1689 res
369 1633 525 1706 corporales
542 1632 694 1714 ‘transferet
715 1633 829 1706 proinde
850 1649 881 1687 ac
896 1635 918 1687 si
933 1632 1055 1706 singulas
1076 1637 1104 1688 in

135 1719 194 1773 iure
206 1717 346 1788 cessisset,
357 1717 448 1790 dehita
461 1732 528 1772 uero
539 1725 665 1790 pereunt,
682 1731 771 1787 eoque
783 1715 865 1771 modo
876 1715 1013 1772 debitores
1026 1717 1104 1774 here·

136 1802 229 1858 ditarii
242 1800 347 1857 lucrum
363 1800 476 1857 iaciunt.
509 1795 560 1858 ed.
576 1798 648 1855 ldem
665 1801 731 1854 iuris
747 1809 800 1872 est,
816 1802 840 1855 si
855 1809 1019 1858 testamento
1036 1803 1102 1858 scri-

135 1895 199 1960 ptus
215 1887 310 1956 heres,
324 1894 503 1959 posteaquam
518 1885 598 1942 heres
613 1885 752 1956 extiterit,
774 1887 802 1940 iu
821 1886 881 1940 iure
896 1887 1009 1942 cesserit
1025 1887 1104 1942 here·

135 1971 263 2037 dilatem,
292 1978 355 2025 ante
377 1969 477 2026 aditam
499 1985 565 2026 uero
597 1967 778 2025 hereditatem
800 1969 921 2026 cedendo
944 1969 1010 2025 nihil
1036 1971 1103 2044 agit.
1166 1965 1174 1980 '

136 2051 182 2112 87.
199 2053 271 2110 Suus
286 2062 376 2112 autem
392 2062 421 2110 et
435 2055 605 2111 necessarius
622 2047 666 2130 (et
681 2047 898 2127 νιεοεεεειυνίιε)6
913 2053 992 2110 heres
1007 2071 1040 2110 au
1056 2055 1105 2110 alis

136 2141 204 2213 quid
217 2133 325 2213 ’agmt5
338 2140 366 2194 in
381 2141 440 2195 iure
455 2139 593 2209 cedendo,
616 2139 776 2210 quaeritur:
800 2138 887 2193 nostri
911 2147 1103 2211 praeceptores

136 2224 204 2280 nihil
219 2240 267 2280 eos
282 2239 365 2298 agere
379 2224 549 2296 existimant3
566 2223 696 2279 diuersae
708 2222 818 2278 scholae
829 2229 954 2276 auctores
969 2221 1039 2277 idem
1055 2238 1103 2278 eos

136 2322 218 2381 agere
233 2315 339 2380 putant,
356 2307 430 2382 quod
446 2309 530 2364 ceteri
546 2316 610 2382 post
624 2307 722 2363 aditam
739 2305 932 2374 hereditatem3
949 2305 1015 2362 nihil
1031 2308 1103 2362 enim

134 2392 260 2464 interest,
278 2400 367 2448 utrum
380 2392 476 2464 aliquis
488 2392 625 2449 cernendo
638 2399 684 2446 aut
700 2407 751 2464 pro
767 2389 868 2446 herede
883 2389 1006 2464 gerendo
1022 2391 1103 2446 heres

135 2473 191 2546 hat,
209 2494 242 2533 au
258 2478 325 2534 ioris
339 2478 504 2526 necessitate
520 2471 663 2528 hereditati
678 2465 896 2546 adstringatur.⁶
912 2466 916 2549 Ι

207 2602 228 2669 ¹)
243 2603 346 2653 heredes
369 2603 397 2652 V
399 2600 426 2654 ἥ.
452 2605 568 2668 fortasse
587 2607 722 2672 tepentium
740 2614 792 2656 est:
815 2607 904 2656 desinit
917 2621 971 2656 esse
993 2609 1064 2657 heres
1079 2615 1103 2658 et

135 2674 232 2725 dehere.
311 2671 332 2740 ²)
348 2690 374 2724 sc
393 2675 462 2724 adem
482 2677 629 2739 inoptionem
649 2674 700 2726 V‘l.
724 2679 827 2727 incerte
846 2679 928 2743 ipitur
947 2693 969 2727 u.
986 2680 1008 2727 ei
1025 2681 1102 2729 etiam

134 2748 217 2795 omitti
226 2753 320 2810 potest.
388 2742 408 2811 ³)
422 2746 510 2796 Dubia
523 2749 658 2811 scripture
669 2749 786 2810 fortasse
797 2749 852 2812 fuit
866 2756 918 2798 scet
932 2749 953 2797 si
964 2771 997 2791 ==
1008 2751 1103 2800 scilicet

134 2814 293 2914 §abundante
313 2816 344 2882 si)
364 2824 410 2866 aut
428 2819 464 2867 scl
483 2825 507 2866 et
526 2819 599 2866 hi=
614 2819 708 2868 scilic-ct
723 2820 785 2870 ethi
801 2818 932 2886 (sequente
949 2820 1101 2888 liberentur).

147 2886 232 2953 )Norr
251 2889 303 2937 duo
322 2903 413 2937 versus
432 2889 528 2938 litteris
544 2891 623 2939 uacui
641 2897 797 2954 sequuntur,
816 2897 844 2940 ut
861 2889 993 2942 Gdaoiteno
1013 2895 1102 2952 uisum,

133 2958 182 3007 sed
199 2974 266 3008 nnuc
279 2958 403 3009 rubricae
418 2960 569 3010 destinatus.
607 2963 634 3010 in
650 2963 733 3012 altero
748 2969 772 3011 et
788 2969 880 3025 postea
899 2977 965 3027 quae
984 2965 1037 3028 lepi
1050 2979 1102 3012 nom

128 3036 286 3092 potuerunt,
300 3031 450 3080 adsensum
465 3046 500 3080 em
518 3031 546 3080 V
547 3028 568 3063 Ι*
580 3033 705 3096 supplevi.
746 3033 861 3082 Ceterum
875 3034 907 3082 de
921 3045 946 3095 tt,
961 3044 1050 3086 85-87
1065 3033 1100 3096 cf.

133 3101 161 3148 in
172 3101 289 3164 praefat.
300 3117 329 3164 p.
343 3113 390 3153 162.
406 3103 485 3152 dicta.
543 3099 564 3169 ⁶)
579 3110 633 3165 ngat
650 3104 674 3153 0.
691 3105 758 3153 unde
773 3104 805 3153 de
819 3106 924 3169 culpari
938 3106 1101 3154 correctione

132 3179 206 3234 agant
224 3179 249 3222 et
266 3173 298 3221 de
316 3175 491 3237 supplemento
512 3175 582 3238 quod
599 3176 739 3224 secundum
762 3174 931 3224 trimembrem
950 3175 1101 3224 divisionem

131 3255 157 3298 u,
177 3254 223 3295 152.
244 3244 339 3293 addidi
356 3251 382 3293 et
400 3260 468 3293 anne
482 3247 573 3308 potius
589 3253 680 3310 postea
695 3261 747 3309 pro
767 3261 808 3295 eos
828 3246 867 3295 his
883 3244 1047 3295 scribendum
1066 3248 1101 3294 sit

131 3329 200 3377 cnm,
215 3315 333 3364 dubitari
342 3318 444 3378 poseit;
462 3318 509 3365 sed
521 3318 592 3366 ratio
611 3319 639 3366 im
655 3319 707 3379 fine
727 3317 819 3366 addita
838 3318 972 3366 lectionem
986 3324 1101 3367 nostram

130 3388 275 3449 confirmet.
351 3383 371 3449 ⁶)
391 3385 516 3452 Sequitur
534 3389 604 3437 linea
623 3404 680 3437 eum
694 3390 825 3452 sequentis
839 3405 861 3437 o.
877 3388 966 3446 initio,
985 3403 1020 3437 eoo
1034 3387 1099 3436 Irast.

128 3459 261 3520 suppleto,
277 3459 373 3507 litteris
386 3473 479 3508 uacua.

203 3577 247 3650 ἐξ.
263 3583 379 3633 85-87.
400 3583 438 3646 Of.
454 3595 475 3646 e,
489 3593 585 3635 att-aa.
