2542 3909
306 198 412 233 nomru
431 198 537 235 vurmm
555 199 653 235 runem.
673 182 719 237 VI.
739 181 877 236 14.-—VII.
897 188 922 235 3.
1030 180 1094 245 579

137 332 175 386 ita
197 326 250 401 (ut)
276 336 389 401 propter
417 329 530 385 maiores
558 346 648 385 mores
677 336 846 403 praesentem
874 328 966 386 dotem
992 329 1096 399 reddat,

58 424 125 474 [esst
137 421 252 488 propter
275 412 393 467 minores
422 428 516 467 senum
545 429 666 469 mensum
692 414 744 470 die.
790 415 871 471 inea
894 422 1000 485 autem,
1027 428 1097 487 quae

136 513 266 571 praesens
288 495 364 551 reddi
388 496 474 563 solet,
504 504 607 552 tantum
630 514 662 553 eu
684 496 818 554 fructibus
839 498 950 554 iubetur
972 497 1096 568 reddere,

137 590 270 697 quaintum
291 578 380 635 inilia
403 579 485 651 dote,
508 597 579 653 quae
602 584 716 638 triennio
732 582 869 648 redditur,
892 582 1097 656 'repraesenta-

137 667 175 721 tio
212 664 287 721 facit.
563 712 564 716 ,
970 712 973 715 ,

194 745 239 808 14.
269 741 472 821 ²Impensarum
488 750 591 822 species
606 757 672 805 sunt
689 758 762 806 tres:
783 757 831 806 ant
846 752 916 805 enirn
931 750 1098 805 necessariae

139 833 279 905 dicuntur,
301 840 347 887 aut
369 831 466 903 utiles,
490 843 535 889 aut
550 832 745 907 uoluptuosae.
781 830 825 891 ln.
848 833 1019 890 Necessariae
1034 840 1099 887 sunt

140 918 298 991 impensae,
319 915 416 989 quibus
432 932 486 973 non
502 918 581 975 iactis
595 917 648 974 dos
662 918 782 973 deterior
796 917 887 973 sutura
903 925 961 988 est,
982 916 1060 973 uelut
1074 916 1098 971 si

139 1003 201 1075 quis
222 1002 347 1057 ruinosas
369 1000 448 1056 aedes
471 1002 604 1058 refecerit.
649 999 691 1058 16.
717 1001 799 1057 Vtiles
819 1009 899 1070 sunt,
922 999 1020 1073 quibus
1042 1015 1098 1055 uon

139 1086 217 1141 iactis
248 1086 355 1159 quidem
386 1084 505 1141 deterior
534 1085 585 1142 dos
614 1102 670 1141 nou
696 1085 795 1157 suerit,
824 1085 902 1141 iactis
930 1092 1019 1139 autem
1042 1082 1099 1138 iru-

139 1171 264 1227 ctuosior
279 1168 372 1225 effecta
387 1178 446 1241 est,
468 1170 554 1225 ueluti
569 1171 592 1225 si
607 1164 707 1243 ⁹(uir)³
727 1170 818 1226 uineta
833 1177 861 1224 et
877 1169 977 1225 olineta
992 1167 1097 1223 iecerit.

138 1250 181 1311 17.
205 1253 395 1327 Voluptuosae
423 1262 503 1324 sunt,
533 1252 629 1327 quibus
658 1269 745 1326 neque
768 1252 875 1309 omissis
903 1252 1023 1308 deterior
1047 1250 1100 1306 dos

139 1331 265 1409 ’fueriti
286 1353 374 1411 neque
397 1336 473 1393 iactis
495 1338 665 1394 fructuosior
683 1337 777 1393 edecta
792 1345 849 1405 est3
873 1338 949 1410 quod
965 1335 1057 1391 euenit
1071 1335 1098 1389 in

139 1421 285 1478 uiridiariis
302 1429 329 1477 et
345 1422 459 1496 picturis
475 1420 659 1494 similibusque
674 1421 766 1477 rebus.
782 1440 801 1479 s
813 1438 831 1478 a
845 1415 883 1477 *⁵

141 1542 220 1607 6'1⁴1‘l'.
236 1563 293 1607 vn.
318 1564 361 1605 DE
376 1564 449 1605 IVRE
465 1564 672 1607 DONATIONVM
686 1565 783 1607 tumuit
796 1566 895 1607 vlttvu
908 1565 948 1605 ΕΤ
962 1561 1099 1607 VXOREM.

203 1648 228 1710 1.
251 1642 346 1707 ⁷1nter
367 1651 454 1706 uirum
470 1658 498 1705 et
513 1666 625 1706 uxorem
640 1650 750 1707 donatio
770 1667 826 1707 non
842 1650 929 1721 ualet,
951 1650 1003 1705 nisi
1018 1651 1100 1706 certis

142 1752 174 1793 en
189 1736 294 1806 causis,
310 1734 336 1791 id
352 1742 394 1789 est
409 1736 504 1789 mortis
521 1750 611 1805 causa,
627 1734 740 1790 diuortii
754 1739 849 1805 oausa‘,
869 1734 942 1790 serui
958 1735 1100 1789 manumit-

142 1819 215 1876 tendi
233 1820 329 1893 gratia.
364 1817 421 1873 Hoc
436 1818 549 1891 amplius
564 1817 755 1891 principalibus
771 1811 1020 1889 conlstitutionibus
1035 1833 1099 1872 con·
1113 1818 1200 1887 tuabi

141 1918 248 1960 cessum
270 1910 313 1957 est
332 1900 438 1957 mulieri
453 1901 480 1956 in
496 1902 549 1957 hoo
565 1901 666 1958 donare
688 1903 749 1957 uiro
771 1918 836 1971 suo,
857 1909 886 1956 ut
901 1903 924 1955 is
939 1899 971 1955 ab
986 1902 1099 1973 impera·

142 1997 202 2043 tore
217 1985 273 2042 lato
288 1985 367 2041 clauo
384 1984 426 2040 uei
443 2000 514 2058 equo
530 1984 637 2058 publico
653 1985 768 2041 similiue
782 1984 887 2041 honore
902 1984 1061 2040 honoretur.

204 2065 233 2126 2.
257 2062 304 2125 8Si
321 2070 432 2124 'marito
449 2063 539 2125 uxor⁹
555 2069 668 2125 diuortii
682 2084 761 2126 causa
777 2084 822 2126 res
838 2069 987 2137 amoueri,
1007 2083 1097 2123 rerum

142 2170 252 2228 quoque
268 2161 416 2209 amotarum
432 2154 537 2209 actione
553 2153 698 2209 tenebitur.

204 2234 233 2295 8.
257 2236 285 2293 Si
302 2238 413 2293 maritus
428 2253 478 2310 pro
500 2236 612 2292 muliere
633 2253 663 2292 se
679 2235 840 2309 obligauerit
860 2234 904 2291 uei
920 2236 946 2290 in
962 2250 1018 2291 rem
1039 2236 1098 2290 eius

141 2321 310 2395 inpenderit,
328 2320 447 2376 diuortio
464 2320 537 2377 iacto
553 2322 708 2377 eonomine
723 2336 820 2378 cauere
835 2318 886 2375 sibi
901 2318 973 2375 solet
987 2318 1099 2391 stipula·

141 2408 215 2461 tione
233 2404 382 2460 tribunicia.
392 2396 417 2437 ¹⁰

216 2551 236 2618 ¹)
250 2555 386 2618 repensatio
402 2553 514 2618 (factum
532 2570 566 2603 ea:
580 2555 727 2618 rebsentatio
745 2556 848 2605 ratione
866 2556 995 2619 sequentis
1012 2568 1099 2618 repen-

141 2638 222 2674 surum
231 2639 284 2688 pro
298 2624 475 2690 Impensarum)
495 2625 553 2675 Vct.
564 2626 604 2674 ed.
614 2624 663 2689 By.
716 2620 737 2690 ¹)
752 2625 796 2674 Ad
808 2626 849 2687 ἐξ.
864 2638 960 2677 14-1'1.
975 2627 1010 2689 ef.
1021 2624 1053 2679 L.
1065 2638 1099 2677 to.

139 2696 173 2744 D.
189 2695 221 2744 de
235 2694 303 2744 uerb.
318 2696 385 2759 sign.
400 2694 449 2759 (uo,
468 2694 513 2759 16).
540 2694 588 2745 Tit.
603 2696 636 2744 D.
652 2696 684 2744 de
698 2696 802 2759 imperas.
823 2698 850 2744 in
869 2711 913 2746 res
931 2697 982 2746 dot.
1003 2694 1098 2762 (85,1).

140 2766 172 2815 L.
189 2782 231 2815 un.
247 2766 271 2827 ἕ.
285 2775 306 2817 n.
328 2765 353 2814 0.
369 2766 400 2814 de
414 2768 455 2814 rei
469 2780 546 2815 uxor.
561 2772 611 2815 aot.
627 2764 659 2832 (5,
673 2764 719 2831 13).
798 2762 963 2831 ³)Suppleoi.
988 2767 1101 2816 Excidit

141 2837 172 2887 ob
190 2850 298 2900 sequens
315 2836 403 2885 uineta.
434 2836 472 2900 Cf.
492 2846 517 2895 tt,
536 2847 556 2885 u.
577 2843 626 2886 not.
643 2848 677 2886 12.
705 2836 744 2885 De
763 2840 878 2899 exempto
899 2837 950 2886 Cic.
971 2853 1062 2902 ayror.
1078 2848 1099 2887 2.

140 2909 179 2969 §5-
193 2918 228 2957 48.
244 2916 278 2957 6‘1.
297 2905 411 2969 Appiani.
426 2906 458 2955 de
472 2906 603 2965 b.e.1,18.
655 2901 676 2971 4)
692 2907 760 2956 tieret
779 2907 837 2957 Vnt.
852 2906 901 2971 89.
912 2908 951 2958 ed.
1004 2905 1025 2971 ⁶)
1040 2907 1099 2957 Duo

140 2984 239 3027 tantum
253 2977 402 3026 desiderari
415 2977 548 3036 videntur,
567 2977 670 3041 quondo
689 2976 719 3026 ob
734 2979 861 3041 impensas
879 2978 990 3026 retineri
1004 2979 1100 3039 possit,

140 3048 255 3111 definitio
270 3053 295 3096 et
308 3049 477 3097 retentionum
492 3047 522 3099 ob
536 3062 579 3097 res
593 3048 704 3097 donatas
717 3054 742 3096 et
756 3048 786 3097 ob
800 3062 844 3095 res
853 3054 951 3097 amotas
960 3049 1097 3110 expositio.

141 3115 162 3182 ο)
182 3118 308 3180 Ulpianus
322 3119 348 3167 in
363 3118 416 3175 bis,
436 3134 500 3182 quae
519 3126 673 3183 sequuntur,
693 3133 743 3167 non
758 3119 886 3181 proprias
903 3119 1026 3167 materias
1044 3124 1100 3167 tra·

141 3195 224 3239 crasse
242 3188 289 3237 sed
306 3190 439 3237 materiam
457 3190 489 3238 de
508 3190 566 3239 dote
584 3190 620 3238 od
634 3190 712 3251 finem
726 3189 884 3252 perduxisse
898 3188 1033 3251 putandos
1052 3195 1099 3246 est,

140 3260 240 3309 addens
260 3260 297 3308 ad
317 3261 486 3309 retentionem
508 3262 561 3319 ius,
583 3274 648 3324 qnae
672 3261 699 3307 in
721 3261 833 3323 singulis
855 3274 944 3307 earum
966 3258 1099 3321 speciebus

136 3337 277 3393 praeterea
290 3331 358 3379 scitu
372 3331 454 3395 digna
467 3338 549 3380 erant.
602 3328 623 3396 1)
640 3330 678 3392 Of.
695 3330 770 3380 Paul.
785 3342 806 3388 2,
820 3342 853 3382 23.
869 3331 908 3391 §5-
924 3341 943 3379 1.
958 3340 979 3377 2.
994 3342 1014 3379 o.
1033 3330 1067 3377 L.
1077 3342 1097 3380 1.

140 3412 160 3451 o.
176 3413 209 3451 11.
224 3412 260 3451 40.
273 3412 308 3451 en.
328 3400 359 3449 Ι).
376 3400 542 3451 deduntur.
558 3404 606 3453 vir.
622 3399 666 3466 (24,
682 3401 714 3465 1).
740 3399 772 3448 L.
787 3411 821 3451 21.
836 3412 869 3451 es.
895 3399 920 3448 0.
936 3400 991 3449 eod.
1007 3398 1039 3465 (s,
1054 3398 1097 3464 ro).

141 3468 163 3535 ⁸)
179 3471 217 3534 Cf.
233 3472 271 3520 tit.
291 3471 323 3519 D.
339 3486 391 3521 rer.
407 3480 481 3522 amot.
497 3472 541 3538 (25,
557 3472 586 3535 2).
666 3468 687 3536 ⁹)
702 3472 802 3521 maritus
816 3470 879 3534 (pro
893 3470 979 3518 marito
994 3486 1031 3519 ne.
1046 3470 1098 3519 oid.

142 3541 195 3590 FtI.
207 3557 235 3605 p.
251 3539 309 3606 utu.)
330 3542 387 3592 Vat.
403 3543 460 3593 edd.
528 3540 657 3607 11))Ριιία,
676 3542 795 3591 tribunos
809 3545 847 3605 pl.
862 3556 879 3590 α
897 3542 999 3590 maritis
1016 3541 1099 3593 dotem

833 3624 886 3682 37*
