2542 3909
186 185 209 229 X
561 163 769 215 Parnassio.

184 326 223 389 ad
266 336 336 381 uem
359 314 567 398 probabiliter
586 313 699 377 referri
712 313 904 393 viderentur,
928 312 1140 395 exquirerem:

184 343 265 487 quod
288 400 315 463 si
337 398 405 461 fieri
427 418 493 463 non
509 400 643 481 poterat,
666 398 701 461 in
716 400 859 479 tempore
874 396 1064 478 definiendo,
1089 398 1140 461 cui

183 481 413 579 assignandum
434 482 579 565 quodque
602 485 686 544 esset
713 480 888 545 rationibus
909 480 1059 563 redditis,
1089 502 1140 546 ae-

183 587 296 649 qu1ev1.

266 648 430 713 Postremo
458 648 627 713 dicendum
649 650 713 731 est,
729 646 998 745 'quemadmodum
1019 648 1054 711 in
1076 648 1139 713 sin·

183 732 267 817 gulis
289 732 434 815 partibus
456 730 549 797 huius
572 732 770 797 collectionis
784 732 980 796 instruendis
996 736 1141 797 versatus

183 818 253 880 sim.
299 816 367 891 Qua
396 816 430 879 in
459 837 493 881 re
515 820 588 880 ante
611 817 720 880 omnia
741 837 817 899 prae
838 815 938 879 oculis
960 816 1072 899 habui,
1103 817 1141 881 li·

183 902 274 964 brum
306 900 495 965 academicis
528 900 665 964 maxime
700 902 809 964 usibus
836 898 1030 964 destinatum
1059 921 1138 966 esse.

183 984 294 1068 ltaque
308 985 445 1067 primum
461 986 635 1049 cavendum
651 987 735 1067 erat,
756 1004 797 1049 ne
812 983 875 1047 hac·
887 1005 1036 1049 mensura
1050 985 1140 1049 adhi-

183 1069 260 1152 bita,
284 1070 394 1133 oticsis
410 1072 604 1151 oneraretur,
626 1069 741 1152 quibus
756 1071 789 1132 et
802 1068 940 1151 pretium
955 1068 1030 1132 libri
1043 1069 1139 1133 nimis

184 1156 353 1237 augeretur
369 1156 401 1217 et
416 1153 508 1217 aliter
523 1153 672 1216 iuventus
685 1152 907 1233 deterreretur,
924 1151 1037 1217 deinde
1052 1175 1138 1237 vero,

183 1258 223 1301 ne
253 1237 329 1320 quid
356 1236 495 1319 deesset,
520 1258 581 1320 quo
604 1236 743 1301 studium
765 1237 842 1302 iuris
864 1236 966 1300 civilis
989 1235 1028 1301 ad
1052 1237 1140 1321 ipsos

182 1322 287 1385 sontes
303 1321 454 1386 accedens
469 1320 658 1385 incitaretur
673 1324 705 1384 et
720 1321 932 1385 adiuvaretur.
969 1320 1050 1385 Cum
1065 1342 1140 1385 vero

184 1406 334 1489 pleraque
356 1404 620 1489 iurisprudentiae
648 1408 869 1486 monumenta,
898 1426 978 1488 quae
1005 1407 1139 1469 aetatem

182 1490 336 1572 tulerunt,
359 1488 409 1552 vel
425 1488 611 1571 corruptelis
628 1488 796 1573 deturpata
810 1489 863 1552 vel
877 1490 972 1553 etiam
987 1490 1139 1553 lacunosa

183 1576 217 1636 et
244 1574 349 1637 lacera
376 1573 414 1635 ad
442 1593 501 1635 nos
528 1573 734 1655 pervenerint
761 1575 793 1637 et
814 1572 874 1637 hac
895 1573 1084 1655 praesertim
1106 1594 1140 1637 re

183 1657 322 1721 studium
351 1677 458 1720 eorum
485 1656 693 1739 impediatur,
720 1657 824 1739 prima
847 1678 922 1720 cura
943 1658 978 1719 in
999 1654 1060 1719 hoc
1082 1677 1139 1739 po·

183 1741 288 1804 nenda
316 1743 398 1820 erat,
427 1743 463 1804 ut
489 1761 582 1822 quam
611 1740 852 1823 integerrimum
882 1740 1028 1823 quodque
1051 1760 1139 1821 prae·

183 1828 311 1889 starem.
344 1824 455 1907 Itaque
470 1824 613 1888 omnium
628 1824 771 1888 invenies
788 1845 903 1889 novam
919 1822 1139 1889 recensionem

184 1907 224 1971 ab
248 1908 448 1988 editionibus,
472 1907 583 1989 quibus
605 1930 691 1972 nunc
707 1909 837 1991 utimur,
861 1908 939 1971 adeo
960 1906 1139 1990 discrepan-

183 1996 262 2073 tem,
291 1996 328 2055 ut
355 1992 455 2055 multo
483 1993 585 2075 magis
613 1992 761 2057 audaciae
794 1996 827 2057 et
852 2012 1007 2056 novarum
1034 2013 1138 2057 rerum

184 2076 281 2139 studii
295 2076 434 2141 incusari
449 2096 567 2158 verear,
580 2096 674 2159 quam
690 2075 829 2142 desidiae
840 2076 891 2141 vel
902 2076 1139 2160 superstitiosae

183 2160 217 2225 in
239 2160 365 2224 traditis
386 2160 652 2243 perseverantiae.
685 2158 747 2225 Sed
769 2165 878 2225 tamen
899 2162 1046 2226 conscius
1060 2160 1139 2225 mihi

183 2266 263 2327 sum,
285 2244 367 2308 nihil
388 2266 439 2307 mc
461 2247 609 2327 mutasse,
633 2244 697 2308 nisi
711 2246 859 2309 omnibus
873 2244 1036 2323 adhibitis,
1060 2267 1139 2326 quae

182 2332 310 2410 praesto
333 2331 432 2409 erant,
456 2328 574 2392 criticis
597 2329 755 2409 subsidiis,
777 2331 809 2391 et
830 2349 866 2391 re
879 2329 995 2391 iterum
1010 2330 1138 2389 iterum·

184 2432 244 2494 que
272 2432 440 2494 perpensa.
485 2410 518 2475 si
546 2413 599 2495 qui
621 2434 696 2477 vero
718 2412 798 2492 sint,
827 2412 882 2494 qui
904 2410 982 2474 vitio
1003 2414 1139 2493 vertant,

183 2494 266 2578 quod
288 2495 322 2559 in
346 2494 501 2577 corruptis
523 2494 600 2560 locis
624 2496 851 2577 correctiones,
873 2515 954 2577 quae
976 2494 1044 2557 sola
1066 2515 1139 2558 con·

183 2579 303 2643 iectura
324 2579 480 2662 nituntur,
503 2579 689 2664 plerumque
711 2579 819 2643 statim
840 2579 875 2642 in
889 2579 961 2660 ipsa
975 2578 1139 2660 scriptoris

183 2663 326 2726 oratione
348 2663 539 2745 scripserim,
564 2664 709 2728 codicum
731 2662 968 2744 editionumque
983 2663 1140 2744 scriptura

184 2746 234 2809 vel
256 2746 389 2810 aliorum
412 2748 601 2811 coniecturis
623 2750 749 2811 tantum
771 2746 966 2827 subnotatis,
999 2766 1052 2809 eos
1072 2765 1139 2808 mo-

183 2830 268 2894 nitos
297 2830 406 2913 velim,
434 2852 501 2895 non
529 2831 645 2896 stolida
673 2829 866 2893 confidentia
887 2849 938 2892 me
960 2828 993 2892 id
1014 2828 1138 2908 fecisse,

185 2913 239 2977 sed
261 2914 444 2980 iuvenilium
467 2914 646 2978 animorum
667 2914 791 2978 ratione
812 2912 939 2993 habita,
971 2912 1025 2995 qui
1047 2912 1140 2976 initio

185 3001 271 3063 certa
293 3000 408 3065 malint
430 2998 490 3063 eibi
512 2998 605 3080 tradi,
628 3001 713 3080 post,
736 2996 763 3060 si
785 3017 864 3080 opus
886 2999 944 3079 est,
966 2996 999 3059 in
1023 2996 1140 3080 disqui-

184 3083 333 3147 sitionem
356 3083 515 3164 vocanda,
545 3102 636 3163 quam
659 3081 695 3144 in
717 3079 813 3144 dubio
835 3080 987 3164 relinqui,
1018 3102 1056 3145 er
1079 3101 1141 3176 quo

184 3167 266 3233 datis
288 3187 467 3251 quanquam
490 3164 615 3229 auxiliis
636 3164 699 3247 ipsi
722 3185 755 3228 se
778 3163 957 3247 expediant.
991 3164 1143 3229 Similiter

184 3272 296 3315 vereor
310 3249 477 3315 offensioni
490 3248 568 3331 fore,
583 3248 666 3332 quod
682 3247 866 3331 saepissime
880 3248 1023 3332 lacunas,
1045 3249 1143 3314 etiam

184 3335 356 3399 multorum
385 3333 568 3415 verborum,
598 3333 739 3417 explevi,
766 3335 803 3396 ut
822 3332 951 3418 integra
972 3333 1074 3398 oratio
1096 3355 1143 3397 re

185 3420 378 3482 stitueretur.
423 3416 485 3481 Sed
518 3416 655 3499 primum
689 3418 751 3482 hcc
781 3436 971 3501 magnorum
1005 3419 1144 3482 virorum
