2542 3909
182 192 248 256 ’114
475 207 572 244 nuncu.
591 208 645 244 1vs.
664 208 726 244 non.
745 207 832 244 verre,

181 337 264 400 (quae
283 331 349 385 olim
361 328 491 383 Wenokii
502 328 557 382 fuit
568 329 684 397 opinio),
702 331 752 383 aut
768 330 853 384 antea
870 330 983 383 eosdem
1002 329 1049 383 vel
1064 330 1137 386 alios

179 399 365 467 imperatores
381 397 445 464 post
456 411 480 453 a.
492 397 588 450 tamen
601 403 659 452 372,
673 396 764 450 simile
777 396 845 462 qnid
856 396 969 450 molitos
980 413 1050 450 esse.
1078 397 1137 452 Sed

178 483 257 586 ptrue
279 480 335 531 quo
356 465 448 516 minus
471 463 790 540 accipiamuspraeter
811 463 867 516 alia
888 463 1032 531 probibet,
1058 465 1137 532 quod

204 531 351 586 heodosius
368 529 448 583 illum
467 530 588 584 alterum
606 531 732 584 oodrcem
750 547 784 584 ex
807 531 913 585 ‘tribus
931 530 1086 584 codicibus’
1106 535 1137 584 et

179 600 308 654 lotorum
326 596 435 665 scriptis
453 597 582 664 componi
598 597 720 664 ideoque
732 597 823 662 abiis,
841 597 943 662 quibus
960 599 1051 650 totum
1064 613 1136 666 opus

180 664 334 720 curandum
352 664 446 726 dabat,
466 672 543 716 ‘cum
556 663 679 732 primum
691 663 816 718 codicem
829 666 940 717 nostrae
958 664 1092 718 scientiae
1106 669 1138 719 et

200 732 310 785 ublicae
323 731 485 784 auctoritati
497 730 673 795 obtulerint’,
684 731 810 784 inchoari
821 730 921 792 voluit,
940 733 970 784 at
983 731 1138 785 Vaticanus

178 751 252 854 fiber
263 814 332 863 quas
344 798 431 851 habet
440 797 519 866 leges
530 813 627 861 noves,
645 813 700 850 non
713 799 882 865 epitomatas
893 814 928 850 ex
940 797 1136 852 Theodosiano

180 866 295 931 Codice,
319 865 368 918 sed
385 865 444 918 inte
480 880 524 928 as,
547 865 653 918 utiam
671 864 806 929 diximus,
829 865 924 920 refert.
958 865 1050 918 Alteri
1067 881 1136 918 vero

179 931 964 1054 tltttqtttltmtlltlt⁰t1dt⁰tt¹²tlttt³⁸
976 931 1137 1053 letti}

178 1067 246 1121 iuris
263 1065 426 1118 diversitate
445 1064 558 1117 exclusa
575 1064 767 1133 magisterium
786 1065 862 1118 vitae
880 1015 1054 1132 suscipgret’,
1074 1066 1137 1118 tam

179 1133 303 1188 breviter
314 1134 344 1186 et
355 1131 435 1199 qnasi
447 1131 603 1184 incidenter
614 1132 795 1208 praecipitur,
809 1148 894 1198 quam
905 1131 935 1182 in
947 1148 977 1184 re
989 1134 1049 1185 tam
1061 1148 1137 1186 nova

178 1217 233 1322 npn
246 1199 370 1276 potuisse
380 1198 517 1317 pideetpr,
530 1197 584 1317 nisi
596 1200 722 1317 erppdertn
733 1198 810 1317 nlrpdi
820 1198 978 1317 operiseitpm
987 1199 1137 1252 consilinm

179 1281 618 1416 {uggpgssnpepfflaprggpnpx
634 1282 697 1396 (liniri¹
706 1281 1137 1452 enimeilmvpfergstorassrilnbxrlbrgpoetg

179 1398 1136 1544 telle,‘tutttlt?tullllttltttltttttltt

178 1533 346 1589 tractabbus
364 1536 394 1585 et
410 1546 549 1598 responsis
567 1533 685 1585 noster
702 1535 757 1586 ent
773 1533 853 1597 alius,
872 1548 921 1600 qur
937 1533 1048 1586 nullum
1060 1549 1135 1586 erro-

179 1617 247 1665 rem,
265 1597 357 1652 nullas
374 1596 499 1665 patietur
516 1598 661 1666 ambages,
686 1600 735 1676 qni
756 1602 873 1653 nostro
895 1599 1030 1653 nomine
1051 1617 1135 1653 nun·

179 1669 341 1735 capatus,
362 1664 506 1732 sequenda
526 1667 655 1718 omnibus
671 1666 841 1734 vitandaque
864 1667 1056 1734 monstrabit’,
1081 1667 1135 1721 nisi

180 1736 237 1787 iam
249 1733 320 1786 alius
331 1731 485 1798 imperator
497 1733 526 1784 et
537 1732 591 1786 isto
604 1732 718 1799 quidem
730 1734 868 1801 tempore,
886 1738 919 1785 ut
934 1734 965 1785 in
978 1749 1008 1786 re
1026 1735 1136 1788 recenti

179 1817 275 1856 omnes
302 1799 387 1852 etiarn
414 1815 448 1852 ex
474 1798 647 1853 subobscura
672 1800 892 1868 significatione,
922 1815 977 1866 quc
999 1800 1136 1854 ‘tenderet

180 1869 278 1932 oratic,
297 1865 461 1936 intellegere
474 1868 596 1933 possent,
614 1866 700 1920 tulem
714 1867 839 1921 codicem
851 1867 929 1919 inani
940 1868 1035 1921 temen
1049 1884 1133 1936 expe·

179 1936 298 1990 rimentc
321 1933 482 1988 faciendum
504 1935 646 1988 curasset?
681 1934 737 1987 Sed
755 1935 784 1988 et
801 1950 873 2002 qnae
896 1933 932 1987 de
956 1933 1051 1988 codice
1069 1950 1134 1988 con-

177 2002 297 2057 ficiendo
315 2000 461 2069 praecipit,
480 2001 617 2054 eiusmodi
634 2002 708 2062 sunt,
726 2003 759 2054 ut
774 2001 810 2053 iis
821 2017 876 2055 non
888 2002 976 2054 tamo
998 2003 1038 2054 eri
1056 2017 1134 2070 pror·

179 2088 225 2124 sus
241 2085 316 2123 novo
338 2067 431 2134 legem
450 2069 556 2133 dicere,
579 2083 664 2133 quam
683 2068 753 2122 vitia
769 2068 825 2121 iam
844 2069 908 2121 ante
926 2083 959 2121 oc
991 2083 1021 2121 os
1042 2069 1135 2137 posita

179 2140 209 2192 et
226 2135 341 2204 (addere
358 2135 437 2200 licet)
449 2135 529 2188 nobis
541 2150 653 2202 quoque
665 2134 694 2187 in
706 2134 844 2188 Vaticana
860 2135 970 2202 sylloge
985 2136 1136 2204 conspicua

69 2243 72 2250 ⁴
178 2206 276 2258 notare
290 2204 319 2256 et
330 2218 366 2255 ne
378 2218 472 2255 rursus
490 2202 702 2255 committantur
714 2205 810 2256 vetare
822 2202 961 2258 videatur.
987 2201 1060 2257 Nam
1073 2219 1134 2257 ver-

179 2272 221 2324 bis
230 2270 286 2324 illis
300 2278 362 2338 ‘per
375 2268 500 2347 singulos
512 2268 609 2322 titulos
618 2268 831 2323 cohaerentibus
842 2267 1023 2337 prudentium
1031 2271 1134 2324 tracta

178 2338 254 2391 tibus
267 2339 297 2390 et
308 2343 467 2404 respons1s’.
484 2351 577 2389 nonne
595 2337 755 2403 excerpturi
771 2337 847 2402 ipsos
863 2336 1042 2404 antiquorum
1055 2336 1133 2391 1010-

178 2422 241 2458 rnm
263 2403 350 2456 libros
370 2403 412 2455 ita
433 2402 510 2455 adire
532 2401 677 2466 iubentur,
699 2404 732 2455 ut
750 2419 783 2456 ox
801 2403 854 2456 sori
874 2403 924 2468 tis,
947 2403 997 2456 ubi
1012 2405 1069 2456 iam
1087 2420 1134 2458 ex·

179 2472 276 2538 cerpts
295 2469 452 2534 exstabant,
471 2470 512 2521 uti
529 2470 656 2522 fecerant
673 2468 750 2522 tituli
762 2470 824 2523 Vct.
864 2486 879 2523 e
897 2471 1087 2539 cognitoribus
1104 2473 1136 2524 et

179 2537 214 2590 de
238 2534 436 2590 donationibus
458 2535 670 2603 compositores,
693 2535 740 2589 vel
761 2539 847 2590 etiam
865 2553 900 2590 ex
916 2538 979 2614 ipsa
996 2537 1135 2592 Vaticana

159 2603 347 2657 ‘collectione
364 2603 489 2656 mutuari
500 2604 666 2655 vetentur?¹
696 2602 766 2656 Item
785 2604 834 2656 illa
852 2611 941 2656 ‘omn1
956 2605 1025 2658 iuris
1042 2604 1135 2659 diver·

179 2671 262 2724 sitate
282 2669 415 2729 exclusa,
433 2670 464 2722 et
481 2668 600 2721 ‘nullum
615 2673 758 2734 errorem’,
777 2671 878 2724 ‘nullas
895 2671 1048 2740 ambages’,
1065 2671 1136 2725 licet

179 2735 380 2804 aliquomodo
403 2735 489 2790 etiam
511 2735 548 2788 ad
569 2734 755 2790 differentiam
779 2737 1008 2791 constitutionum
1031 2738 1135 2792 codicis

179 2804 255 2858 dicta
273 2819 331 2856 esse
351 2802 426 2856 credi
444 2803 559 2870 possint,
578 2819 623 2856 ma
647 2803 652 2813 '
684 2804 780 2858 tamen
797 2803 963 2857 Vaticanum
981 2821 1081 2886 corpus
1098 2804 1134 2859 iis

161 2901 163 2908 ·
179 2871 256 2940 carpi
274 2869 394 2935 videtur,
413 2871 442 2922 et
459 2872 540 2924 vetus
557 2869 600 2922 ius
618 2886 635 2923 a
655 2869 754 2923 clitum
773 2871 864 2936 (velut
880 2870 907 2924 le
930 2871 951 2924 's
964 2872 1086 2938 Cinciae)
1104 2875 1136 2926 et

179 2955 284 2992 novum
301 2938 433 2998 miscens,
458 2939 487 2990 et
503 2936 594 3004 longis
611 2937 713 2990 incerti
733 2937 802 2991 iuris
818 2939 910 2991 tracta
924 2939 983 2992 ‘bus
1000 2940 1081 2992 velut
1097 2939 1133 2993 de

178 3006 325 3060 usufructu
344 3005 526 3059 accrescendo
546 3007 575 3058 et
591 3019 648 3057 non
665 3006 836 3058 resectamm
852 3004 948 3074 legum
969 3006 1135 3074 ambagibus

179 3078 335 3127 oneratum.
371 3071 460 3134 Quid?
484 3070 560 3140 quod
579 3071 752 3125 Theodosius
769 3073 799 3124 in
817 3075 903 3125 const
921 3073 956 3126 de
970 3072 1021 3126 Th.
1036 3072 1065 3127 (t.
1085 3088 1133 3126 au·
1144 3087 1205 3135 [crs]

179 3140 309 3194 ctoritate
331 3143 354 3203 9.
373 3145 397 3192 3.
421 3154 484 3191 cum
507 3138 673 3192 collaudatis
695 3140 780 3192 antea
796 3139 840 3192 sui
861 3139 970 3194 Codicis
992 3139 1133 3193 conlecto-

252 3331 272 3398 ¹)
287 3333 348 3382 Sane
363 3331 432 3381 aliter
445 3332 504 3380 haec
519 3332 589 3380 verba
605 3333 775 3395 interpretetur
788 3333 919 3384 llommsen
933 3349 956 3396 p.
971 3345 1032 3395 sote
1052 3335 1134 3383 titulos

179 3404 287 3464 iutelligit
301 3403 372 3451 trium
388 3402 497 3450 codicum
512 3402 680 3461 cohaerentes,
696 3409 809 3451 tractatus
824 3418 870 3452 non
886 3405 947 3453 inter
961 3419 987 3453 se
1002 3405 1134 3454 cohaeren-

178 3473 352 3590 {riisi’isgidcairlrltig
366 3472 440 3520 titulis
459 3477 596 3532 argumento
617 3479 738 3534 cognatos.
768 3473 835 3530 Quod
855 3488 884 3522 an
905 3476 994 3524 rectius
1009 3482 1136 3537 statuatur,
