2542 3909
493 236 711 294 PRAEFATIO.
1005 238 1084 290 XVII

179 386 227 453 Ex
258 387 431 471 Papiniani
456 388 619 471 responsis
649 391 681 451 el
708 387 791 452 libro
820 388 946 472 quidem
970 408 1080 451 eorum

121 473 217 555 primo
241 476 332 537 exiro
347 471 518 536 Iustiniani
541 492 657 555 corpus
678 472 755 537 iuris
777 479 873 536 anteo
894 474 987 555 pauci
1009 477 1080 553 len·

121 559 182 621 lum
198 578 308 622 versus
324 561 357 621 el
379 558 468 640 quasi
491 558 525 621 in
540 556 728 621 memoriam
743 556 793 621 vel
815 556 971 622 honorem
985 557 1081 621 modo

121 644 199 706 lenti
226 641 288 706 viri
314 640 480 706 Breviorio
506 641 693 706 Alerieiano
721 642 838 705 servati
866 647 970 706 erent.
1021 643 1083 706 Ac·

122 731 279 791 cesserunt
293 747 380 791 nunc
396 747 434 790 ex
449 726 580 809 proprio
596 728 842 809 pervelusloque
862 726 957 790 huius
975 726 1081 809 operis

123 830 189 873 cnm
220 811 307 876 nolis
335 810 430 874 Pauli
458 814 490 874 el
522 808 655 893 Ulpiani
687 809 795 875 codiee
828 809 933 895 primo
967 810 1081 875 folium

120 894 312 978 duplicatum
326 893 535 959 Berolinense
551 898 584 959 el
597 895 696 978 poulo
711 899 785 978 post
799 894 903 959 frnsla
924 895 1081 979 quaedem

96 1046 97 1051 ,
121 978 245 1045 Parisiis
275 984 454 1064 asservato,
483 978 562 1043 illud
592 978 676 1043 libro
699 979 828 1062 quinio,
854 978 969 1043 haecce
999 980 1081 1044 libro

119 1085 200 1130 nono
222 1064 437 1150 assignanda:
459 1068 594 1147 utraque
610 1084 697 1144 vero,
721 1067 879 1146 quolenus
901 1084 960 1127 suo
982 1064 1080 1128 nitori

120 1155 291 1231 potuerunt
318 1148 459 1227 restitui,
488 1169 600 1213 rursus
627 1147 868 1231 praeclarorum
896 1147 1011 1211 horum
1033 1149 1082 1212 in·

120 1234 281 1317 geniorum
305 1234 450 1318 insignes
473 1233 591 1298 foelus.
984 1272 987 1277 -

179 1318 238 1383 Sed
256 1322 289 1382 el
309 1319 370 1402 ipsi
386 1316 528 1401 Ulpiano
551 1336 608 1381 suo
631 1314 762 1380 nomine
784 1320 817 1380 el
838 1316 929 1381 libris
952 1317 1081 1401 quidem

122 1401 200 1484 eius,
222 1406 257 1466 ul
279 1401 511 1483 demonstravi,
540 1400 579 1465 ad
601 1401 757 1483 edictum,
786 1422 825 1465 ex
853 1401 968 1484 quibus
990 1406 1081 1466 extra

118 1484 248 1571 Digesto
269 1492 365 1553 antea
387 1490 515 1551 lanium
537 1486 635 1551 verba
658 1485 765 1569 aliquo
787 1485 829 1549 ab
850 1486 922 1549 aliis
944 1487 1081 1569 scripio·

118 1570 201 1635 ribus
234 1572 336 1637 relata
368 1571 577 1651 habebamus,
615 1591 721 1635 novae
757 1571 887 1634 maioris
923 1572 1079 1636 momenl'

114 1655 654 1826 llllluzlgllleslllllr
667 1653 970 1823 slidilrllieiml'
1001 1677 1080 1740 ‘¹³²⁵

176 1825 304 1892 Deinde
323 1847 366 1889 ex
388 1825 539 1889 inferiore
562 1828 668 1889 aelate
683 1823 864 1889 Iustiniano
887 1826 952 1888 iam
974 1825 1082 1889 vicine

113 1910 174 1974 nisi
188 1911 270 1976 adeo
293 1931 410 1975 coaeve
432 1909 620 1994 prodierunt
641 1910 757 1973 incerti
780 1910 920 1974 auclorie
943 1909 1081 1975 scholio·

114 2014 183 2061 rum
205 1997 406 2062 Graecorum
428 1996 463 2058 in
485 1993 618 2077 Ulpiani
641 1993 738 2058 libror
766 1994 807 2058 ad
829 1993 986 2059 Sabinum
1007 1995 1081 2058 reli·

133 2080 204 2144 uiae
238 2101 324 2165 quae
353 2079 450 2163 vulgo
484 2099 571 2143 nunc
599 2078 797 2163 Fragmenta
832 2079 911 2144 iuris
943 2078 1082 2144 Romani

113 2100 269 2231 linaiciea
300 2185 339 2228 ex
366 2164 576 2241 monasterio,
610 2163 666 2227 ubi
695 2167 822 2246 reperte
849 2167 941 2243 sunl,
974 2164 1083 2248 appel-

112 2247 230 2334 lentur,
256 2269 319 2313 nec
342 2270 379 2312 ee
401 2248 652 2324 contemnenda,
675 2252 709 2311 et
730 2266 786 2310 suo
808 2247 878 2311 looo
901 2248 1081 2313 inserenda.

176 2333 271 2400 Haeo
294 2333 404 2397 omnia
426 2335 601 2417 augmenta
630 2353 669 2395 ex
691 2352 762 2395 mea
783 2332 984 2413 recensione,
1011 2354 1082 2417 par-

112 2418 169 2482 lim
191 2422 324 2485 mnium
348 2419 412 2482 iem
435 2422 531 2482 antea
553 2416 674 2502 publici
697 2416 775 2480 iuris
797 2416 884 2481 facta
899 2415 1082 2503 vulgantur,

112 2505 262 2569 cleliam
286 2502 348 2567 hnc
370 2506 462 2586 parte
477 2507 588 2568 nostra
604 2502 701 2567 editio
715 2522 801 2566 nova
823 2502 936 2567 lectori
958 2502 1080 2568 offerat.

170 2588 211 2653 In
241 2588 330 2653 votis
363 2586 492 2671 quidem
520 2585 695 2671 aliquando
724 2592 805 2666 erat,
839 2586 937 2652 eliam
963 2586 1082 2653 librum

110 2671 187 2737 iuris
211 2673 296 2759 Syro
318 2670 455 2737 Romani
485 2671 561 2738 aG.
585 2671 623 2740 G.
645 2670 785 2735 Brunsio
807 2672 893 2736 socio
917 2679 1082 2758 assumpto

110 2755 238 2823 Sachau
268 2756 447 2840 publicato,
478 2760 511 2821 el
538 2757 645 2841 ipsum
666 2777 744 2820 sene
767 2760 842 2821 anie
864 2756 1081 2823 Iustinianum

110 2843 298 2907 confectum
327 2841 378 2905 vel
405 2840 520 2905 sellem
548 2841 727 2906 sententies
755 2842 833 2906 iuris
861 2843 1081 2908 consultorum

108 2922 351 3008 Romanorum,
380 2946 461 3073 (puae
487 2926 522 2989 in
544 2946 582 2991 eo
605 2928 825 3005 continentur,
854 2926 962 3010 aliquo
985 2930 1080 2993 modo

108 3011 143 3074 in
164 3016 316 3076 nostram
338 3010 387 3074 eol
400 3010 560 3076 eclionem
582 3032 675 3095 posse
696 3012 855 3095 recipere,
883 3032 924 3075 ne
947 3013 1024 3097 quid
1047 3015 1082 3078 in

109 3114 172 3244 {il
188 3094 1082 3264 ‘¹3⁰llll?dlllllillll’iillllllllll

110 3270 184 3347 eple
199 3264 415 3349 perficiendae
432 3265 614 3346 effecerunt,
637 3269 674 3330 ul
687 3203 846 3351 pirpense
860 3289 904 3346 re,
925 3268 988 3335 hoc
1004 3288 1080 3333 eon·

108 3348 239 3431 silium,
265 3350 441 3432 peritorum
465 3354 501 3414 ul
518 3371 626 3434 spero,
650 3372 723 3416 cunr
745 3351 871 3435 plausu,
896 3353 1078 3417 obiicerem.

177 3450 285 3515 Scrib.
303 3448 516 3516 Vrelislaviae
539 3473 649 3518 mense
671 3450 758 3517 Maio
782 3472 808 3514 a.
826 3456 1081 3515 Moecenxxxv.

161 3712 267 3744 men
281 3712 355 3747 min
369 3716 419 3747 run
440 3716 478 3748 nn.
493 3717 515 3747 v.
562 3707 565 3713 '
862 3694 880 3746 b
