2542 3909
258 193 316 228 vnn.
330 191 434 228 cvrusn.
449 190 535 227 mtsc.
549 188 734 226 cousrursmo.
749 170 822 226 VIII.
837 170 945 224 a-tx.
963 177 985 224 1.
1047 171 1108 237 855

202 323 286 396 lmpp.
304 319 473 378 Theodosius
489 328 517 376 et
530 319 660 376 Arcadius
676 327 703 375 et
715 320 849 376 Honorius
866 319 919 375 dd.
931 318 1032 376 Victori
1048 335 1111 392 pro·

202 405 308 462 consuli
321 405 408 460 Asiae.
435 402 606 472 Procurator,
619 402 685 460 licet
696 404 807 458 maritus
818 403 864 472 sit,
876 401 903 458 id
916 402 1003 458 solum
1016 406 1112 476 exequi

202 485 300 559 debet,
317 486 391 562 quod
406 488 559 560 procuratio
576 487 671 542 emissa
692 487 906 559 praescripserit.
937 486 996 544 liat.
1013 485 1110 546 V.'lral.

201 571 251 629 lul.
268 571 422 628 Theodosio
437 571 469 627 d.
485 569 529 627 lll.
545 580 574 626 et
587 568 759 626 Abundantio
776 585 847 625 coss.

244 653 272 714 3.
294 655 428 729 Agnoscis
449 655 573 711 maritum
595 653 674 712 uelut
693 661 849 709 armauemu
872 667 978 709 causam
994 655 1114 711 uxoriam

160 731 360 814 prosecutum.¹
397 735 426 796 4.
442 736 577 811 ’Agnosce
592 731 640 794 et²
655 735 768 794 iudicem
784 735 817 791 ds
832 735 981 792 manifestis
993 737 1046 792 reis
1058 754 1114 794 non

159 825 282 897 potuisse
297 821 402 879 tardare
417 823 587 879 seutentiam.
623 818 652 877 ὅ.
675 820 741 877 lteru
757 834 918 891 excerpere
934 819 1113 878 Theodosiani

160 905 206 963 lib.
221 905 263 964 lX.
280 907 322 962 tit.
339 905 373 961 de
388 903 603 962 accusationibus
618 913 646 960 ct
661 904 832 976 inscription.
844 896 870 957 :³

144 990 146 994 ’
202 991 286 1064 lmpp.
302 988 432 1046 Arcadius
447 997 475 1045 et
489 987 625 1044 Honorius
636 988 692 1043 Ad.
722 986 777 1044 Nec
787 986 958 1043 diuersorum
974 989 1114 1046 criminum

201 1075 242 1130 rei
262 1072 306 1130 uel
321 1071 422 1130 desidia
442 1071 571 1144 iudicum,
595 1070 640 1128 uel
662 1071 776 1144 quadam
800 1064 946 1126 'leuitatis4
968 1071 1114 1129 ambitione

202 1173 252 1231 per
273 1157 427 1230 prouincias
448 1155 551 1212 detenti
572 1156 601 1211 ln
623 1148 759 1212 'carcere⁶
787 1154 924 1210 crudelius
947 1153 1114 1229 differantur,

203 1249 365 1296 moneantur
386 1254 480 1297 omnes
494 1237 611 1310 iudices,
634 1238 784 1312 productos
800 1253 815 1294 e
830 1236 961 1294 custodiis
983 1255 1045 1296 reos
1061 1240 1115 1296 dis·

202 1324 322 1380 cessioni
344 1321 452 1378 debitae
473 1320 605 1378 subiicere
628 1330 665 1392 st,
689 1320 761 1394 quod
784 1320 859 1395 leges
881 1323 1027 1395 suaserint,
1050 1321 1114 1380 defi·

202 1408 270 1465 nire.
296 1406 390 1462 Datum
404 1404 447 1464 lll.
463 1421 526 1461 uou.
538 1406 609 1478 Aug.
621 1402 671 1460 GP.
682 1403 796 1462 Arcadio
807 1404 850 1461 lll.
866 1413 893 1461 et
906 1403 1025 1462 Honorio
1041 1423 1112 1466 coss.

245 1485 274 1547 6.
298 1488 355 1546 Hoc
369 1490 450 1545 etiam
464 1488 616 1562 specialiter
631 1497 695 1562 post
709 1488 778 1545 hauc
793 1488 881 1561 legem
897 1486 976 1544 iudex
993 1487 1043 1546 silai
1059 1507 1115 1548 me·

161 1582 220 1630 tuat
239 1573 425 1642 inserendum,
446 1572 520 1646 quod
542 1573 564 1630 si
580 1572 689 1646 diguam
704 1571 815 1628 tardarit
837 1587 869 1628 ox
892 1571 954 1644 lege
969 1572 1041 1629 ferre
1055 1590 1116 1630 seu·

160 1659 288 1728 tentiam,
314 1657 378 1712 dum
403 1658 554 1731 principum
582 1663 725 1729 praecepta
750 1656 884 1729 respexit,
916 1655 975 1728 ipse
1008 1657 1115 1732 legibus

161 1738 339 1796 damnabitur.
375 1734 402 1795 7.
425 1732 527 1794 ’[Ιιιάε6
543 1754 575 1794 ex
590 1755 706 1813 corpore
718 1738 898 1795 Theodosium
913 1735 964 1794 sub
977 1740 1056 1797 titulo
1074 1741 1116 1798 'de

161 1821 275 1878 diuersis
291 1814 467 1894 rescriptist⁷

91 1898 150 1947 [⁷⁴³]
202 1905 288 1978 lmpp.
304 1903 496 1961 Constantinus
515 1904 550 1962 d.
562 1911 591 1962 et
611 1903 729 1961 lulianus
748 1903 821 1960 Caes.
842 1904 874 1961 ad
892 1904 1009 1962 'laurum
1027 1906 1066 1963 Pl.
1085 1909 1115 1968 P.

204 1988 249 2044 nd
270 1989 397 2046 locum:
420 1985 605 2046 llnltabuutur
629 1988 749 2058 iudices,
775 1990 821 2062 qui
842 1990 974 2062 rescripta
996 1999 1116 2048 contem·

204 2075 308 2147 pseriut
329 2079 375 2128 aut
395 2070 560 2130 distulerint.
596 2070 654 2128 liat.
671 2070 714 2129 lll.
735 2088 799 2128 uou.
821 2072 870 2129 lul.
892 2072 1068 2130 Constantino
1085 2076 1117 2132 A.

205 2155 256 2213 Vll.
273 2165 301 2213 et
316 2155 419 2212 luliauo
433 2171 507 2213 coss.

247 2240 276 2297 8.
298 2238 434 2312 lntolligat
448 2253 521 2298 nuuc
534 2238 674 2313 improbus
689 2247 848 2311 accusator,
871 2241 989 2297 cinctum
1004 2240 1117 2298 iudicem

163 2332 191 2381 et
205 2325 306 2388 uxoria,
324 2322 400 2379 uelut
415 2330 541 2394 caterua,
563 2320 690 2379 debuisse
705 2325 814 2401 negotia
829 2322 957 2396 delinire,
974 2332 1001 2380 et
1016 2341 1071 2382 uon
1087 2326 1118 2382 li·

162 2409 262 2477 cuisse,
277 2414 308 2462 ut
322 2407 437 2462 adenem
452 2414 557 2462 reatum
571 2414 716 2476 metueret,
731 2407 775 2463 cui
787 2406 820 2464 de
831 2407 980 2466 manifestis
992 2409 1046 2465 reis
1062 2426 1117 2467 nou

162 2490 239 2546 licuit
256 2489 361 2545 tardare
375 2490 548 2548 sententiam.

246 2572 289 2628 lll.
311 2570 336 2630 1.
359 2564 412 2626 ⁸Er
426 2587 542 2646 corpore
557 2566 803 2646 Hermogeniauiz⁹

162 2687 375 2700 ...οω--α--σ--ῡ

162 2743 259 2807 copula.
270 2739 302 2806 (a,
312 2738 357 2804 tt).
371 2755 396 2790 a.
406 2750 454 2793 aaa·
503 2736 523 2806 ¹)
540 2739 636 2790 Contra
646 2739 693 2790 hae
702 2740 890 2792 hariolatloner
899 2743 950 2792 oid.
975 2743 1030 2807 Ulp.
1041 2745 1073 2794 L.
1084 2757 1117 2796 10.

163 2813 195 2862 D.
211 2813 242 2862 de
257 2810 470 2876 iurisdict.(2,1).
518 2805 538 2874 ⁹)
550 2810 613 2860 Par.
623 2821 657 2860 tto.
677 2811 787 2872 agnoscis
798 2811 862 2860 Par.
873 2823 906 2862 tt.
923 2812 1006 2878 Pupp.
1055 2810 1118 2878 8)Ιι.

163 2894 196 2932 18.
216 2880 259 2930 Tlt.
273 2881 298 2930 0.
309 2881 341 2947 (a,
352 2879 382 2946 1).
398 2895 422 2929 o.
433 2891 479 2932 tto.
531 2876 669 2945 ‘taeta
682 2879 707 2932 0.
723 2880 827 2930 leuitatis
841 2881 898 2930 edd.
946 2877 1117 2947 ⁶)EoeYlt.C.

163 2965 283 3000 carcerem
293 2951 351 3000 edd.
399 2947 421 3016 ⁶)
441 2950 551 3000 Videtur
561 2950 693 3014 legendum
707 2949 761 2998 uide
776 2957 801 2998 et
813 2952 934 3013 superius
949 2952 1057 3015 despexit
1066 2969 1118 3016 pro

162 3021 274 3083 respexit.
315 3017 445 3085 ⁷)Omitlit
454 3021 518 3069 Por.
527 3032 560 3072 tt.
570 3021 595 3069 id
605 3027 643 3069 est
652 3019 832 3076 auctoritatibus
842 3021 988 3071 additPar.
998 3033 1031 3074 st.
1059 3023 1118 3073 Vid.

163 3090 265 3139 Haenel
274 3090 309 3138 ud
318 3090 350 3138 L.
361 3102 381 3141 a.
400 3089 444 3139 Tit.
457 3090 483 3140 0.
499 3103 519 3148 1,
529 3102 559 3148 2.,
574 3105 639 3154 quoe
652 3097 691 3139 est
700 3105 724 3139 a.
734 3100 781 3142 usa.
834 3087 854 3154 ⁸)
872 3089 941 3150 Quae
951 3092 994 3141 lic
1003 3095 1120 3156 sequitur

162 3161 305 3224 specierum
315 3159 481 3225 lepontiorum
490 3161 611 3225 sarrapo,
620 3161 695 3223 finito
710 3166 832 3218 tractatu,
846 3163 885 3209 rel
896 3161 928 3210 ab
942 3164 998 3224 ipso
1008 3165 1063 3212 eius
1072 3180 1118 3212 au·

163 3229 717 3296 cuoreuel,quodoeriaimilius,obalio(uom
725 3232 810 3280 etalio
818 3232 950 3296 allegandi
957 3234 1060 3283 ratione
1068 3235 1119 3283 uli·

162 3299 217 3366 tur)
223 3300 374 3363 supplendis
382 3301 492 3350 maxime
503 3302 544 3359 iis,
552 3316 617 3365 quae
624 3301 656 3351 de
662 3303 751 3364 pactis
758 3317 780 3350 c.
791 3313 811 3352 a.
822 3302 922 3352 tradita
929 3310 1012 3362 mant,
1028 3303 1120 3353 addito

162 3386 217 3422 esee
226 3371 336 3420 videtur.
382 3365 405 3434 ⁹)
420 3370 458 3420 De
472 3371 514 3420 ltro
526 3379 620 3435 septem
634 3371 866 3431 constitutionibus,
882 3388 947 3436 quoe
961 3389 995 3422 ex
1009 3388 1120 3437 corpore

161 3441 367 3505 Hermopeut'ani
374 3441 499 3500 citantur,
506 3442 557 3491 vid.
565 3441 687 3504 Haeret,
695 3442 731 3491 ad
736 3441 825 3492 Herm.
836 3442 862 3493 0.
868 3459 896 3506 p.
905 3454 939 3496 ot.
948 3444 984 3493 ad
993 3443 1037 3492 ΤΙι.
1048 3444 1083 3503 G,
1090 3460 1118 3509 p.

162 3523 209 3564 216.
223 3511 397 3562 &Muclus
404 3510 494 3561 dictor.
502 3513 553 3561 iur.
560 3512 599 3561 ed.
607 3524 627 3564 a.
637 3512 748 3577 paral.
760 3512 877 3578 Gothosr.
886 3517 964 3565 caelu
977 3515 1021 3565 Ta.
1030 3515 1122 3574 &sex
