2542 3909
189 265 253 331 630
492 281 628 318 scauusrs
647 281 838 318 coousrronvu.

255 406 382 459 Alterum
394 405 513 458 stemma
524 406 669 472 praestant
703 405 786 457 artim
798 404 897 457 Isidori
910 404 984 472 Orig.
995 411 1019 470 9,
1029 411 1053 458 ὅ.
1065 410 1090 468 §-
1099 410 1149 462 28.

189 475 318 540 (quarum
340 489 405 524 usus
429 489 490 524 sum
511 472 554 529 ed.
577 472 606 524 F.
625 471 658 529 V.
678 421 789 548 &tonis
810 473 840 523 in
858 470 1043 549 Lindemanni
1065 488 1148 539 corp.

188 556 305 662 gramm.
323 537 384 594 Lat.
404 540 450 593 Ill.
463 557 495 658 (p.
516 542 575 606 312)
594 553 629 593 ex
646 537 742 591 multis
760 539 839 594 codd.
862 555 926 592 mss.
948 541 1052 608 partlm
1069 538 1145 592 Lnd.

211 606 348 660 harondas
366 607 426 659 loco
445 623 462 660 a
493 605 571 659 Paul.
584 612 609 671 4,
625 611 664 663 11,
683 606 769 660 citato
787 622 822 659 ex
836 605 945 674 Contio,
964 607 1066 674 quiex
1078 605 1146 659 aliis

188 674 358 728 membranis
376 674 405 726 id
423 673 551 726 sumsisse
569 673 690 737 videtur,
709 689 772 726 cum
784 673 882 726 Isidori
900 675 1072 727 mentionem
1084 689 1144 726 non

187 741 285 806 faciat,
308 743 337 796 et
352 741 382 793 in
419 741 565 794 uibusdam
584 740 697 810 gravius
715 755 801 809 quam
818 740 918 793 Isidori
939 741 1050 794 codices
1067 741 1145 793 inter

188 825 216 887 se
234 809 383 888 discrepet.
400 758 537 876 (litesque
555 807 625 861 fons
636 808 738 886 suiset
755 807 907 861 virtutibus
925 810 955 861 et
971 807 1080 861 mendis
1098 809 1146 861 est

186 874 1145 1019 {aaaa,aarecaclatascaelataascertains:

187 1010 259 1063 rales
281 1011 370 1077 iisque
394 1009 543 1079 inscriptos
565 1024 695 1063 numeros
718 1008 871 1074 Romanos,
898 1025 961 1062 cum
983 1027 1012 1062 m
1035 1009 1144 1062 Isidoro

187 1077 399 1131 ascendentium
411 1079 440 1130 et
451 1077 680 1130 descendentium
692 1077 749 1129 sint
759 1076 831 1130 trian
874 1075 948 1129 lares
959 1078 989 1130 et
998 1091 1094 1129 omnes
1104 1076 1143 1128 ab

188 1144 343 1198 editoribus
354 1143 472 1197 arabicis
484 1143 607 1196 numeris
625 1143 761 1211 signatae.
790 1143 822 1196 In
857 1143 972 1197 cutiano
987 1143 1144 1212 exemplari

187 1213 273 1264 etiam
295 1213 392 1280 ‘pater
409 1212 516 1264 mater’
541 1213 570 1265 et
593 1210 683 1263 ‘filius
701 1210 773 1264 filia’
797 1210 888 1286 figura
908 1210 1010 1264 inclusi
1030 1212 1095 1263 sunt
1112 1213 1146 1263 et

186 1280 273 1332 ternis
297 1278 412 1346 quidem
433 1278 514 1332 lineis
536 1292 621 1346 supra
644 1279 674 1330 et
694 1277 779 1341 infra,
808 1277 1008 1344 significandae
1033 1277 1145 1331 scilicet

187 1345 313 1399 arctioris
335 1345 417 1400 huius
435 1344 647 1399 necessitudinis
669 1360 753 1397 causa
769 1359 787 1396 a
803 1345 905 1398 ceteris
943 1345 1069 1409 radibus,
1092 1345 1144 1412 qui

186 1412 341 1480 singulares
358 1411 474 1476 habent,
493 1411 630 1474 distincti;
649 1411 678 1463 in
694 1411 792 1487 Isidori
810 1362 981 1464 editionibus
998 1411 1041 1464 illi
1057 1411 1145 1464 soluti

187 1493 271 1546 supra
288 1479 408 1546 figuram
420 1481 682 1543 commemorantur,
701 1480 788 1531 ceterr
800 1478 903 1546 gradus
920 1478 993 1530 binis
1004 1479 1086 1531 lineis
1097 1477 1144 1530 in·

187 1546 256 1598 clusi
275 1547 346 1602 sunt,
372 1546 475 1598 Contra
487 1545 602 1598 cellulas
616 1548 736 1610 utroque
753 1545 842 1597 latere
860 1545 1015 1611 adiunctas,
1033 1545 1062 1598 in
1080 1545 1144 1612 qui-

186 1613 238 1664 bus
266 1611 400 1680 scriptum
428 1615 470 1665 est
497 1612 613 1689 ‘Usque‘
635 1610 671 1664 ad
693 1611 780 1664 hunc’
806 1614 859 1666 etc.
881 1612 1003 1689 Isidorus
1029 1613 1144 1665 tantum

186 1677 887 1823 casiatticusnorisianas-a
904 1679 1144 1822 aaran

188 1813 289 1879 quartr,
309 1814 400 1878 qurnt1
418 1815 448 1866 et
464 1829 584 1866 manime
603 1814 676 1865 sext1
687 1811 791 1880 gradus
803 1813 936 1864 minutior
953 1816 1004 1877 sit,
1021 1829 1066 1865 me
1083 1828 1143 1865 non

186 1879 345 1948 intelligere
363 1880 462 1932 iateor.
493 1879 680 1943 Quamobrem
697 1878 728 1930 id
744 1879 790 1930 bic
808 1879 944 1933 indicasse
962 1881 1029 1932 satis
1046 1879 1141 1934 habui.

188 1945 318 1999 Ceterum
335 1947 427 1998 totum
439 1947 491 2000 hoo
504 1947 617 2000 schema
630 1946 911 1998 demonstrandarum
924 1953 1099 2023 coprationam
1110 1947 1142 1999 in

186 2013 301 2066 modum
319 2013 472 2080 pyramidis
490 2013 653 2066 decurtatae
671 2013 713 2065 ita
730 2014 918 2065 constructum
935 2013 1024 2079 vrdes,
1043 2015 1075 2066 ut
1092 2029 1142 2066 sex

186 2081 352 2133 transversis
377 2080 519 2133 laterculis
547 2080 634 2133 altero
662 2079 735 2131 infra
761 2078 881 2132 alterum
908 2081 1015 2145 locato,
1044 2096 1142 2133 omnes

185 2147 283 2215 primi,
315 2147 430 2200 secundi
460 2148 489 2201 et
517 2148 675 2200 ceterorum
703 2162 791 2212 usque
819 2146 856 2198 ad
884 2149 994 2199 sextum
1023 2149 1142 2216 gradum

187 2214 299 2282 cognati
321 2215 350 2266 in
368 2229 536 2281 unoquoque
559 2214 639 2266 iuxta
655 2228 684 2265 se
723 2212 787 2265 ositi
809 2213 1024 2280 conspiciantur.
1061 2213 1141 2278 Quod

186 2282 219 2333 ut
231 2281 377 2344 efficiatur,
397 2281 505 2333 directa
516 2281 591 2332 linea
609 2295 691 2332 ascen
713 2279 818 2332 entium
831 2279 951 2348 laevum,
971 2280 1140 2334 descenden-

186 2349 257 2400 tium
275 2348 405 2400 dextrum
428 2347 500 2400 latus
523 2345 641 2410 claudit3
664 2346 739 2398 intus
759 2348 825 2400 sunt
841 2362 859 2399 a
875 2347 963 2401 latero
981 2348 1140 2401 iunctorum

186 2414 277 2467 scalae
296 2416 326 2466 et
343 2413 445 2482 gradus
468 2415 509 2466 ita
529 2413 675 2479 delineati,
699 2413 777 2465 utin
794 2414 918 2468 secundo
940 2414 1076 2467 laterculo
1095 2415 1141 2468 vel

186 2481 483 2600 arata-arata
502 2479 919 2601 diditi{distiti-adr
935 2497 1069 2600 mamm
1087 2497 1140 2534 “V‘'

186 2565 304 2681 patruds
334 2564 386 2670 ἕο,
414 2565 595 2681 εεᾳυεηῢίϋιιζ
630 2565 753 2690 ἀίτρὲὲαρ
783 2564 875 2668 Ιίηθὲὲ
904 2564 1139 2670 &maffia

187 2682 360 2746 accrescant,
389 2695 540 2746 eorumque
564 2694 714 2748 progenies
738 2697 768 2732 m
794 2683 977 2748 sequentibus
1041 2682 1140 2735 adibus

186 2748 363 2812 ostendatur,
388 2763 443 2814 quo
462 2747 507 2812 fit,
531 2749 563 2800 ut
581 2749 610 2800 et
631 2764 750 2815 sequens
772 2749 889 2816 quisque
911 2750 1019 2802 latercu
1031 2767 1063 2801 us
1084 2765 1140 2802 una

186 2813 290 2867 cellula
316 2815 454 2882 augeatur
478 2816 507 2868 et
530 2816 607 2868 ortus
633 2816 736 2884 gradus
759 2831 793 2868 ex
815 2815 905 2884 gradu
931 2817 960 2868 in
981 2817 1139 2869 transverso

187 2881 284 2935 ordine
308 2882 451 2950 appareat,
487 2880 560 2935 Dum
578 2897 645 2935 vero
663 2882 715 2934 hoc
733 2883 816 2935 modo
839 2883 947 2936 directa
963 2881 1052 2949 linea,
1076 2897 1137 2949 pro·
1205 2931 1209 2941 ,

186 2949 308 3026 prietate
331 2966 382 3002 sua
398 2949 512 3026 amissa,
537 2949 619 3016 plane
642 2949 678 3027 ad
699 2951 851 3026 transversi
873 2950 978 3002 ordinis
1000 2964 1136 3027 normam,

186 3032 265 3159 run
279 3016 1138 3160 titulataalta⁰lrtattatitadlisa
1224 3095 1229 3134 2

185 3150 257 3202 trum
269 3166 402 3217 personas
414 3151 585 3218 pertrngant,
599 3151 718 3218 apparet
729 3155 821 3204 totum
834 3151 948 3204 schema
956 3150 992 3203 ad
1000 3150 1136 3204 illustran-
1233 3195 1238 3221 ,

186 3217 253 3269 dum
276 3218 320 3270 ius
342 3217 414 3284 legis
435 3216 548 3282 Furiae,
576 3233 610 3270 ex
632 3233 688 3284 quo
711 3219 741 3270 et
760 3218 888 3271 intestati
910 3219 975 3271 bon.
995 3218 1136 3286 possessio,
1251 3270 1252 3281 ,

186 3283 307 3336 maxime
320 3283 394 3336 unde
405 3285 525 3350 cognati,
538 3285 690 3350 pendebat,
704 3284 878 3362 aliarumque
888 3284 986 3354 legum
996 3299 1132 3353 compara

186 3351 246 3402 tum
265 3365 331 3405 csse.
367 3349 423 3402 Sed
441 3351 590 3417 praecipue
608 3350 687 3415 illud,
706 3351 782 3417 quod
799 3351 922 3404 lsrdorns
937 3351 1068 3417 servavit,
1087 3367 1130 3404 ex·
1143 3369 1204 3420 [aas]

187 3416 314 3483 emplum
324 3416 368 3470 ius
379 3416 451 3493 legis
461 3415 549 3468 iuliae
559 3416 751 3470 vicesimaniae
764 3421 903 3485 spectasse
916 3418 1041 3482 videtur;
1059 3434 1136 3487 quor-

188 3497 249 3532 sum
264 3483 490 3559 enimupertrneat
502 3481 552 3534 illa
564 3483 708 3562 adnotatio
724 3485 829 3561 {Usque
841 3485 878 3538 ad
889 3485 963 3562 hunc
972 3485 1135 3562 laterculum

188 3561 487 3679 astatadstat,
498 3549 585 3682 art
593 3549 1135 3686 ,istriaauaauaattat
