2542 3909
164 171 225 236 686
365 187 424 224 nas.
443 187 476 224 sn
493 186 553 223 aon.
573 185 664 223 mevit
682 186 789 223 eamn.
808 169 868 222 ΧΠ.
888 174 912 223 t.

163 319 232 394 legis
248 315 371 394 Aquiliae
385 316 474 374 noxali
489 315 589 374 iudicio
610 309 754 389 ’acturus,¹
777 318 801 373 sl
815 316 869 373 litis
890 319 1040 375 aestimatio
1055 335 1119 392 per-

163 405 296 475 mittitur,
317 400 446 458 indicium
467 400 537 457 ’cum
553 416 583 457 ea
598 400 679 458 edere
694 394 811 474 potes.'²
854 399 985 459 Videlicet
999 415 1055 458 non
1077 411 1120 459 est

164 486 232 545 'uisa
248 478 366 559 Aquilla³
382 481 517 542 sulficere.
559 479 587 542 7.
611 478 653 540 ⁴Si
674 483 850 542 ’fornacarlus
865 501 998 542 seruusue
1013 486 1117 543 aedium
1130 501 1199 551 [eea]

164 569 337 629 conductoris
349 563 490 627 colonlue⁵
500 568 531 624 ad
544 567 679 625 lernaeam
691 567 891 640 ’obdormisset,
907 562 950 625 et6
960 569 1024 626 uilla
1035 569 1118 628 luerit

164 662 267 728 exusta,
281 653 406 711 Neratius
421 651 525 724 scribit,
541 669 572 710 ex
584 652 673 709 locato
685 662 850 709 conuentum
860 662 997 727 praestare
1009 653 1116 727 debere,

163 741 186 796 si
202 738 353 814 neglegens
375 740 403 795 in
425 736 556 811 eligendis
578 737 732 793 ministeriis
754 737 814 798 tuit.
857 737 981 796 Ceterum
1003 741 1027 794 si
1048 738 1118 796 alins

163 825 253 898 ignem
268 821 412 880 subiecerit
428 820 547 892 lornacl,
569 819 637 876 alius
656 821 835 894 neglegenter
856 822 1031 893 custodierit,
1052 818 1118 898 ³(an

163 909 315 976 tenebitur,
337 909 388 980 qai
408 897 610 978 subiacentem
653 902 719 960 Nam
741 906 787 978 qui
802 897 858 961 ntia
881 906 1026 977 custodiit,
1049 907 1118 963 nihil

80 995 88 1012 '
163 992 242 1050 lecit:
265 991 313 1065 qui
328 998 401 1046 recte
417 990 506 1062 ignem
523 987 648 1060 subiecit,
667 1004 723 1045 non
738 989 874 1062 peccauit:
892 989 1118 1063 quemadmodum

163 1077 187 1131 si
201 1075 337 1132 hominem
353 1073 471 1130 medicus
486 1080 561 1129 recte
575 1074 708 1142 secuerit,
728 1072 776 1129 sed
796 1073 975 1147 neglegenter
989 1073 1033 1132 uel
1047 1077 1117 1150 ipse,

163 1159 209 1216 uel
229 1159 298 1215 alius
313 1157 458 1228 curauerit,
482 1155 587 1231 Aquilia
602 1149 715 1213 cessat.8
759 1155 827 1223 Quid
849 1149 915 1230 ergo
932 1159 991 1214 est?
1027 1157 1060 1214 Et
1074 1159 1121 1216 hic

163 1250 230 1317 puto
246 1242 278 1298 ad
294 1241 444 1314 exemplum
459 1239 580 1314 Aquiliae
595 1239 707 1296 dandam
725 1242 856 1298 actionem
873 1250 925 1298 tam
940 1244 968 1298 in
984 1259 1057 1314 eum,
1073 1244 1119 1317 qui

164 1328 196 1383 ad
211 1325 347 1384 lornacem
363 1324 541 1397 obdormiuit,
564 1323 608 1381 uel
624 1324 804 1398 neglegenter
823 1325 967 1398 custodiit,
990 1342 1067 1400 quam
1091 1327 1120 1383 ln

164 1409 305 1482 medicum,
322 1411 368 1483 qni
383 1408 563 1482 neglegenter
573 1410 690 1480 curauit,
704 1409 763 1464 siue
775 1409 856 1466 homo
868 1411 959 1483 periit,
974 1412 1032 1466 siue
1045 1409 1119 1467 delti-

163 1494 257 1551 litatus
272 1501 325 1550 est.
361 1491 415 1548 Nec
431 1494 572 1565 quisquam
586 1491 684 1548 dixerit
697 1493 725 1548 in
741 1508 784 1564 eo,
804 1483 851 1566 qui
865 1493 1039 1566 obdormiuit,
1061 1510 1119 1550 rem

164 1593 226 1634 eum
240 1577 384 1633 humanam
403 1584 430 1631 et
452 1573 602 1631 naturalem
624 1591 743 1650 passum,
765 1589 826 1632 cum
841 1575 954 1634 deberet
968 1577 1012 1635 uel
1027 1579 1117 1652 Ignem

163 1662 334 1734 extinguere,
356 1657 401 1714 uel
414 1659 452 1714 ita
467 1659 580 1729 munire,
606 1667 635 1715 ut
656 1659 720 1715 ’non
735 1654 923 1733 euageretur.⁰
965 1660 997 1719 8.
1021 1654 1118 1718 ¹⁰ltem

162 1783 370 1794 ψ

240 1845 260 1913 ¹)
274 1854 369 1896 acturus
385 1842 433 1911 (es)
448 1845 487 1894 eii.
498 1843 538 1893 Bt.
554 1859 589 1893 eae
602 1846 634 1908 ej.
687 1839 708 1908 2)
718 1859 772 1894 cum
787 1845 853 1895 adire
867 1851 947 1908 potest
955 1845 986 1894 B.
1002 1846 1047 1896 Ve.
1061 1847 1118 1912 kap.

162 1933 208 1972 011.
223 1917 306 1967 adhire
319 1922 399 1980 potest
418 1915 460 1965 Vi.
479 1915 660 1964 accommodare
678 1922 758 1978 potest
775 1917 815 1965 ad.
829 1915 871 1965 Bt.
898 1915 938 1966 De
955 1931 985 1966 re
998 1919 1023 1966 si
1037 1914 1118 1967 ‘iadi-

164 1993 231 2042 cium
245 2003 301 2040 cam
320 1989 374 2036 litis
392 1981 578 2036 aestimatione'
598 1987 782 2048 interpretaris
800 1987 976 2049 deformata,
995 2002 1061 2052 qnae
1074 1988 1118 2038 de·

164 2067 249 2111 tracta
263 2072 348 2110 nanae
367 2057 497 2108 deditione
516 2056 662 2118 concipitur
676 2052 756 2119 (qnod
771 2057 826 2114 feci
840 2056 962 2108 Zeitscir.
978 2060 995 2106 t.
1010 2057 1057 2124 a),
1071 2059 1118 2108 dn·

164 2131 311 2182 ditationem
324 2134 417 2185 rnooet,
432 2126 501 2190 qaod
513 2125 660 2175 huiusmodi
673 2127 788 2188 farmala
801 2129 892 2190 potins
910 2128 1034 2177 indiciam
1050 2126 1118 2180 ‘sine

163 2216 250 2252 nomae
264 2195 378 2250 datione’
394 2199 434 2246 oet
445 2194 574 2246 ‘detracta
589 2211 675 2246 nomae
688 2193 804 2248 datiane'
815 2197 870 2248 dici
883 2205 908 2248 et
920 2201 986 2248 solet
998 2205 1024 2248 et
1036 2196 1117 2250 debet.

163 2272 254 2336 Itaqae
272 2285 326 2320 rem
344 2284 412 2318 nanc
427 2282 461 2316 eac
474 2265 506 2315 t.
522 2277 555 2318 26.
579 2266 611 2315 D.
627 2267 663 2316 ad
676 2268 723 2332 leg.
738 2267 825 2332 Aquil.
842 2267 878 2334 (a,
893 2267 916 2334 a)
935 2270 1030 2333 iisqne,
1052 2285 1118 2334 qnae

166 2337 271 2392 ‘Gaias'
284 2356 312 2404 p.
328 2351 375 2390 na.
395 2339 537 2400 disputavi,
556 2338 692 2400 explicare
711 2341 785 2388 mato.
813 2338 876 2402 Ipsa
890 2341 934 2389 lese
947 2338 1055 2404 Aqaitia
1069 2341 1118 2391 da-

165 2420 250 2464 mnata
264 2425 323 2468 rea,
338 2409 428 2473 quanti
441 2423 472 2458 aa
486 2421 529 2456 res
543 2414 620 2469 esset,
633 2408 711 2466 dare,
731 2411 798 2458 certi
812 2411 1010 2469 condictionem,
1029 2425 1064 2460 cac
1077 2413 1122 2461 tna

161 2485 290 2547 fitiatione
304 2479 468 2542 duplandam,
484 2480 570 2530 actori
583 2477 726 2535 tribueram
744 2481 830 2544 itaque
844 2482 867 2529 is
882 2481 1006 2530 indiciam
1019 2496 1054 2530 eae
1067 2481 1118 2532 dac

164 2556 219 2618 iege
234 2549 303 2601 ‘cana
312 2548 381 2616 (saa)
392 2550 446 2598 litis
455 2545 643 2598 aestimatione’
655 2548 777 2599 dictabat.
803 2549 882 2610 Quam
892 2553 1009 2615 priscam
1021 2554 1118 2602 seueri·

164 2630 239 2674 tatem
250 2626 360 2684 praetor
378 2620 414 2668 ad
427 2621 553 2678 actiones,
572 2634 638 2683 qaas
655 2620 710 2682 ipsc
727 2635 791 2670 sane
808 2622 909 2671 omnino
928 2622 964 2671 ad
976 2625 1118 2686 exemplam

163 2695 229 2759 legis
242 2691 364 2755 Aquiliae
378 2689 464 2745 dabat,
478 2691 632 2754 simpliciter
646 2691 794 2754 transferre
806 2690 939 2742 dubitavit.
967 2693 1059 2758 Itaque
1072 2708 1119 2743 eas

164 2771 193 2814 nt
206 2770 306 2814 ceteras
319 2762 440 2826 anlpares
449 2762 564 2811 actiones
574 2762 705 2823 concepit:
717 2763 770 2810 nisi
779 2769 861 2812 tamen
871 2764 926 2826 ipase
939 2777 1009 2820 rens,
1024 2771 1051 2814 at
1060 2779 1118 2814 cam

164 2836 218 2884 titis
232 2834 407 2883 aestimatione
422 2838 557 2897 ageretur,
568 2832 741 2894 permitteret,
755 2835 846 2892 aetati,
861 2834 931 2897 qnod
940 2833 1041 2896 factam
1055 2849 1117 2884 can-

162 2904 294 2966 dtebatttr,
308 2910 354 2952 ant
367 2902 503 2961 metuebat,
519 2916 550 2951 ne
570 2901 653 2950 iudex
664 2903 722 2952 sine
739 2904 864 2954 eiusmodi
882 2906 982 2954 actoris
998 2906 1116 2955 aestima·

163 2978 246 3033 tione,
260 2975 367 3024 maioris
382 2988 456 3038 qaam
470 2973 525 3035 ipse
540 2978 614 3022 actor
627 2974 696 3021 litem
710 2974 891 3023 aestimatores
909 2982 981 3024 essct.
997 3002 1030 3012 —
1045 2975 1117 3026 Male

164 3046 276 3109 Radorf.
292 3043 471 3109 Recltsgescit.
486 3043 508 3103 ξ.
519 3054 553 3092 tt.
569 3048 619 3092 nat.
631 3055 665 3093 11.
680 3045 712 3106 qi.
726 3045 888 3107 praemittitur
896 3060 948 3109 pro
962 3046 1115 3108 permittitur.

165 3113 185 3180 ³)
201 3118 260 3165 visu.
276 3116 367 3178 Aquilia
381 3114 412 3163 B.
432 3115 509 3162 visum
523 3113 614 3176 Aquilia
634 3113 678 3162 Ve.
699 3113 740 3162 Vi.
760 3115 836 3164 risum
849 3115 965 3179 Aquiliam
980 3117 1020 3166 ed.
1033 3116 1075 3166 Bt.

164 3184 185 3253 ⁴)
201 3187 250 3236 Est
263 3185 295 3234 L.
310 3195 344 3236 tt.
359 3186 382 3246 ἕ.
398 3196 417 3235 9.
437 3183 470 3232 D.
486 3184 522 3232 ad
536 3187 583 3248 lep.
599 3183 686 3248 Aqail.
703 3182 734 3248 (9,
748 3182 780 3249 tt).
843 3182 864 3251 ⁶)
879 3187 940 3235 torte
955 3201 1040 3236 seruus
1055 3201 1116 3251 quae

163 3258 226 3307 idem
240 3255 398 3306 conductores
413 3253 492 3303 coloni
505 3253 535 3302 B.
556 3254 601 3305 Va.
621 3255 682 3303 lorte
696 3269 742 3318 que
756 3256 834 3305 eidem
848 3257 1007 3307 conductores
1022 3258 1116 3308 colonia

167 3328 207 3376 Vi.
224 3325 370 3376 fornacarius
385 3339 470 3373 seruus
485 3324 564 3372 coloni
578 3324 639 3389 nep.
670 3324 708 3388 Cf.
724 3324 848 3375 Zeitscitr.
867 3326 946 3375 XIII.
961 3343 990 3390 p.
1004 3339 1040 3382 41.

163 3394 303 3462 ⁶)Malim:
322 3393 399 3460 (cam)
414 3394 580 3444 obdormisset.
655 3391 735 3451 'tEn
753 3396 910 3461 Dipsnppt.
925 3396 966 3446 Bt.
1040 3394 1061 3463 ⁸)
1077 3397 1116 3460 Cf.

38 3483 45 3527 a
162 3466 194 3514 L.
210 3479 222 3518 s
233 3482 277 3530 pn.
292 3464 324 3514 t.
339 3476 360 3516 t⁴
375 3467 398 3526 §-
414 3476 434 3516 a.
450 3465 482 3513 I).
497 3465 594 3529 adtep.
609 3464 698 3528 Aqaii.
713 3464 785 3531 (aa).
836 3463 858 3532 ⁹)
873 3465 990 3532 mxntp.
1007 3474 1118 3529 enegarat

166 3535 192 3583 B.
214 3537 258 3585 Va.
279 3534 393 3584 euaderet
416 3535 456 3584 Vi.
481 3540 592 3596 euagaret
610 3534 649 3584 ed.
668 3534 710 3584 Bt.
777 3532 810 3601 10)
823 3536 921 3586 Exstat
938 3537 970 3585 L.
990 3547 1023 3587 et.
1043 3538 1067 3598 ἕ.
1082 3548 1116 3588 to.
