2542 3909
348 200 384 233 na
401 197 592 240 possusumus
610 198 646 234 nn
666 198 754 234 anenno
772 197 888 235 etaemus.
1032 179 1091 244 793

140 330 228 388 tinere
243 325 353 398 debeat,
379 328 449 384 circa
464 344 531 401 quas
551 327 678 384 uoluntas
698 338 875 400 patronorum
896 329 925 385 ln
944 341 1096 402 supremam

142 427 228 484 usque
244 410 314 466 diem
331 413 557 483 perseuerauerit.
594 410 653 467 Hoc
671 418 760 468 tamon
781 415 823 469 ius
838 411 922 469 stabit
935 414 1006 468 intra
1023 413 1097 484 ipso·

141 511 202 554 rum
218 502 322 551 tantum
337 494 534 566 liberalitatem,
550 494 596 567 qui
609 493 792 551 donauerunt:
812 504 933 553 ceterum
948 511 1035 568 neque
1051 493 1097 550 filii

142 595 251 644 eorum,
274 595 363 652 neque
383 594 555 636 successores
577 577 610 634 ad
633 570 717 634 ’boo¹
745 576 905 635 beneficium
927 581 1096 652 perueniant.

142 679 231 737 neque
247 664 318 721 enim
334 661 373 719 las
389 670 431 720 est
451 661 606 719 omnimodo
621 664 771 734 inquietari
785 661 960 731 donationes,
983 663 1097 735 quasis,

143 749 190 822 qui
205 746 367 818 donauerat,
390 748 418 802 in
432 747 502 803 diem
517 748 589 803 uitae
604 762 668 802 suae
683 762 736 802 non
757 747 907 802 reuocauit.
944 745 1011 800 Dat.
1028 745 1060 799 Χ
1067 745 1096 800 V.

143 832 202 891 loct.
219 829 274 887 Iul.
291 831 448 888 Aemiliano
463 828 504 887 ΙΙ.
522 837 549 887 et
563 831 697 904 Aquilino
711 823 820 886 εοηεε.2

68 923 132 974 [oso]
206 909 272 971 2⁷3.
297 908 405 971 'binus³
420 914 610 971 Constantinus
625 912 753 972 etGaess.
777 906 890 970 'Prisca4
904 913 1097 987 legumaequi·
1114 907 1185 988 §iffi

144 1005 199 1055 tate
220 991 372 1071 'prouisa‚⁵
398 999 482 1055 uariis
503 997 644 1071 ambagum
666 998 793 1054 uersutils
821 998 952 1071 exquisita
974 995 1094 1066 donatio,
1109 990 1187 1030 ΠΜ·

143 1082 207 1140 licet
230 1075 373 1139 ’titulant
398 1083 541 1155 emptionis
563 1081 608 1137 uel
630 1079 713 1136 debiti
735 1089 856 1136 tenorem
879 1079 1098 1152 conprehendere

144 1165 278 1237 uideatur,
293 1174 380 1223 tamen
396 1165 474 1222 claris
488 1157 702 1220 'testationibus⁷
718 1163 840 1238 probata,
857 1163 936 1220 debet
951 1165 978 1218 in
993 1165 1099 1219 irritum

145 1248 288 1321 deuocari3
308 1248 442 1322 siquidem
457 1247 657 1304 consultissima
672 1249 776 1304 ratione
792 1247 917 1304 uideatur
933 1263 993 1305 esse
1007 1248 1099 1321 proui-

145 1348 219 1403 sum,
239 1333 410 1388 matrimonio
425 1338 566 1390 constante
580 1331 741 1386 donationes
755 1333 827 1388 inter
843 1332 929 1387 uirum
946 1339 972 1386 et
988 1347 1099 1388 uxorem

145 1415 315 1472 ’altrinsecus
337 1409 465 1488 agitatas8
487 1414 587 1470 nullam
607 1412 760 1472 firmitatem
777 1414 885 1474 habere.
923 1431 973 1471 nec
987 1413 1038 1470 sibi
1053 1414 1099 1470 de-

145 1498 210 1556 bent
232 1493 371 1556 mulieres⁹
393 1498 524 1570 blandiri,
547 1498 581 1555 ’si
602 1491 772 1572 tamquaml⁰
794 1498 950 1556 uenditores
966 1496 1010 1554 uel
1025 1497 1100 1554 debi-

146 1591 222 1640 tores
243 1582 276 1638 ad
298 1583 445 1640 eludendas
466 1583 558 1656 legum
580 1584 734 1640 sanctiones
757 1583 844 1638 mariti
866 1598 957 1638 earum
979 1599 1009 1639 se
1031 1583 1099 1638 ialso

147 1666 290 1723 uideantur
304 1682 365 1723 esse
379 1666 505 1740 professi.
537 1683 621 1741 quare
636 1665 754 1724 Vettium
769 1664 904 1736 Rufinum,
922 1665 1100 1722 clarissimum

147 1752 234 1806 uirum
257 1748 520 1823 praeesumeret,
548 1751 662 1806 amicum
684 1758 821 1820 nostrum,
849 1750 926 1805 cuius
947 1751 1023 1805 notio
1046 1757 1099 1820 est,

146 1832 218 1889 adlre
232 1847 288 1888 non
302 1832 464 1905 prohiberis,
485 1834 531 1905 qui
544 1833 671 1903 partium
686 1832 901 1905 ’allegationibus
916 1826 1099 1888 examinatis¹¹

146 1916 272 1990 petitioni
284 1923 345 1971 tuae
357 1916 504 1972 secundum
516 1908 620 1972 ’iuris¹²
631 1915 784 1987 prouidebit
794 1917 932 1973 iustitiam.
957 1915 1012 1972 ilat.
1025 1915 1099 1974 llllll.

146 1999 199 2057 ital.
214 1999 284 2055 Nou.
300 1997 461 2069 Mediolano,
479 1998 656 2054 Constantino
673 2007 700 2056 et
713 1999 814 2056 Licinio
830 1991 950 2058 conss.¹³

209 2077 276 2139 2⁷4.
310 2082 391 2138 Iidem
412 2082 536 2139 Aureliae
556 2081 669 2138 Sabinae
694 2083 753 2139 siue
776 2082 934 2141 Gaudiosae.
977 2081 1052 2140 Licet
1073 2083 1101 2138 in

147 2174 282 2241 potestate
305 2163 391 2222 'filius
413 2158 550 2239 degens¹⁴
571 2165 747 2222 donationum
770 2165 894 2225 ellectum
917 2183 931 2221 a
953 2175 1028 2240 patre
1050 2164 1101 2222 sibi

147 2334 209 2383 Atta
232 2335 356 2398 quaedam
379 2334 491 2384 Momms.
516 2335 599 2396 dedit,
623 2337 692 2384 velut
714 2335 861 2384 conlationes
880 2350 932 2399 pro
955 2335 1101 2398 largitiones.

149 2401 170 2469 ¹)
183 2402 229 2452 Sic
243 2419 277 2453 eae
296 2405 323 2453 V
327 2403 347 2452 ἃ.
363 2404 476 2454 Momms.
491 2405 530 2456 ed.
546 2413 571 2454 et
584 2405 648 2454 lust.
665 2405 690 2454 0.
705 2420 751 2454 om.
767 2413 868 2454 ceterae
882 2405 940 2455 edd.
999 2401 1020 2471 ¹)
1034 2404 1101 2468 Sup-

143 2475 215 2538 pleto
230 2489 264 2522 eac
277 2474 340 2522 lust.
358 2474 383 2522 0.
403 2473 451 2522 Est
461 2490 484 2522 a.
495 2484 542 2525 249.
594 2471 675 2539 ⁸)Sic
695 2475 722 2522 V
723 2474 742 2522 ἅ.
759 2475 811 2523 Diui
826 2475 865 2523 ed.
876 2474 968 2524 Holtw.
988 2475 1101 2524 Dominus

147 2544 186 2593 ed.
206 2543 320 2594 Momms.
344 2543 459 2591 Caesares
478 2558 617 2606 perperam
640 2545 755 2594 adiectos
780 2559 846 2602 esse,
873 2545 985 2594 Monnts.
1006 2562 1033 2610 p.
1053 2557 1100 2598 405.

147 2621 226 2664 notat.
299 2610 321 2679 ⁴)
337 2613 473 2663 Fortasse:
491 2614 579 2662 Prisco.
609 2613 781 2680 missorium),
800 2617 839 2663 oet
853 2621 950 2665 tontum
965 2615 1054 2666 Prisco.
1075 2623 1102 2666 ut

147 2685 208 2735 boio
226 2685 308 2734 Prisco
326 2686 482 2747 rescriptum
497 2684 596 2746 faerit,-
614 2684 667 2733 nisi
685 2686 708 2733 is
727 2687 842 2735 consulto
861 2687 969 2736 omissus
987 2695 1032 2736 est.
1062 2687 1101 2750 Cf.

148 2757 187 2818 ἐξ.
203 2765 237 2807 tto.
252 2767 299 2806 249.
313 2783 350 2792 -
363 2753 448 2805 Soloi.
464 2756 491 2822 in
505 2769 601 2818 scorp:
618 2753 652 2802 De
672 2753 838 2803 donationibus
857 2755 901 2803 sub
917 2757 1055 2819 emptione.
1072 2790 1100 2806 ..

148 2826 192 2874 snb
207 2865 213 2877 .
229 2865 235 2878 .
252 2864 258 2876 .
273 2826 305 2874 tis
320 2825 384 2875 Mai.
413 2825 456 2874 llic
476 2825 506 2874 de
525 2824 693 2893 donationibus
712 2825 756 2872 sub
777 2825 909 2886 emptionis
929 2826 1003 2876 titulo
1022 2826 1101 2887 factis

147 2895 187 2943 ed.
202 2894 316 2945 Momms.
331 2903 409 2945 reete.
479 2893 500 2960 ⁶)
514 2897 649 2957 praeclusa
662 2909 697 2943 esc
711 2897 744 2957 ej.
759 2893 797 2943 ed.
813 2893 926 2943 Momms.
955 2894 991 2944 Aa
1005 2897 1101 2958 prouisa

144 2965 259 3027 pertinet
272 2963 309 3012 od
322 2964 426 3022 donatio,
441 2980 507 3029 quae
520 2967 597 3014 etiam
610 2965 659 3014 boe
673 2965 746 3014 morlo
758 2965 832 3027 facto
847 2979 879 3013 ne
893 2967 998 3022 valeret,
1009 2968 1102 3028 prisea

147 3036 229 3098 lepnm
242 3034 370 3096 aequitate
383 3037 514 3095 precisum
527 3042 593 3084 erat.
667 3030 688 3097 ⁶)
703 3034 747 3083 En
766 3034 793 3082 V
794 3033 812 3082 ⁶¹.
829 3034 943 3085 Monens.
958 3035 998 3084 ed.
1013 3036 1102 3084 instru-

146 3110 250 3153 mentum
274 3102 333 3152 Vat.
351 3104 409 3152 edd.
429 3112 538 3154 ceterae.
613 3102 690 3170 ⁷)Ita
708 3119 743 3154 em
766 3105 792 3153 V
794 3104 813 3153 ¹¹.
832 3105 872 3154 ed.
893 3103 1008 3154 Momms,
1027 3105 1101 3156 dona-

147 3174 252 3222 tionibus
270 3172 329 3224 Vot.
344 3174 402 3224 edd.
417 3181 525 3224 ceterae.
599 3172 621 3240 ⁸)
635 3174 681 3224 Sic
695 3189 729 3224 ex
748 3172 775 3224 V
776 3173 787 3208 l
793 3211 798 3224 .
814 3175 853 3225 ed.
869 3174 982 3224 Momms.
998 3189 1024 3224 re
1038 3175 1103 3241 (siue

146 3243 197 3307 res)
211 3245 319 3294 insecuta
332 3258 379 3294 uon
393 3251 457 3294 ratas
472 3245 536 3294 Mai.
552 3245 592 3298 ed.
665 3241 687 3308 ⁹)
707 3246 734 3295 V
735 3244 754 3294 ἃ.
771 3246 877 3295 mulieris
896 3245 954 3295 Vnt.
970 3246 1102 3296 eddonis

148 3314 262 3366 Momms.
336 3312 369 3381 ¹⁰)
383 3314 428 3364 En
447 3315 473 3364 V
475 3315 494 3363 ἃ.
509 3315 548 3364 ed.
565 3315 679 3366 Momms.
694 3331 838 3379 pacemquam
853 3316 910 3368 edd.
925 3324 1035 3366 ceterae.

151 3382 185 3451 ¹¹)
198 3385 276 3434 Hane
294 3387 327 3447 ei.
345 3384 427 3436 Borlc.
447 3385 545 3438 Baete.
569 3385 682 3448 Rudorf.
701 3388 862 3449 confirmavit
880 3387 906 3436 V
908 3385 929 3436 ἃ.
954 3387 1102 3448 allegationis

148 3469 191 3505 exa
205 3492 212 3505 .
228 3493 234 3504 .
251 3492 256 3505 .
273 3491 281 3504 .
299 3455 358 3505 Vnt.
373 3457 412 3508 ed.
427 3456 522 3507 Hotlw.
589 3453 622 3522 ¹¹)
639 3456 773 3508 Fortasse:
787 3458 900 3507 muneris.
966 3454 999 3522 ¹⁸)
1014 3474 1038 3507 α.
1053 3469 1100 3510 stt.

152 3522 184 3593 ¹⁴)
198 3524 243 3576 Sic
257 3526 334 3576 etiarn
349 3526 462 3578 Momms.
477 3528 516 3577 ed.
531 3527 574 3577 lilii
588 3535 644 3578 snut
657 3527 726 3592 (utiiu
745 3526 805 3595 Vl.)
826 3529 938 3591 degentes
958 3528 1015 3580 Vnt.
1044 3527 1101 3579 Sei·
