2542 3909
186 211 246 269 142
510 216 536 249 u.
556 213 686 250 vannnrvs
704 212 810 250 racana.

184 340 365 408 1161611.
512 341 659 413 praecipito
674 340 774 394 sumito
789 336 900 412 ’tibique
916 332 1032 394 haheto¹

183 424 329 485 0.0.tt.t.
513 425 602 479 omnia
618 431 785 493 ornamenta,
802 423 889 477 omnia
905 416 999 479 texta²

184 510 214 565 V.
222 507 297 565 tttt.
514 514 616 562 uestem
632 506 761 573 muntium
777 497 955 561 muliebrem³

184 592 214 647 Τ.
227 590 375 649 Τ.Α.Α.Α.
512 590 619 663 tegulas
636 584 739 645 testas⁴
755 606 850 645 aurum
866 598 1007 663 argentum
1023 593 1076 646 ies·

184 673 249 729 DC.
264 671 487 748 (O.)i*.ii.G.ii.
513 675 666 729 testamenti
688 690 767 730 causa
787 669 912 744 (omissa)
935 673 1050 730 familiae
1075 691 1143 730 rnor-

227 755 485 832 (M.)v‚.tt.o.t.0.
553 758 589 813 tis
615 774 695 813 rausa
720 758 898 813 manumissne
929 756 1046 813 uindicta
1072 766 1143 814 recte

554 849 689 913 competet
704 840 822 897 liberalis
837 834 935 896 causa⁵

183 925 209 983 S.
223 925 255 995 0.
266 925 298 984 ii.
313 925 346 981 ii.
358 924 392 982 ii.
406 924 440 981 ii,
450 924 484 985 ii.
512 927 534 981 si
551 927 610 998 quis
624 925 712 980 ’manu
724 917 842 980 missus⁶
856 925 1017 981 manumissa
1028 923 1188 987 moriturttot

183 1009 213 1065 li.
222 1009 288 1067 titt.
298 1010 305 1031 ’
315 1010 346 1067 V.
355 1001 411 1064 Est
512 1008 607 1064 deinde
621 1008 736 1081 deperiit
747 1009 950 1065 deminutumue
966 1016 1008 1065 est

184 1093 299 1151 HSOG.
511 1092 611 1148 herede
625 1084 787 1164 cognitorc⁸

183 1177 255 1238 iiii.
265 1177 296 1233 Ο.
513 1175 613 1232 donum
629 1192 727 1231 munus
744 1170 859 1249 operas⁹

184 1261 294 1322 0.tt.tt.
514 1276 609 1334 operas
624 1260 726 1315 rionurn
742 1252 874 1314 rnunus¹⁰

184 1343 252 1412 Q.P.
262 1342 373 1401 11616.
513 1342 586 1416 qnod
599 1343 721 1416 pondere
733 1359 845 1399 numero
855 1360 979 1400 mensura
992 1346 1146 1407 continetur

184 1509 243 1550 tuor
253 1501 350 1563 primis
364 1500 466 1557 litteris,
481 1514 546 1563 quas
558 1500 679 1561 suspicor
692 1500 853 1564 sipnifieasse
868 1500 892 1548 Si
903 1500 953 1548 Non
968 1500 1049 1547 Potest
1058 1499 1145 1549 Manci-

186 1586 245 1634 pare
260 1570 338 1634 (vetut
347 1568 458 1632 absens),
474 1575 501 1618 ut
515 1569 579 1619 iaec
590 1570 706 1632 sornruta
720 1570 823 1619 sinendi
837 1570 910 1620 modo
921 1570 1025 1635 iepnnoii
1032 1572 1058 1617 in
1070 1568 1147 1618 rebus

184 1641 298 1704 mancipi
308 1656 360 1704 per
373 1640 560 1689 damnationem
575 1642 667 1703 tepetis
681 1642 708 1688 t'n
723 1655 770 1689 usu
783 1641 866 1703 suerit
880 1640 926 1705 (ef.
939 1639 995 1689 Gai.
1010 1652 1031 1696 1,
1041 1650 1087 1690 204.
1099 1650 1145 1689 214.

186 1712 218 1760 L.
230 1723 263 1761 so.
275 1712 298 1772 ἕ.
310 1723 331 1760 1.
349 1710 382 1759 D.
397 1711 428 1759 de
439 1712 486 1774 lep.
497 1708 530 1775 6.)
545 1711 654 1773 indeque
664 1712 765 1759 omnino
780 1713 855 1776 oripo
870 1712 949 1776 lepati
957 1711 1060 1759 sinendi
1072 1710 1146 1759 modo

184 1782 270 1831 aditae
284 1783 406 1845 ipnorata
420 1781 560 1843 repetenda
575 1781 702 1829 uideatur.
734 1778 755 1845 ¹)
769 1780 844 1831 Haec
856 1781 899 1831 Od.
910 1782 963 1831 alio
979 1779 1089 1830 tooosub
1104 1782 1146 1828 iit-

184 1860 241 1901 tera
251 1852 270 1901 T
280 1858 306 1900 et
318 1852 358 1901 ed.
369 1858 488 1915 tanquam
494 1852 631 1914 propriam
644 1859 728 1902 notam
738 1859 863 1914 repetunt.
889 1851 989 1901 Revera
999 1850 1069 1914 apud
1080 1850 1145 1900 Pra-

185 1922 241 1971 bum
250 1922 314 1971 itaee
323 1929 348 1970 et
361 1928 415 1970 tres
428 1929 560 1985 sequentes
572 1929 647 1971 natae
657 1938 732 1971 unam
745 1923 883 1985 sormidam
893 1924 1048 1973 coniunctim
1062 1924 1145 1986 iopen·

186 1993 245 2042 dam
256 1992 508 2055 effecissecidentur.
536 1988 557 2056 ²)
574 1992 612 2055 Cf.
627 1992 653 2040 L
676 2004 709 2043 16.
720 2004 753 2043 aa.
765 2004 797 2043 61.
818 1994 850 2042 D.
865 1994 897 2042 de
907 2008 973 2043 auro
988 2008 1045 2057 arp.
1060 1992 1104 2056 (64,
1114 1989 1146 2054 2).

186 2059 209 2128 ο)
227 2062 265 2126 Cf.
280 2063 313 2111 L.
327 2074 348 2113 8.
367 2062 400 2111 L.
414 2064 479 2124 Μ
502 2075 523 2113 6.
542 2063 574 2110 D.
594 2064 650 2112 aad.
701 2060 723 2128 ⁴)
740 2063 778 2126 Cf.
800 2064 832 2112 L.
852 2076 871 2113 1.
893 2066 916 2125 ξ.
937 2076 956 2113 1.
982 2064 1014 2111 D.
1030 2064 1062 2112 de
1076 2065 1146 2128 tipna

186 2132 231 2198 (41,
246 2132 279 2198 s).
318 2131 340 2198 ὅ)
354 2131 400 2183 Sic
414 2133 477 2182 miii
489 2134 579 2183 uideor
593 2135 737 2182 restituisse
755 2133 837 2183 Probi
841 2134 950 2197 probam
958 2135 1104 2197 sorntutam,
1120 2135 1146 2181 in

186 2204 230 2253 Ga.
240 2206 306 2253 male
320 2205 347 2252 in
362 2204 425 2253 naec
439 2205 551 2268 quinque
562 2206 652 2268 frusta
666 2205 821 2266 discerptam
836 2212 861 2254 et
871 2207 970 2268 passim
985 2211 1148 2267 corruptam:

184 2275 209 2323 F.
221 2275 248 2324 t.
257 2273 282 2322 C.
299 2275 409 2322 iamiiiarn
423 2276 559 2323 testamenti
575 2290 645 2322 canan
657 2274 758 2339 (etpost
771 2274 825 2323 sub.
837 2277 874 2324 iit.
889 2275 923 2323 T:
936 2276 963 2323 Τ.
975 2273 999 2323 C.
1011 2274 1147 2323 testamenti

185 2343 267 2410 cansa)
282 2345 308 2392 L.
319 2344 344 2392 C.
354 2345 470 2393 libertatis
485 2360 556 2393 causa
570 2346 600 2394 ii.
616 2344 642 2393 C.
657 2346 686 2393 tt.
702 2346 786 2393 rnortis
801 2360 872 2394 cansa
887 2342 1146 2394 manumissorum.

185 2416 290 2464 uindicta
304 2421 369 2462 recte
380 2421 490 2478 neempet
498 2414 559 2480 (iam
570 2416 659 2465 Moms.
671 2417 789 2465 connexit
800 2414 937 2480 competet).
962 2415 1071 2463 Videtur
1086 2430 1147 2465 cau·

186 2487 237 2534 teia
249 2491 397 2533 testamento
406 2486 541 2547 adscripta
551 2487 691 2535 monendae
706 2487 737 2534 cie
751 2486 853 2536 iuribus
866 2488 921 2535 suis
932 2486 1050 2548 familiae
1060 2500 1148 2543 causa,

186 2571 260 2618 quam
269 2556 359 2604 ntortis
369 2570 448 2604 causa
459 2563 565 2605 testator
576 2556 740 2605 liberauerat.
760 2556 799 2605 De
808 2556 934 2606 eiusmodi
942 2557 1147 2605 manumissioni-

185 2625 231 2674 bus
245 2625 296 2673 uid.
312 2625 343 2673 L.
359 2635 392 2675 16.
411 2625 444 2674 D.
459 2626 491 2675 de
505 2629 650 2677 manumiss.
667 2625 757 2691 (161).
787 2626 823 2675 Et
832 2628 1038 2675 testamentariae
1047 2626 1148 2689 quidem

185 2696 395 2745 manumissiones
404 2698 497 2746 omissa
507 2712 587 2748 eausa
595 2699 739 2751 testamenti
746 2697 905 2747 intercidunt
913 2695 955 2763 (L.
967 2707 999 2746 tt.
1015 2696 1047 2743 D.
1057 2697 1149 2759 siquis

186 2769 279 2815 omissa
289 2782 310 2815 c.
322 2772 339 2815 t.
350 2778 384 2824 att,
393 2764 426 2832 4).
449 2765 525 2817 Sicut
533 2783 594 2817 cero
604 2770 694 2817 montis
704 2782 783 2817 causa
791 2768 943 2817 donationes
952 2781 984 2815 ne
993 2766 1094 2829 quidem
1103 2780 1148 2814 ae-

185 2844 275 2887 eusato
285 2843 432 2888 testamento
446 2839 612 2902 auferuntur,
626 2838 695 2902 quod
705 2838 736 2900 fit
750 2840 843 2902 tepetis
857 2845 882 2887 et
893 2835 1057 2887 iibentatibus
1071 2842 1148 2885 testa·

185 2915 267 2957 mento
282 2908 351 2957 datis
370 2906 412 2974 (L.
428 2919 448 2961 6.
464 2910 503 2971 55.
519 2920 553 2961 16.
568 2920 602 2959 tt.
626 2909 658 2956 D.
674 2909 705 2957 de
720 2908 760 2957 nis
779 2923 844 2972 quae
863 2915 891 2957 ut
904 2907 958 2955 ind.
974 2918 1008 2965 st,
1022 2904 1055 2971 9),
1070 2908 1148 2955 multo

185 2980 268 3028 minus
282 2977 389 3028 libertas
402 2981 492 3029 mortis
506 2994 586 3029 causa
596 2980 712 3028 vindicta
726 2979 788 3028 dota
803 2980 896 3028 omissa
911 2992 991 3027 causa
1006 2978 1149 3026 testamenti

188 3050 303 3114 infrinpi
316 3049 396 3098 debet.
435 3046 458 3115 ⁶)
473 3050 641 3098 manunumisit
653 3050 696 3099 Od.
710 3046 877 3113 ‘principium
887 3056 925 3098 est
938 3049 1018 3097 edicti
1031 3048 1063 3097 de
1077 3047 1151 3098 bonis

188 3117 348 3170 libertorum’
365 3120 455 3170 Mones.
486 3118 641 3184 &correxi
656 3120 685 3169 ii.
703 3120 746 3168 Cd.
762 3120 801 3168 eoi.
818 3119 856 3182 Os.
872 3119 904 3168 L.
920 3130 952 3169 to.
969 3120 1008 3181 ἐξ.
1024 3130 1043 3169 6.
1059 3130 1091 3169 17.
1116 3118 1150 3167 D.

185 3191 217 3240 de
232 3191 286 3240 ier.
300 3198 353 3254 pet.
369 3190 401 3256 (6,
412 3190 443 3252 o).
466 3190 605 3253 Spectabat
618 3206 679 3239 vero
694 3191 730 3239 ad
742 3191 941 3253 stipulationem,
952 3205 1017 3254 quae
1024 3196 1085 3253 post
1099 3203 1150 3239 me·

185 3270 309 3320 naoratur,
323 3261 365 3309 itis
377 3260 455 3309 rebus
473 3268 543 3310 necte
554 3263 696 3323 praestari.
727 3260 765 3324 Os.
783 3259 934 3311 Goecidaeus
949 3261 984 3309 ad
997 3260 1028 3309 L.
1041 3272 1073 3311 tt.
1089 3261 1112 3321 ἕ.
1129 3271 1150 3309 1.

185 3333 217 3381 D.
232 3333 265 3382 de
279 3331 347 3381 verb.
363 3333 429 3395 sipn.
445 3330 544 3396 (66.16).
576 3328 596 3396 ⁸)
606 3330 744 3393 Spectabat
755 3331 871 3394 fortasse
881 3332 1022 3396 infamiam.
1040 3330 1078 3394 Of.
1092 3329 1151 3381 Gaii

184 3414 206 3460 4,
220 3414 267 3453 rsa.
298 3402 412 3451 Ceterum
426 3401 523 3458 dubito,
537 3418 570 3451 an
586 3403 664 3450 trium
678 3403 824 3451 litterarum
838 3409 899 3453 nota
913 3418 948 3452 ecc
959 3401 1045 3452 Probo
1057 3401 1150 3464 fuerit.

185 3470 207 3537 ⁹)
223 3473 261 3535 Cf.
276 3472 308 3521 L.
323 3483 349 3525 66
362 3488 406 3536 pr.
425 3472 457 3520 D.
477 3473 509 3521 de
523 3471 591 3521 verb.
605 3473 673 3535 sipn.
688 3470 733 3534 (60,
749 3469 793 3535 16).
821 3472 898 3522 Paul.
913 3472 940 3521 S.
957 3472 988 3522 B.
1003 3484 1024 3532 8,
1039 3483 1074 3523 32.
1089 3472 1113 3532 ἓ.
1129 3482 1150 3521 1.

187 3540 220 3606 ¹⁰)
237 3543 275 3605 Cf.
289 3542 322 3591 L.
338 3553 357 3593 t.
373 3544 395 3603 ὅ.
411 3552 431 3593 6.
447 3543 573 3605 Latpr.
593 3541 626 3589 D.
642 3541 673 3589 de
688 3555 728 3602 op.
744 3540 827 3590 ttoert.
843 3540 888 3606 (66,
903 3542 935 3607 1).
