2542 3909
432 239 468 272 ns
486 238 609 273 usumve.
627 237 796 274 susurrus.
1053 232 1094 289 83

128 368 188 422 sine
201 381 321 438 corpore
335 366 424 420 animo
439 366 552 437 uigente
566 365 657 421 diuina
670 367 726 422 uita
738 374 795 434 θεῖς
812 380 894 421 sensu
906 374 1016 422 carente
1027 366 1096 421 nihil

126 450 254 525 prolecto
268 456 314 505 cst
327 448 409 504 mali'
426 478 466 488 -
482 448 601 505 taceant
615 451 702 505 instit.
718 450 776 513 diu.
790 449 820 520 3,
837 450 888 520 19,
904 450 932 505 2.

191 530 218 591 2.
245 533 341 589 Cicero
362 532 397 587 de
416 532 525 605 legibus
545 526 657 589 tertio:¹
695 531 756 601 ‘Qui
775 532 880 607 poterit
902 535 992 590 socios
1012 537 1094 605 tueri,

127 621 151 674 si
169 618 300 674 dilectum
318 633 412 673 rerum
428 616 537 673 utilium
557 626 585 673 et
602 618 738 673 inutilium
760 634 815 674 non
830 616 969 674 babebitl’
987 650 1028 659 -
1042 618 1096 673 lla·

128 702 205 759 orob.
221 700 257 757 de
271 701 357 757 diller.
374 709 402 755 et
416 717 475 757 soc.
491 702 584 758 Graeci
599 701 657 758 lat.
674 718 700 775 q.
718 702 794 759 uerbi
806 703 857 772 l'l,
873 702 902 763 6.
918 711 946 758 et
957 710 1027 762 auct.
1040 704 1095 758 inc.

127 788 161 843 de
175 785 263 842 uerbo
279 784 309 855 5,
326 785 355 841 6.

190 866 220 928 3.
240 870 318 926 Nunc
336 877 427 924 autem
441 868 504 924 mali
518 878 584 927 sunt
597 871 772 944 ignoratione
786 872 854 925 recti
869 887 901 926 ac
915 870 989 927 boni.
1023 870 1096 943 quod

128 954 239 1029 quidem
253 953 348 1009 Cicero
369 952 452 1008 uidit:
473 952 616 1027 disputans
637 956 709 1010 enim
724 955 758 1009 de
772 947 906 1028 legibus,3
921 953 1004 1010 ‘sicut
1017 954 1095 1026 urna’,

124 1041 234 1112 inquit,
256 1034 417 1111 ‘eademque
437 1044 535 1093 natura
556 1038 674 1095 mundus
697 1036 820 1093 omnibus
843 1038 964 1110 partibus
979 1040 1051 1093 inter
1066 1055 1096 1094 se

114 1120 345 1197 ,congruentibus
361 1122 489 1177 cohaeret
504 1138 535 1177 ac
549 1123 658 1191 nititur,
674 1124 714 1176 sic
729 1136 822 1177 omnes
839 1122 961 1177 homines
976 1124 1049 1177 inter
1067 1136 1096 1177 sc

126 1213 228 1263 natura
249 1206 367 1269 contusi,
391 1206 528 1278 prauitate
549 1205 725 1276 dissentiunt,
749 1222 799 1261 nec
813 1222 842 1261 se
858 1204 1024 1279 intellegunt
1036 1221 1097 1261 esse

126 1291 349 1363 consanguineos
368 1295 396 1343 et
416 1289 554 1344 subiectos
570 1305 665 1345 omnes
681 1290 731 1345 sub
748 1305 827 1344 unam
843 1290 1009 1362 eandemque
1025 1296 1096 1345 tute·

126 1374 199 1430 lam:
216 1374 326 1446 quodsi
340 1380 491 1441 teneretur,
513 1372 626 1428 deorum
641 1374 766 1445 proiecto
783 1376 866 1429 uitam
881 1366 1004 1430 homines
1019 1376 1096 1429 uiue-

128 1457 219 1513 rent?
237 1486 272 1495 -
289 1455 408 1513 lactant.
425 1458 509 1511 instit.
523 1456 580 1513 diu.
596 1455 625 1526 5,
643 1456 673 1528 8,
691 1457 738 1513 10.

193 1538 223 1599 4.
246 1539 315 1595 Sunt
336 1542 384 1613 qui
404 1541 558 1609 aestiment,
578 1540 633 1597 hoc
652 1539 766 1597 uerbum
789 1540 967 1596 ‘umbracula’
983 1540 1096 1613 Virgilio

127 1635 241 1682 auctore
261 1626 450 1696 conpositum,
471 1640 532 1679 cum
551 1624 636 1680 Varro
654 1626 816 1679 ...dixerit
908 1632 937 1680 et
955 1624 1048 1681 Cicero
1068 1626 1096 1679 in

127 1712 225 1783 quinto
242 1709 277 1765 de
292 1707 414 1781 legibus:
435 1707 528 1763 ‘Visne
544 1709 637 1781 igitur,
655 1710 782 1781 quoniam
797 1709 839 1764 sol
856 1708 995 1782 paululum
1011 1726 1026 1763 a
1041 1725 1096 1765 me·

126 1794 195 1849 ridie
210 1796 264 1848 iam
275 1792 397 1847 deuexus
412 1792 523 1847 uidetur
538 1791 692 1864 nequedum
707 1794 772 1847 satis
787 1791 819 1847 ab
834 1792 875 1849 his
888 1793 1005 1849 nouellis
1019 1792 1096 1850 arbo·

78 1860 91 1877 ‘
126 1869 220 1933 ribus3
235 1877 325 1932 omnis
340 1876 385 1931 bic
396 1874 475 1931 locus
487 1886 626 1949 opacatur,
642 1870 850 1932 descendamus⁴
862 1877 895 1933 ad
906 1876 987 1933 Lirim
999 1894 1094 1949 eaque,

129 1976 200 2034 quae
220 1969 343 2032 restant,
365 1960 395 2014 in
415 1959 470 2015 illis
491 1959 614 2016 alnorum
638 1959 800 2016 umbraculis
822 1962 1035 2035 persequamur?
1056 1990 1094 2001 -

127 2042 245 2101 blacrob.
262 2044 318 2099 Sat.
335 2044 366 2115 6,
381 2041 413 2113 4,
429 2042 458 2099 8.

191 2124 218 2187 6.
240 2128 368 2201 lingnum
390 2125 483 2183 Cicero
511 2127 651 2201 audetque
678 2128 819 2185 consilium
843 2131 995 2202 suscepisse
1018 2130 1097 2185 Grae·

131 2215 198 2269 ciam
218 2212 298 2282 dicit,
322 2210 396 2283 quod
411 2210 572 2284 Cupidinum
593 2220 620 2268 et
634 2214 764 2289 Amorum
784 2212 926 2267 simulacra
940 2214 969 2267 in
984 2229 1096 2285 gymna-

131 2298 180 2351 siis
195 2301 392 2352 consecrasset.
422 2295 547 2351 adulatus
566 2304 607 2351 est
623 2294 751 2351 uidelicet
766 2296 854 2351 Attico
870 2303 898 2351 et
912 2296 995 2351 irrisit
1010 2296 1096 2352 homi·

130 2396 193 2436 nem
212 2380 381 2435 familiarem.
413 2378 473 2434 Non
494 2380 564 2435 enim
585 2379 653 2435 illud
675 2395 801 2452 magnum
822 2388 868 2435 ant
884 2381 993 2436 omnino
1008 2381 1096 2437 oonsi-

129 2464 196 2519 lium
210 2463 357 2521 dicendum
371 2462 436 2533 luit,
451 2463 500 2518 sed
513 2463 712 2536 impudicorum
727 2464 866 2519 hominum
886 2464 991 2537 perdita
1007 2472 1035 2520 et
1049 2465 1095 2521 de-

129 2550 237 2621 plorata
256 2548 391 2620 nequitia,
414 2547 462 2618 qui
483 2544 583 2602 liberos
605 2563 682 2617 suos,
705 2564 774 2619 quos
797 2548 904 2604 erudire
926 2545 958 2604 ad
982 2548 1096 2605 honesta

128 2632 268 2703 deberent,
288 2632 494 2705 prostituerunt
508 2628 613 2685 libidini
629 2633 795 2687 iuuentutis:
820 2648 834 2687 a
857 2632 955 2705 quibus
977 2631 1095 2707 flagitio·

127 2733 188 2772 rum
203 2716 284 2787 deos,
309 2724 338 2770 et
352 2716 380 2770 in
395 2714 450 2770 illis
463 2715 635 2787 potissimum
651 2714 735 2785 locis,
756 2714 801 2771 ubi
817 2715 889 2772 nuda
904 2733 1019 2790 corpora
1035 2735 1095 2774 cor·

199 2862 220 2929 ¹)
235 2866 264 2914 in
279 2863 329 2919 bis,
344 2862 454 2911 attidem
466 2868 537 2911 recte
550 2862 664 2921 iudicat,
679 2878 745 2927 quae
759 2870 818 2913 onte
832 2880 853 2913 c.
869 2874 890 2915 8.
905 2866 1096 2917 interciderunt

126 2935 329 2999 spectabuntque
347 2932 384 2981 ad
402 2935 481 2997 leuem
497 2934 568 2981 illam
582 2934 655 2981 sociis
670 2940 785 2996 parcunto
800 2936 831 2999 (a,
845 2946 866 2993 a,
881 2933 905 2998 e)
920 2938 1095 2999 interpretan-

126 3008 193 3055 dum.
224 3002 247 3070 ¹)
261 3010 366 3069 quarto,
381 3010 494 3066 utputo,
508 3002 585 3061 libro,
599 3006 629 3053 ln
643 3019 693 3067 quo
707 3005 739 3054 de
749 3006 1004 3071 iudiciispoenisqoe
1014 3007 1095 3058 disse-

125 3080 212 3127 ruisse
225 3077 339 3125 videtur.
370 3073 443 3123 Certe
457 3073 615 3124 Lactantius
628 3090 660 3124 ea
674 3076 761 3139 offert,
777 3076 820 3125 obi
834 3077 866 3125 de
881 3078 980 3142 leytbus
989 3080 1095 3141 poenis-

126 3164 174 3211 que
189 3149 245 3212 uait
259 3161 312 3196 non
327 3146 493 3203 necessariis,
506 3148 531 3194 si
545 3160 630 3195 omnes
644 3148 701 3195 ueri
710 3147 753 3195 dei
762 3149 841 3213 legem
850 3155 1027 3211 sequerentur.
1048 3148 1095 3197 Ei-

125 3219 183 3268 dem
197 3216 265 3267 libro
279 3216 345 3265 baec
359 3214 503 3281 Augustini
516 3215 559 3280 (de
573 3218 622 3266 cio.
632 3217 676 3265 dei
685 3228 719 3274 21,
731 3217 766 3284 tr)
782 3219 942 3284 assiyoonda
953 3218 1053 3281 forent,
1071 3222 1096 3268 si

125 3289 230 3339 omnino
244 3288 274 3337 td
287 3287 358 3351 quod
369 3288 457 3350 affert,
472 3302 506 3335 eac
520 3287 596 3337 libris
609 3287 642 3337 de
657 3288 869 3354 leuibuspetitum
879 3304 933 3338 ess-⁰
949 3295 1019 3337 certo
1035 3302 1095 3338 con·

124 3366 215 3409 staret.
244 3358 305 3409 Octo
314 3372 401 3420 genera
412 3373 541 3421 poenarum
556 3360 581 3408 in
590 3359 681 3420 legibus
694 3373 747 3408 esse
758 3361 842 3410 scribit
851 3358 954 3409 Tullius:
974 3357 1094 3422 damnum,

125 3431 230 3492 uincula,
250 3430 360 3491 uerbera,
376 3430 497 3491 talionem,
512 3430 674 3492 ignominiam,
689 3432 805 3495 exsilium,
821 3438 930 3490 mortem,
945 3428 1094 3479 seruitutem.

128 3496 149 3566 ⁶)
163 3500 265 3551 Earum
278 3502 373 3565 mentio
386 3501 461 3562 sucta
475 3515 529 3551 esse
542 3503 646 3551 videtur
660 3501 825 3564 disputatore
840 3505 891 3551 ium
906 3499 938 3548 de
957 3496 1095 3548 liberorum

125 3572 288 3623 educatione.
319 3568 342 3636 ⁴)
357 3570 402 3619 Ec
421 3571 532 3621 Vablem‘
545 3577 578 3636 ej,
594 3572 753 3622 descendatur
773 3572 900 3623 Macrob—

846 3656 883 3709 6*
