2542 3909
173 175 235 238 190
481 185 540 221 ctu
559 185 663 220 msmr.
681 167 702 219 1.
720 171 830 220 ss-ts.

171 325 279 387 Sentie¹
296 337 380 402 nupta
395 328 444 395 sit;
466 328 518 382 nisi
538 325 612 400 quod
627 325 732 382 scilicet
753 326 799 398 qui
819 323 1010 380 dediticiorum
1025 340 1142 381 numero

172 422 224 483 est,
247 415 274 468 in
297 429 346 467 sua
368 410 529 468 condicione
552 418 703 484 permanet,
726 418 755 465 et
769 408 830 464 ideo
846 407 930 478 lilius,
953 410 1076 480 quamuis
1091 409 1141 466 liet

171 499 237 554 ciuis
253 495 429 566 Romanus,'
422 511 451 550 ru
472 502 636 568 potestatem
657 496 743 567 petris
758 510 813 549 non
828 492 973 566 redigitur.
1009 488 1058 553 69.
1072 493 1141 549 ltem

113 566 152 613 19.
171 583 194 636 si
209 580 301 636 Lettino
322 581 483 654 peregrino,
507 596 628 654 quem.
609 578 734 635 Latinum
755 594 815 634 esse
837 572 1014 653 crelderetst
1018 575 1140 652 (slepe)

106 632 247 722 “tetta
268 657 379 720 Sentia²
400 666 539 738 nupserit,
561 672 669 780 potest3
675 680 708 718 ex
730 662 971 719 senatusconsulto
994 660 1051 718 lilio
1074 672 1141 719 nato

171 766 280 806 causum
296 752 398 805 erroris
413 748 542 822 probare:
564 755 592 804 et
606 739 669 804 ita³
684 763 778 803 omnes
794 744 863 803 liunt
877 748 952 803 ciues
968 747 1090 820 Romani,
1113 757 1140 804 et
1156 759 1225 812 [nst

171 832 272 889 ilius
265 851 292 888 rn
313 842 449 907 potestate
471 835 553 906 petris
570 849 631 889 esse
652 833 754 905 incipit.
791 827 841 888 70.
863 831 956 887 ldem’
958 833 1141 889 constitutum

171 927 214 974 est
229 911 277 974 et⁴
296 920 319 974 si
334 917 446 973 Latinus
460 933 511 990 per
525 933 647 973 errorem
664 917 836 990 peregrinam
859 917 935 990 quasi
950 914 1073 972 latinam
1093 926 1142 973 eut

170 1005 258 1059 ciuem
273 1003 420 1060 Romanum
436 1019 451 1058 e
466 1002 528 1076 lege
543 1002 618 1059 Aelia
630 1001 721 1057 Sentis
737 1017 848 1057 uxorem
864 1000 981 1057 duxerit.
1002 996 1046 1061 iL
1061 1001 1140 1057 Prae·

172 1097 245 1144 terea
261 1090 284 1143 si
299 1090 366 1144 ciuis
382 1087 528 1158 Romanus,
545 1088 592 1160 qui
607 1103 636 1142 se
650 1085 810 1142 credidisset
820 1084 945 1141 latinum
963 1085 1044 1158 ’esse,
1061 1086 1096 1142 ob
1113 1085 1142 1141 id

170 1170 291 1228 Latinam
301 1181 436 1243 tamquam
443 1171 524 1227 modo
536 1187 550 1226 e
562 1170 922 1246 legeAeliaSentieurorem
930 1165 1067 1240 durerit‚⁶
1079 1186 1142 1244 per·

172 1258 290 1312 mittitur
302 1258 329 1311 et
340 1254 395 1311 lilio
408 1263 472 1310 neto
484 1258 585 1311 erroris
594 1272 700 1312 causam
709 1255 840 1329 probare:
851 1256 917 1310 item
926 1255 990 1326 ’his,
1005 1257 1052 1328 qui
1064 1247 1142 1311 cum⁰

171 1341 245 1396 ciues
258 1340 370 1396 Romani
383 1349 485 1408 essent,
498 1343 659 1413 peregrinos
671 1357 702 1395 se
713 1356 775 1396 esse
787 1339 967 1396 credidissent
979 1349 1006 1396 et
1017 1341 1142 1414 peregri·

172 1441 221 1480 nes
237 1441 337 1480 uxores
353 1424 505 1495 duxissent,
520 1427 688 1497 permittitur
702 1441 736 1480 er
747 1423 986 1480 senatusconsulto
1003 1422 1060 1481 lilio
1075 1433 1141 1502 neto

171 1525 278 1565 causum
294 1510 395 1565 erroris
412 1510 536 1580 probare.
567 1525 621 1582 quo
638 1510 710 1566 lucto
726 1507 771 1566 liet
795 1525 864 1565 uxor
885 1511 954 1565 ciuis
974 1509 1091 1565 llomnnn
1112 1517 1141 1565 et

171 1591 244 1648 lilius
256 1593 379 1666 'quoque
393 1608 432 1650 ex
439 1585 484 1647 en⁷
490 1593 642 1649 nonsolum
654 1595 694 1648 od
698 1595 838 1650 ciuitatem
845 1592 988 1649 llornnnnm
1001 1595 1139 1666 peruenit,

172 1678 219 1732 sed
235 1679 316 1733 etium
332 1678 359 1732 in
374 1685 538 1750 potestatem
553 1679 639 1750 petris
658 1678 802 1752 redigitur.
836 1675 882 1737 tu
898 1677 1089 1750 Quaecumque
1104 1677 1140 1734 de

172 1761 228 1817 lilio
244 1777 304 1816 esse
320 1761 446 1832 diximus,
462 1762 554 1817 eudem
569 1762 646 1817 etde
661 1760 715 1817 filia
731 1763 801 1819 dicte
816 1763 1017 1837 intellegemus.
1045 1757 1092 1821 ⁷8.
1106 1762 1141 1819 ttt

109 1913 113 1922 Ι
172 1854 304 1919 quantum
319 1845 352 1900 ed
369 1847 469 1901 erroris
485 1862 592 1902 causum
614 1845 779 1920 probandam
796 1848 909 1920 attinet,
928 1845 995 1904 nihil
1013 1848 1140 1920 interest,

247 2013 266 2081 ¹)
282 2031 303 2064 n.
319 2031 345 2065 se
363 2017 415 2078 lege
435 2031 457 2064 s.
472 2030 493 2067 s.
513 2011 564 2066 Vli.
593 2023 619 2064 ut
633 2017 765 2066 secuudum
780 2017 856 2079 legem
870 2017 961 2067 lelium
975 2017 1083 2067 Sentium
1097 2019 1138 2067 eet.

172 2087 262 2137 Pelen.
293 2088 331 2150 Of.
346 2095 490 2152 sequentem
509 2095 602 2137 uotum.
665 2083 685 2152 ²)
699 2087 782 2137 Sensu
801 2091 921 2153 enipente
940 2089 1041 2138 addidi.
1072 2090 1140 2140 Puto

172 2175 233 2209 uero
252 2161 366 2222 primum
389 2161 484 2208 litteris
508 2174 520 2207 e
543 2157 617 2230 dege)
636 2158 668 2209 ob
686 2161 788 2209 vicinus
811 2162 915 2209 litteras
933 2161 1057 2209 creden-et
1080 2163 1142 2210 olim

172 2233 281 2289 omissis,
296 2238 397 2280 ceteras
417 2246 438 2279 a.
453 2247 473 2282 s,
489 2231 525 2279 ad
542 2233 684 2295 marpinem
703 2232 845 2295 aliquando
861 2230 895 2295 (d.
911 2247 932 2281 e.
948 2233 976 2280 in
991 2233 1142 2296 antiquiore

172 2303 270 2361 codiee,
290 2302 435 2351 Veronensi
444 2303 546 2364 priore,
562 2302 631 2365 qnod
644 2303 736 2351 mirum
752 2302 839 2351 uideri
851 2301 919 2367 Bpio
938 2303 977 2351 ed.
992 2315 1013 2354 5.
1029 2319 1081 2352 non
1096 2305 1140 2353 de·

171 2371 254 2436 debut)
273 2375 405 2436 suppletas
422 2374 573 2434 peruenisse
593 2375 620 2420 in
636 2375 659 2434 ἕ.
674 2385 722 2431 ss,
742 2372 787 2422 ubi
804 2390 874 2424 nune
888 2390 910 2422 r.
926 2384 960 2424 20.
984 2381 1045 2422 ante
1060 2389 1073 2422 e
1088 2375 1140 2436 lege

171 2444 197 2492 l.
213 2445 238 2491 S.
258 2446 285 2491 in
302 2444 327 2491 0.
343 2447 476 2508 leguntur,
496 2442 528 2490 ad
547 2443 604 2492 edd.
620 2452 692 2493 reete
710 2447 818 2494 omissae
835 2451 903 2496 sunt.
927 2445 979 2493 oid.
994 2444 1032 2494 idi
1050 2454 1103 2495 not.
1118 2458 1140 2497 s.

173 2509 194 2578 8)
212 2510 248 2561 ‘et
262 2511 310 2562 ita'
331 2514 389 2562 edd.
404 2514 491 2576 prior.
506 2512 596 2577 Suppl.
611 2513 649 2563 St.
666 2516 765 2578 fauent.
825 2514 847 2580 ⁴)
862 2515 907 2564 Eu
927 2511 983 2575 Vli,
1000 2518 1053 2565 nisi
1070 2519 1142 2581 quod

173 2590 197 2631 ut
206 2600 259 2647 pro
274 2590 298 2632 et
311 2586 436 2648 scriptum
447 2586 532 2648 fuisse
546 2587 627 2634 visum
642 2594 687 2635 est.
757 2584 777 2652 ⁶)
797 2583 855 2646 Vli,
874 2588 922 2636 sed
935 2588 1025 2637 addito
1040 2594 1064 2635 et
1078 2596 1141 2651 post

172 2668 226 2702 esse
246 2662 271 2703 et
289 2656 375 2704 uerbis
392 2656 417 2704 t.
437 2659 453 2704 t.
473 2658 630 2705 necessariis
648 2665 769 2722 tamquam
784 2694 790 2706 .
806 2695 813 2706 .
829 2695 835 2707 .
851 2659 974 2707 duxissent
989 2659 1049 2723 (lroc
1064 2660 1140 2722 facto

171 2741 206 2773 ex
221 2724 323 2791 duxerit)
342 2729 369 2775 in
385 2728 438 2789 fine
456 2728 564 2790 periodi
577 2736 640 2790 post
658 2743 753 2778 causum
772 2731 876 2792 probare
895 2731 1074 2793 transpositis,
1094 2729 1140 2778 ubi

172 2798 283 2846 ulterius
297 2806 423 2861 corrupta
437 2806 462 2847 et
476 2801 503 2847 in
517 2800 575 2848 edd.
586 2801 716 2864 leguntur.
741 2800 817 2850 Nunc
827 2800 866 2865 (in
876 2802 915 2850 ed.
926 2797 950 2865 5)
965 2807 1048 2850 tamen
1061 2801 1140 2849 etiam

171 2870 194 2936 tir
206 2909 240 2927 =
251 2887 321 2934 modo
331 2888 438 2950 retinui,
453 2889 522 2952 quod
532 2888 558 2937 G.
568 2888 645 2938 iudet
654 2896 715 2952 post
724 2887 866 2955 tan(uam),
877 2904 915 2948 eo,
927 2896 955 2938 ut
962 2897 1037 2952 puto,
1050 2905 1139 2949 sensu,

172 2966 199 3007 ut
214 2973 264 3007 non
280 2960 356 3021 qnasi
369 2959 526 3008 naturaliter
538 2959 651 3009 Latinus
660 2961 783 3010 Latinum
797 2975 906 3010 uxorem
920 2961 1036 3018 duceret,
1050 2961 1097 3010 sed
1111 2969 1141 3011 ut

172 3046 207 3079 ex
222 3032 276 3093 leae
291 3029 323 3077 A.
338 3028 365 3078 S.
381 3029 415 3093 (§.
430 3029 467 3096 rs)
483 3045 563 3080 causa
577 3031 692 3095 probata
711 3032 854 3096 aliquando
874 3047 931 3080 cum
946 3047 1030 3081 uxore
1045 3040 1070 3081 et
1080 3034 1140 3095 filio

172 3103 300 3151 ciuitatem
314 3099 386 3150 Rom.
398 3109 604 3166 consequeretur.
628 3102 710 3152 Seeus
723 3118 760 3152 sc.
776 3105 803 3151 in
818 3119 856 3162 eo,
871 3105 917 3167 qui
925 3105 1098 3167 pereprinurn
1111 3120 1140 3153 se

171 3187 263 3222 errore
278 3173 392 3221 eredidit
405 3188 467 3222 esse.
490 3173 540 3222 Kr.
555 3175 622 3222 edu
642 3182 701 3223 ante
721 3175 828 3222 latinam
847 3174 877 3222 ob
897 3174 921 3222 id
940 3175 1076 3223 delendum
1095 3189 1140 3224 su·

171 3246 285 3308 spicuns,
296 3251 358 3307 post
371 3245 443 3293 illurn
456 3261 478 3293 v.
494 3244 614 3311 (uxorem
629 3244 748 3311 duxerit)
759 3253 783 3293 et
793 3252 886 3308 postea
895 3252 959 3309 post
968 3252 1081 3309 tanquam
1092 3245 1139 3310 (si)

171 3315 203 3364 de
218 3330 265 3365 suo
280 3315 362 3364 addit.
388 3314 445 3365 Non
455 3315 548 3379 prodo.
609 3313 629 3378 ὓ)
645 3316 677 3365 In
697 3312 742 3366 V⁸t
755 3324 807 3365 est:
820 3317 844 3364 lri
859 3317 899 3379 qul
914 3317 950 3378 c’3
965 3317 1065 3380 hirqui
1078 3319 1141 3366 licet

171 3387 229 3436 edd.
245 3387 295 3435 hiis
309 3388 354 3451 qui
368 3401 422 3435 cum
437 3387 476 3436 ed.
491 3385 539 3452 139.
550 3396 570 3438 5.
624 3385 644 3453 ⁷)
659 3387 705 3438 Sic
719 3403 788 3437 nunc
798 3387 955 3437 Bluirmiuna
969 3389 1139 3451 interpretor.

242 3543 268 3614 ξ.
285 3551 325 3599 72.
353 3547 391 3612 Cf.
406 3563 487 3611 supra
502 3548 525 3610 ξ.
540 3549 588 3599 ³2⁸.
617 3547 745 3611 Hirrus.
809 3544 835 3615 ξ.
852 3550 894 3599 73.
915 3549 954 3613 Cf.
968 3564 1050 3611 supra
1064 3548 1088 3610 ὅ.
1103 3560 1139 3601 29.
