2542 3909
437 244 439 247 .
484 202 692 251 PRAEFATIO.
1045 206 1093 252 XV

130 356 170 419 iis
203 354 360 419 attributa
391 357 500 435 erant,
534 355 655 419 eiectis.
698 357 915 419 Accesserant
944 354 1094 438 inprimis

131 438 292 505 Ciceronis
327 437 368 501 de
403 437 528 522 legibus
561 439 635 502 libri
668 439 872 523 superstites,
911 439 1093 505 collectioni

130 526 273 601 nostrae,
303 523 340 585 ut
359 526 435 605 post
455 520 582 587 demum
604 521 686 605 vidi,
708 544 748 586 ex
768 522 916 587 instituto
937 523 1005 589 eius
1026 544 1093 587 non

130 607 236 671 minus
258 606 327 669 iure
348 605 550 689 vindicandi,
578 626 674 688 qnam
701 607 817 690 quibus
838 607 927 691 prius
948 607 1025 671 solis
1046 607 1092 671 lo·

131 712 203 756 cum
226 689 388 773 dederam,
417 710 457 757 ex
483 689 566 753 libro
588 691 655 755 eius
677 690 715 754 de
736 692 804 755 iure
827 690 913 755 cirili
934 692 969 755 iu
990 694 1092 755 artem

130 774 303 859 redigendo
325 776 451 837 servata
472 774 566 839 nobis
587 774 722 857 paucula
741 774 863 839 frusta:
891 795 971 859 quos
993 774 1092 840 libros

131 862 249 956 tamen,
272 878 344 921 cum
366 858 508 954 amplum
529 862 688 955 occupent
702 859 851 955 spatium,
871 861 907 955 et
921 858 1089 944 plerisque,

131 942 529 1093 llldttttlst
542 941 1093 1121 adflltttltttatt?3323

320 1108 329 1123 Ο

131 1111 228 1207 etiam
248 1109 480 1255 castrgatiores,
501 1130 596 1194 quam
609 1130 698 1173 nunc
713 1108 986 1192 circumferuntur,
1008 1108 1093 1173 haud

130 1215 239 1343 Badera
271 1215 305 1257 rn

350 1193 416 1257 ocis
449 1213 500 1257 me
533 1212 586 1257 eos
618 1195 779 1277 praestare
811 1193 948 1257 confisus
981 1212 1092 1261 essem.

164 1277 257 1342 einde
280 1276 376 1342 etiam
398 1277 613 1360 fragmentum
636 1277 720 1359 quod
743 1276 860 1341 dicitur
882 1276 920 1340 de
941 1278 1009 1340 inre
1023 1277 1092 1342 fisci

133 1366 166 1425 et
197 1360 327 1443 Ulpiani
358 1360 603 1425 Institutionum
639 1360 791 1444 reliquiae
825 1360 1092 1426 Vindobonenses

134 1466 172 1510 ex
194 1444 285 1531 novis
314 1446 396 1509 curis
418 1445 458 1509 iis
481 1445 635 1528 impensis
657 1466 760 1528 paene
781 1444 1092 1533 novaminduerunt

130 1530 275 1594 formam.
321 1526 412 1604 Quod
439 1528 517 1592 item
543 1528 678 1593 fortasse
707 1529 888 1612 praedicare
915 1527 1026 1593 liceret
1053 1528 1092 1593 de

130 1613 321 1698 gravissima
335 1612 435 1677 totius
450 1612 588 1697 syllogus
602 1616 705 1696 parte,
730 1612 802 1677 Gaii
819 1612 1090 1694 lnstitutionibus,

131 1699 157 1762 si
185 1696 397 1762 Studemundi
430 1696 605 1761 studiorum
633 1696 667 1761 in
700 1697 839 1761 codicem
872 1696 1091 1761 Veronensem

131 1782 322 1847 collatorum
343 1779 447 1863 plenis
470 1780 625 1845 fructibus
641 1782 688 1843 uti
703 1780 766 1844 iam
781 1801 874 1863 posse
891 1780 1088 1865 contigisset,

132 1865 176 1929 Hi
209 1869 320 1928 tamen
352 1863 472 1947 publici
504 1864 581 1927 iuris
613 1864 754 1928 nondum
784 1864 863 1927 facti
895 1867 999 1946 erant,
1031 1886 1091 1929 neo

134 1948 307 2031 operiendi,
330 1946 430 2011 donec
452 1946 485 2010 id
506 1947 611 2032 fieret,
634 1950 779 2031 potestas
801 1947 875 2011 data
896 1952 958 2028 est,
980 1948 1091 2012 biblio·

133 2033 221 2119 pola,
247 2030 302 2115 qui
329 2034 474 2095 nostrum
503 2052 581 2115 opus
603 2033 752 2113 redemit,
781 2034 817 2095 ut
839 2052 931 2115 quam
953 2034 1091 2115 primum

131 2116 237 2201 priore
263 2114 403 2179 editione
430 2136 531 2198 paene
554 2115 708 2179 exhausta
728 2136 812 2179 nova
834 2122 1015 2197 pararetur,
1044 2116 1091 2178 in-

132 2203 237 2265 stante
249 2220 309 2263 nec
326 2201 458 2295 propter
468 2201 592 2282 partem
606 2199 742 2295 fortasse
756 2199 977 2280 imperfectam
988 2202 1090 2263 totum

133 2282 1091 2450 dtr-dtttttltdlldttttlittttttt:

132 2452 180 2516 dit
200 2472 261 2516 nec
283 2454 460 2515 ceterarum
486 2450 631 2534 cuiquam
651 2449 789 2534 sylloges
809 2450 948 2533 partium
969 2450 1034 2514 sive
1056 2450 1091 2515 in

131 2537 223 2601 textu
237 2534 354 2599 sivein
369 2534 628 2599 adnotationibus
645 2534 841 2599 emendatrix
852 2555 965 2598 manus
978 2534 1088 2598 defuit.
1186 2563 1198 2574 ·

194 2618 320 2685 Indices
348 2618 389 2683 ad
411 2618 582 2685 secundam
604 2619 777 2683 editionem
800 2618 937 2694 confecti
958 2618 1090 2702 partim·

129 2724 192 2787 que
213 2703 255 2768 ad
277 2702 414 2788 paginas
436 2703 503 2767 eius
531 2703 623 2767 relati
651 2705 687 2766 ut
708 2705 862 2786 quantum
884 2702 953 2765 fieri
974 2704 1090 2786 posset,

129 2789 227 2852 etiam
255 2788 320 2870 his,
348 2788 403 2870 qui
430 2787 558 2852 tertiam
584 2790 754 2870 usurpant,
784 2787 855 2851 usui
884 2806 953 2851 esse
975 2807 1016 2850 ne
1039 2786 1090 2849 de·

128 2873 289 2952 sinerent,
318 2871 438 2950 curavi,
467 2873 504 2935 ut
531 2870 688 2935 secundae
715 2870 865 2935 editionis
898 2870 1088 2955 paginarum

126 2976 297 3038 numerus,
326 2954 381 3017 ubi
409 2975 550 3051 quaeque
572 2954 742 3037 inciperet,
764 2954 839 3018 hnic
861 2975 964 3019 novae
985 2955 1020 3018 in
1041 2954 1090 3017 in·

125 3042 248 3105 teriore
270 3038 417 3123 margine
439 3060 529 3103 uncrs
551 3038 692 3102 inclusus
715 3038 956 3103 adscriberetur.

190 3123 305 3209 Itaque
331 3123 458 3188 dimitto
485 3144 563 3205 opus
591 3122 760 3207 favorque,
790 3142 851 3207 quo
879 3122 1000 3206 priores
1024 3121 1090 3185 eius

128 3209 286 3274 editiones
309 3211 461 3291 exceptae
483 3210 578 3288 sunt,
603 3207 701 3271 etiam
726 3206 785 3271 has
807 3216 983 3289 postremas
1007 3225 1091 3270 meas

129 3315 222 3358 curas
246 3296 283 3357 nt
305 3294 531 3375 prosequatur,
556 3293 588 3355 et
609 3293 686 3374 opto
709 3294 741 3357 et
763 3308 866 3374 spere.

212 3409 281 3477 Sor.
302 3406 511 3475 Vratislauiae
527 3430 636 3474 mense
652 3406 833 3492 Septembri
847 3408 1090 3470 Mnoccuxxnl.
