<?xml version="1.0" encoding="UTF-8"?>
<!DOCTYPE html PUBLIC "-//W3C//DTD XHTML 1.0 Transitional//EN"
    "http://www.w3.org/TR/xhtml1/DTD/xhtml1-transitional.dtd">
<html xmlns="http://www.w3.org/1999/xhtml" xml:lang="en" lang="en">
 <head>
  <title>
</title>
<meta http-equiv="Content-Type" content="text/html;charset=utf-8" />
  <meta name='ocr-system' content='tesseract 3.04.00' />
  <meta name='ocr-capabilities' content='ocr_page ocr_carea ocr_par ocr_line ocrx_word'/>
</head>
<body>
  <div class='ocr_page' id='page_1' title='image "./iurisprudentiae01huscgoog_0879.png"; bbox 0 0 2542 3909; ppageno 0'>
   <div class='ocr_carea' id='block_1_1' title="bbox 191 210 1058 279">
    <p class='ocr_par' dir='ltr' id='par_1_1' title="bbox 191 210 1058 279">
     <span class='ocr_line' id='line_1_1' title="bbox 191 210 1058 279; baseline -0.021 1"><span class='ocrx_word' id='word_1_1' title='bbox 191 215 252 279; x_wconf 75' lang='grc'><strong>854</strong></span> <span class='ocrx_word' id='word_1_2' title='bbox 306 234 365 271; x_wconf 76' lang='lat' dir='ltr'><strong>rur.</strong></span> <span class='ocrx_word' id='word_1_3' title='bbox 380 232 484 268; x_wconf 79' lang='lat' dir='ltr'><strong>cvivso.</strong></span> <span class='ocrx_word' id='word_1_4' title='bbox 499 232 584 267; x_wconf 79' lang='lat' dir='ltr'><strong>lvnsc.</strong></span> <span class='ocrx_word' id='word_1_5' title='bbox 599 231 786 268; x_wconf 80' lang='lat' dir='ltr'><strong>cousvursrto.</strong></span> <span class='ocrx_word' id='word_1_6' title='bbox 802 212 878 268; x_wconf 71' lang='lat' dir='ltr'><strong>vib.</strong></span> <span class='ocrx_word' id='word_1_7' title='bbox 892 210 1018 267; x_wconf 82' lang='lat' dir='ltr'><strong>2-Vlll.</strong></span> <span class='ocrx_word' id='word_1_8' title='bbox 1033 218 1058 265; x_wconf 81' lang='lat'><strong>2.</strong></span> 
     </span>
    </p>
   </div>
   <div class='ocr_carea' id='block_1_2' title="bbox 108 154 1256 2774">
    <p class='ocr_par' dir='ltr' id='par_1_2' title="bbox 108 154 1256 1422">
     <span class='ocr_line' id='line_1_2' title="bbox 1255 154 1256 187; baseline 0 0"><span class='ocrx_word' id='word_1_9' title='bbox 1255 154 1256 187; x_wconf 89' lang='lat' dir='ltr'><strong>l</strong></span> 
     </span>
     <span class='ocr_line' id='line_1_3' title="bbox 1255 216 1256 279; baseline 0 -10"><span class='ocrx_word' id='word_1_10' title='bbox 1255 216 1256 279; x_wconf 84' lang='lat' dir='ltr'><strong>i</strong></span> 
     </span>
     <span class='ocr_line' id='line_1_4' title="bbox 191 353 1147 433; baseline -0.005 -15"><span class='ocrx_word' id='word_1_11' title='bbox 191 362 241 419; x_wconf 82' lang='lat' dir='ltr'><strong>Tb.</strong></span> <span class='ocrx_word' id='word_1_12' title='bbox 260 361 380 419; x_wconf 78' lang='lat' dir='ltr'>declarat</span> <span class='ocrx_word' id='word_1_13' title='bbox 391 361 548 417; x_wconf 87' lang='lat' dir='ltr'><strong>auctoritas.</strong></span> <span class='ocrx_word' id='word_1_14' title='bbox 583 356 612 421; x_wconf 78' lang='lat'><strong>2.</strong></span> <span class='ocrx_word' id='word_1_15' title='bbox 630 359 707 428; x_wconf 81' lang='lat' dir='ltr'><strong>Quod</strong></span> <span class='ocrx_word' id='word_1_16' title='bbox 720 353 866 417; x_wconf 86' lang='lat' dir='ltr'><strong>’tutamen¹</strong></span> <span class='ocrx_word' id='word_1_17' title='bbox 881 357 1049 433; x_wconf 88' lang='lat' dir='ltr'><strong>superiluum</strong></span> <span class='ocrx_word' id='word_1_18' title='bbox 1060 374 1147 433; x_wconf 86' lang='lat' dir='ltr'><strong>penes</strong></span> 
     </span>
     <span class='ocr_line' id='line_1_5' title="bbox 192 442 1256 519; baseline -0.005 -17"><span class='ocrx_word' id='word_1_19' title='bbox 192 446 290 505; x_wconf 90' lang='lat' dir='ltr'><strong>electas</strong></span> <span class='ocrx_word' id='word_1_20' title='bbox 312 442 523 519; x_wconf 78' lang='lat' dir='ltr'><strong>magnificasque</strong></span> <span class='ocrx_word' id='word_1_21' title='bbox 544 460 674 518; x_wconf 80' lang='lat' dir='ltr'>personas</span> <span class='ocrx_word' id='word_1_22' title='bbox 698 443 756 501; x_wconf 86' lang='lat' dir='ltr'><strong>lieri</strong></span> <span class='ocrx_word' id='word_1_23' title='bbox 777 444 938 503; x_wconf 87' lang='lat' dir='ltr'><strong>iudicamus:</strong></span> <span class='ocrx_word' id='word_1_24' title='bbox 964 442 1012 497; x_wconf 87' lang='lat' dir='ltr'><strong>sed</strong></span> <span class='ocrx_word' id='word_1_25' title='bbox 1032 458 1146 499; x_wconf 88' lang='lat' dir='ltr'><strong>necesse</strong></span> <span class='ocrx_word' id='word_1_26' title='bbox 1255 468 1256 471; x_wconf 36' lang='lat'>¹</span> 
     </span>
     <span class='ocr_line' id='line_1_6' title="bbox 108 525 1146 603; baseline -0.005 -17"><span class='ocrx_word' id='word_1_27' title='bbox 108 556 118 571; x_wconf 61' lang='grc' dir='ltr'><strong><em>ι</em></strong></span> <span class='ocrx_word' id='word_1_28' title='bbox 191 537 247 599; x_wconf 87' lang='lat' dir='ltr'><strong>est,</strong></span> <span class='ocrx_word' id='word_1_29' title='bbox 271 537 302 585; x_wconf 91' lang='lat' dir='ltr'><strong>ut</strong></span> <span class='ocrx_word' id='word_1_30' title='bbox 324 527 476 601; x_wconf 80' lang='lat' dir='ltr'><strong>ignorantia</strong></span> <span class='ocrx_word' id='word_1_31' title='bbox 499 529 660 585; x_wconf 70' lang='lat' dir='ltr'><strong>rusticitatis</strong></span> <span class='ocrx_word' id='word_1_32' title='bbox 690 528 734 584; x_wconf 89' lang='lat' dir='ltr'><strong>nel</strong></span> <span class='ocrx_word' id='word_1_33' title='bbox 761 528 995 603; x_wconf 76' lang='lat' dir='ltr'><strong>tergiuersationis</strong></span> <span class='ocrx_word' id='word_1_34' title='bbox 1017 525 1146 599; x_wconf 90' lang='lat' dir='ltr'><strong>iniquitas</strong></span> 
     </span>
     <span class='ocr_line' id='line_1_7' title="bbox 191 606 1256 685; baseline -0.002 -18"><span class='ocrx_word' id='word_1_35' title='bbox 191 612 301 669; x_wconf 87' lang='lat' dir='ltr'><strong>directis</strong></span> <span class='ocrx_word' id='word_1_36' title='bbox 315 628 422 685; x_wconf 90' lang='lat' dir='ltr'><strong>semper</strong></span> <span class='ocrx_word' id='word_1_37' title='bbox 436 606 647 669; x_wconf 83' lang='lat' dir='ltr'><strong>’oblationibns²</strong></span> <span class='ocrx_word' id='word_1_38' title='bbox 669 613 869 685; x_wconf 83' lang='lat' dir='ltr'><strong>comprimatur.</strong></span> <span class='ocrx_word' id='word_1_39' title='bbox 913 606 942 667; x_wconf 76' lang='lat'><strong>8.</strong></span> <span class='ocrx_word' id='word_1_40' title='bbox 965 609 1002 666; x_wconf 83' lang='lat' dir='ltr'><strong>Ex</strong></span> <span class='ocrx_word' id='word_1_41' title='bbox 1017 609 1144 666; x_wconf 86' lang='lat' dir='ltr'><strong>Theodo-</strong></span> <span class='ocrx_word' id='word_1_42' title='bbox 1255 634 1256 681; x_wconf 60' lang='lat' dir='ltr'><strong>p</strong></span> 
     </span>
     <span class='ocr_line' id='line_1_8' title="bbox 191 688 1256 769; baseline -0.002 -18"><span class='ocrx_word' id='word_1_43' title='bbox 191 698 257 752; x_wconf 92' lang='lat' dir='ltr'><strong>siani</strong></span> <span class='ocrx_word' id='word_1_44' title='bbox 272 695 317 753; x_wconf 91' lang='lat' dir='ltr'><strong>lib.</strong></span> <span class='ocrx_word' id='word_1_45' title='bbox 333 688 411 751; x_wconf 64' lang='lat' dir='ltr'><strong>’tili</strong></span> <span class='ocrx_word' id='word_1_46' title='bbox 426 694 477 751; x_wconf 92' lang='lat' dir='ltr'><strong>sub</strong></span> <span class='ocrx_word' id='word_1_47' title='bbox 492 697 534 752; x_wconf 89' lang='lat' dir='ltr'><strong>tit.</strong></span> <span class='ocrx_word' id='word_1_48' title='bbox 550 695 584 751; x_wconf 90' lang='lat' dir='ltr'><strong>de</strong></span> <span class='ocrx_word' id='word_1_49' title='bbox 599 703 663 751; x_wconf 88' lang='lat' dir='ltr'><strong>mat.</strong></span> <span class='ocrx_word' id='word_1_50' title='bbox 681 694 745 751; x_wconf 94' lang='lat' dir='ltr'><strong>bon.</strong></span> <span class='ocrx_word' id='word_1_51' title='bbox 762 701 789 750; x_wconf 90' lang='lat' dir='ltr'><strong>et</strong></span> <span class='ocrx_word' id='word_1_52' title='bbox 803 703 868 750; x_wconf 82' lang='lat' dir='ltr'><strong>mot.</strong></span> <span class='ocrx_word' id='word_1_53' title='bbox 886 710 946 768; x_wconf 80' lang='lat' dir='ltr'><strong>gen.</strong></span> <span class='ocrx_word' id='word_1_54' title='bbox 963 691 1011 769; x_wconf 87' lang='lat' dir='ltr'><strong>(et)</strong></span> <span class='ocrx_word' id='word_1_55' title='bbox 1024 695 1147 750; x_wconf 87' lang='lat' dir='ltr'><strong>cretione</strong></span> <span class='ocrx_word' id='word_1_56' title='bbox 1255 690 1256 749; x_wconf 89' lang='lat' dir='ltr'><strong>l</strong></span> 
     </span>
     <span class='ocr_line' id='line_1_9' title="bbox 190 779 310 837; baseline 0.017 -2"><span class='ocrx_word' id='word_1_57' title='bbox 190 779 310 837; x_wconf 89' lang='lat' dir='ltr'><strong>sublata:</strong></span> 
     </span>
     <span class='ocr_line' id='line_1_10' title="bbox 233 860 1146 937; baseline -0.004 -18"><span class='ocrx_word' id='word_1_58' title='bbox 233 866 317 937; x_wconf 83' lang='lat' dir='ltr'><strong>impp.</strong></span> <span class='ocrx_word' id='word_1_59' title='bbox 334 862 436 920; x_wconf 86' lang='lat' dir='ltr'><strong>Honor.</strong></span> <span class='ocrx_word' id='word_1_60' title='bbox 452 871 480 920; x_wconf 91' lang='lat' dir='ltr'><strong>et</strong></span> <span class='ocrx_word' id='word_1_61' title='bbox 495 863 590 919; x_wconf 85' lang='lat' dir='ltr'><strong>lircad.</strong></span> <span class='ocrx_word' id='word_1_62' title='bbox 607 864 660 917; x_wconf 77' lang='lat' dir='ltr'><strong>ll.</strong></span> <span class='ocrx_word' id='word_1_63' title='bbox 675 861 812 919; x_wconf 80' lang='lat' dir='ltr'><strong>Florentio</strong></span> <span class='ocrx_word' id='word_1_64' title='bbox 828 861 912 936; x_wconf 88' lang='lat' dir='ltr'><strong>prael.</strong></span> <span class='ocrx_word' id='word_1_65' title='bbox 930 860 1000 919; x_wconf 93' lang='lat' dir='ltr'><strong>urbi.</strong></span> <span class='ocrx_word' id='word_1_66' title='bbox 1032 860 1076 916; x_wconf 78' lang='lat' dir='ltr'><strong>ild</strong></span> <span class='ocrx_word' id='word_1_67' title='bbox 1093 860 1146 916; x_wconf 95' lang='lat' dir='ltr'><strong>lo·</strong></span> 
     </span>
     <span class='ocr_line' id='line_1_11' title="bbox 234 945 1147 1022; baseline -0.004 -18"><span class='ocrx_word' id='word_1_68' title='bbox 234 964 319 1004; x_wconf 84' lang='lat' dir='ltr'><strong>cnm:</strong></span> <span class='ocrx_word' id='word_1_69' title='bbox 335 945 467 1021; x_wconf 78' lang='lat' dir='ltr'><strong>Quicquid</strong></span> <span class='ocrx_word' id='word_1_70' title='bbox 483 951 563 1022; x_wconf 78' lang='lat' dir='ltr'><strong>auus,</strong></span> <span class='ocrx_word' id='word_1_71' title='bbox 576 948 646 1017; x_wconf 93' lang='lat' dir='ltr'><strong>auia,</strong></span> <span class='ocrx_word' id='word_1_72' title='bbox 657 962 787 1019; x_wconf 91' lang='lat' dir='ltr'><strong>proauus,</strong></span> <span class='ocrx_word' id='word_1_73' title='bbox 802 947 921 1019; x_wconf 77' lang='lat' dir='ltr'><strong>proauis,</strong></span> <span class='ocrx_word' id='word_1_74' title='bbox 937 946 1041 1018; x_wconf 81' lang='lat' dir='ltr'><strong>nepoti,</strong></span> <span class='ocrx_word' id='word_1_75' title='bbox 1058 946 1147 1018; x_wconf 87' lang='lat' dir='ltr'><strong>nepti,</strong></span> 
     </span>
     <span class='ocr_line' id='line_1_12' title="bbox 233 1027 1147 1105; baseline -0.005 -17"><span class='ocrx_word' id='word_1_76' title='bbox 233 1032 389 1105; x_wconf 82' lang='lat' dir='ltr'><strong>pronepoti,</strong></span> <span class='ocrx_word' id='word_1_77' title='bbox 405 1032 530 1105; x_wconf 89' lang='lat' dir='ltr'><strong>pronepti</strong></span> <span class='ocrx_word' id='word_1_78' title='bbox 546 1030 689 1086; x_wconf 88' lang='lat' dir='ltr'><strong>cuiuslibet</strong></span> <span class='ocrx_word' id='word_1_79' title='bbox 705 1030 776 1085; x_wconf 92' lang='lat' dir='ltr'><strong>tituli</strong></span> <span class='ocrx_word' id='word_1_80' title='bbox 792 1030 915 1103; x_wconf 76' lang='lat' dir='ltr'><strong>largitate</strong></span> <span class='ocrx_word' id='word_1_81' title='bbox 930 1027 1106 1097; x_wconf 83' lang='lat' dir='ltr'><strong>contulerint,</strong></span> <span class='ocrx_word' id='word_1_82' title='bbox 1117 1028 1147 1084; x_wconf 95' lang='lat' dir='ltr'><strong>id</strong></span> 
     </span>
     <span class='ocr_line' id='line_1_13' title="bbox 234 1111 1147 1187; baseline -0.002 -16"><span class='ocrx_word' id='word_1_83' title='bbox 234 1123 286 1186; x_wconf 90' lang='lat' dir='ltr'><strong>est,</strong></span> <span class='ocrx_word' id='word_1_84' title='bbox 301 1122 476 1186; x_wconf 88' lang='lat' dir='ltr'><strong>testamento,</strong></span> <span class='ocrx_word' id='word_1_85' title='bbox 491 1113 709 1186; x_wconf 80' lang='lat' dir='ltr'><strong>fideicommisso,</strong></span> <span class='ocrx_word' id='word_1_86' title='bbox 726 1113 827 1187; x_wconf 83' lang='lat' dir='ltr'><strong>legato,</strong></span> <span class='ocrx_word' id='word_1_87' title='bbox 840 1111 976 1185; x_wconf 81' lang='lat' dir='ltr'><strong>codicillo,</strong></span> <span class='ocrx_word' id='word_1_88' title='bbox 989 1112 1147 1184; x_wconf 83' lang='lat' dir='ltr'><strong>donatione,</strong></span> 
     </span>
     <span class='ocr_line' id='line_1_14' title="bbox 233 1194 1148 1271; baseline -0.003 -17"><span class='ocrx_word' id='word_1_89' title='bbox 233 1198 279 1255; x_wconf 86' lang='lat' dir='ltr'><strong>uel</strong></span> <span class='ocrx_word' id='word_1_90' title='bbox 294 1200 373 1254; x_wconf 88' lang='lat' dir='ltr'><strong>etiam</strong></span> <span class='ocrx_word' id='word_1_91' title='bbox 387 1199 510 1254; x_wconf 89' lang='lat' dir='ltr'><strong>intestati</strong></span> <span class='ocrx_word' id='word_1_92' title='bbox 530 1199 720 1268; x_wconf 80' lang='lat' dir='ltr'><strong>successione,</strong></span> <span class='ocrx_word' id='word_1_93' title='bbox 741 1204 819 1271; x_wconf 90' lang='lat' dir='ltr'><strong>pater</strong></span> <span class='ocrx_word' id='word_1_94' title='bbox 838 1194 894 1253; x_wconf 90' lang='lat' dir='ltr'><strong>iilio</strong></span> <span class='ocrx_word' id='word_1_95' title='bbox 917 1195 1023 1253; x_wconf 82' lang='lat' dir='ltr'><strong>filiaeue</strong></span> <span class='ocrx_word' id='word_1_96' title='bbox 1038 1198 1148 1269; x_wconf 83' lang='lat' dir='ltr'><strong>integra</strong></span> 
     </span>
     <span class='ocr_line' id='line_1_15' title="bbox 233 1278 1148 1355; baseline -0.002 -17"><span class='ocrx_word' id='word_1_97' title='bbox 233 1281 389 1355; x_wconf 88' lang='lat' dir='ltr'><strong>illibataque</strong></span> <span class='ocrx_word' id='word_1_98' title='bbox 403 1281 549 1338; x_wconf 89' lang='lat' dir='ltr'><strong>custodiat.</strong></span> <span class='ocrx_word' id='word_1_99' title='bbox 580 1283 636 1340; x_wconf 82' lang='lat' dir='ltr'><strong>liat.</strong></span> <span class='ocrx_word' id='word_1_100' title='bbox 653 1280 721 1355; x_wconf 92' lang='lat' dir='ltr'><strong>prid.</strong></span> <span class='ocrx_word' id='word_1_101' title='bbox 738 1280 773 1337; x_wconf 92' lang='lat' dir='ltr'><strong>id.</strong></span> <span class='ocrx_word' id='word_1_102' title='bbox 791 1278 1148 1353; x_wconf 83' lang='lat' dir='ltr'><strong>Octobr.llediolauo,01i-</strong></span> 
     </span>
     <span class='ocr_line' id='line_1_16' title="bbox 234 1364 556 1422; baseline -0.003 0"><span class='ocrx_word' id='word_1_103' title='bbox 234 1365 293 1422; x_wconf 88' lang='lat' dir='ltr'><strong>brio</strong></span> <span class='ocrx_word' id='word_1_104' title='bbox 309 1373 337 1421; x_wconf 87' lang='lat' dir='ltr'><strong>et</strong></span> <span class='ocrx_word' id='word_1_105' title='bbox 351 1364 468 1422; x_wconf 86' lang='lat' dir='ltr'><strong>Probino</strong></span> <span class='ocrx_word' id='word_1_106' title='bbox 483 1382 556 1421; x_wconf 81' lang='lat' dir='ltr'><strong>coss.</strong></span> 
     </span>
    </p>

    <p class='ocr_par' dir='ltr' id='par_1_3' title="bbox 191 1440 1256 1869">
     <span class='ocr_line' id='line_1_17' title="bbox 275 1440 1148 1521; baseline -0.003 -15"><span class='ocrx_word' id='word_1_107' title='bbox 275 1446 304 1506; x_wconf 62' lang='lat'><em>4</em></span> <span class='ocrx_word' id='word_1_108' title='bbox 326 1448 398 1505; x_wconf 89' lang='lat' dir='ltr'><strong>ane</strong></span> <span class='ocrx_word' id='word_1_109' title='bbox 413 1450 512 1506; x_wconf 88' lang='lat' dir='ltr'><strong>clarius</strong></span> <span class='ocrx_word' id='word_1_110' title='bbox 527 1448 651 1506; x_wconf 87' lang='lat' dir='ltr'><strong>constitit</strong></span> <span class='ocrx_word' id='word_1_111' title='bbox 665 1440 868 1521; x_wconf 75' lang='lat' dir='ltr'><strong>&#39;patefactum,⁴</strong></span> <span class='ocrx_word' id='word_1_112' title='bbox 883 1462 933 1504; x_wconf 89' lang='lat' dir='ltr'><strong>nec</strong></span> <span class='ocrx_word' id='word_1_113' title='bbox 947 1449 1026 1503; x_wconf 90' lang='lat' dir='ltr'><strong>matri</strong></span> <span class='ocrx_word' id='word_1_114' title='bbox 1041 1442 1148 1503; x_wconf 79' lang='lat' dir='ltr'><strong>’usum⁵</strong></span> 
     </span>
     <span class='ocr_line' id='line_1_18' title="bbox 191 1525 1145 1605; baseline -0.005 -15"><span class='ocrx_word' id='word_1_115' title='bbox 191 1533 294 1602; x_wconf 88' lang='lat' dir='ltr'><strong>obesse,</strong></span> <span class='ocrx_word' id='word_1_116' title='bbox 312 1542 343 1588; x_wconf 93' lang='lat' dir='ltr'><strong>ut</strong></span> <span class='ocrx_word' id='word_1_117' title='bbox 357 1532 391 1587; x_wconf 93' lang='lat' dir='ltr'><strong>de</strong></span> <span class='ocrx_word' id='word_1_118' title='bbox 406 1532 509 1605; x_wconf 92' lang='lat' dir='ltr'><strong>reliqua</strong></span> <span class='ocrx_word' id='word_1_119' title='bbox 524 1532 653 1589; x_wconf 80' lang='lat' dir='ltr'><strong>facultate</strong></span> <span class='ocrx_word' id='word_1_120' title='bbox 669 1525 854 1604; x_wconf 71' lang='lat' dir='ltr'><strong>’portionemi</strong></span> <span class='ocrx_word' id='word_1_121' title='bbox 868 1530 984 1587; x_wconf 86' lang='lat' dir='ltr'><strong>debitam</strong></span> <span class='ocrx_word' id='word_1_122' title='bbox 995 1547 1145 1604; x_wconf 80' lang='lat' dir='ltr'><strong>consequa·</strong></span> 
     </span>
     <span class='ocr_line' id='line_1_19' title="bbox 192 1613 1146 1689; baseline -0.002 -18"><span class='ocrx_word' id='word_1_123' title='bbox 192 1625 250 1672; x_wconf 91' lang='lat' dir='ltr'><strong>tur:</strong></span> <span class='ocrx_word' id='word_1_124' title='bbox 274 1623 303 1671; x_wconf 91' lang='lat' dir='ltr'><strong>et</strong></span> <span class='ocrx_word' id='word_1_125' title='bbox 318 1617 387 1671; x_wconf 88' lang='lat' dir='ltr'><strong>circa</strong></span> <span class='ocrx_word' id='word_1_126' title='bbox 403 1623 530 1688; x_wconf 88' lang='lat' dir='ltr'><strong>nepotem</strong></span> <span class='ocrx_word' id='word_1_127' title='bbox 545 1630 643 1671; x_wconf 92' lang='lat' dir='ltr'><strong>munus</strong></span> <span class='ocrx_word' id='word_1_128' title='bbox 661 1616 803 1671; x_wconf 85' lang='lat' dir='ltr'><strong>cuiaticum</strong></span> <span class='ocrx_word' id='word_1_129' title='bbox 818 1613 986 1689; x_wconf 80' lang='lat' dir='ltr'><strong>’perpetuam</strong></span> <span class='ocrx_word' id='word_1_130' title='bbox 1001 1614 1146 1671; x_wconf 88' lang='lat' dir='ltr'><strong>liberalita-</strong></span> 
     </span>
     <span class='ocr_line' id='line_1_20' title="bbox 193 1690 1148 1774; baseline 0 -19"><span class='ocrx_word' id='word_1_131' title='bbox 193 1690 266 1755; x_wconf 83' lang='lat' dir='ltr'><strong>tem⁷</strong></span> <span class='ocrx_word' id='word_1_132' title='bbox 289 1712 452 1757; x_wconf 86' lang='lat' dir='ltr'><strong>mansurum.</strong></span> <span class='ocrx_word' id='word_1_133' title='bbox 496 1697 554 1755; x_wconf 90' lang='lat' dir='ltr'><strong>lloc</strong></span> <span class='ocrx_word' id='word_1_134' title='bbox 575 1707 604 1754; x_wconf 90' lang='lat' dir='ltr'><strong>et</strong></span> <span class='ocrx_word' id='word_1_135' title='bbox 625 1699 812 1755; x_wconf 90' lang='lat' dir='ltr'><strong>consultorum</strong></span> <span class='ocrx_word' id='word_1_136' title='bbox 835 1700 893 1755; x_wconf 93' lang='lat' dir='ltr'><strong>iura</strong></span> <span class='ocrx_word' id='word_1_137' title='bbox 909 1699 1053 1770; x_wconf 89' lang='lat' dir='ltr'><strong>declarant,</strong></span> <span class='ocrx_word' id='word_1_138' title='bbox 1076 1714 1148 1774; x_wconf 86' lang='lat' dir='ltr'><strong>quae</strong></span> 
     </span>
     <span class='ocr_line' id='line_1_21' title="bbox 191 1781 1256 1869; baseline -0.002 -29"><span class='ocrx_word' id='word_1_139' title='bbox 191 1781 371 1841; x_wconf 84' lang='lat' dir='ltr'><strong>necessarium</strong></span> <span class='ocrx_word' id='word_1_140' title='bbox 388 1784 512 1838; x_wconf 84' lang='lat' dir='ltr'><strong>tractatui</strong></span> <span class='ocrx_word' id='word_1_141' title='bbox 526 1791 623 1839; x_wconf 91' lang='lat' dir='ltr'><strong>nostro</strong></span> <span class='ocrx_word' id='word_1_142' title='bbox 639 1798 694 1839; x_wconf 90' lang='lat' dir='ltr'><strong>non</strong></span> <span class='ocrx_word' id='word_1_143' title='bbox 709 1782 832 1838; x_wconf 83' lang='lat' dir='ltr'><strong>duximus</strong></span> <span class='ocrx_word' id='word_1_144' title='bbox 848 1782 976 1839; x_wconf 90' lang='lat' dir='ltr'><strong>adbiberi.</strong></span> <span class='ocrx_word' id='word_1_145' title='bbox 1255 1796 1256 1869; x_wconf 56' lang='lat' dir='ltr'><strong>p</strong></span> 
     </span>
    </p>

    <p class='ocr_par' dir='ltr' id='par_1_4' title="bbox 191 1860 1216 2774">
     <span class='ocr_line' id='line_1_22' title="bbox 276 1860 1216 1933; baseline -0.003 -13"><span class='ocrx_word' id='word_1_146' title='bbox 276 1864 340 1923; x_wconf 90' lang='lat' dir='ltr'><strong>Vlll.</strong></span> <span class='ocrx_word' id='word_1_147' title='bbox 362 1864 382 1922; x_wconf 94' lang='lat'><strong>1.</strong></span> <span class='ocrx_word' id='word_1_148' title='bbox 406 1864 496 1933; x_wconf 82' lang='lat' dir='ltr'><strong>&#39;Quod</strong></span> <span class='ocrx_word' id='word_1_149' title='bbox 518 1860 648 1923; x_wconf 82' lang='lat' dir='ltr'><strong>demum8</strong></span> <span class='ocrx_word' id='word_1_150' title='bbox 669 1866 857 1923; x_wconf 88' lang='lat' dir='ltr'><strong>sollicitudinis</strong></span> <span class='ocrx_word' id='word_1_151' title='bbox 878 1876 940 1923; x_wconf 87' lang='lat' dir='ltr'><strong>tuae</strong></span> <span class='ocrx_word' id='word_1_152' title='bbox 962 1882 1025 1923; x_wconf 91' lang='lat' dir='ltr'><strong>cura</strong></span> <span class='ocrx_word' id='word_1_153' title='bbox 1045 1874 1145 1924; x_wconf 80' lang='lat' dir='ltr'><strong>tracta·</strong></span> <span class='ocrx_word' id='word_1_154' title='bbox 1158 1868 1216 1917; x_wconf 59' lang='grc' dir='ltr'><strong>[Μ]</strong></span> 
     </span>
     <span class='ocr_line' id='line_1_23' title="bbox 192 1944 1147 2023; baseline 0 -16"><span class='ocrx_word' id='word_1_155' title='bbox 192 1954 247 2023; x_wconf 80' lang='lat' dir='ltr'><strong>uit,</strong></span> <span class='ocrx_word' id='word_1_156' title='bbox 262 1958 294 2007; x_wconf 91' lang='lat' dir='ltr'><strong>ut</strong></span> <span class='ocrx_word' id='word_1_157' title='bbox 309 1949 341 2006; x_wconf 91' lang='lat' dir='ltr'><strong>de</strong></span> <span class='ocrx_word' id='word_1_158' title='bbox 356 1949 543 2007; x_wconf 82' lang='lat' dir='ltr'><strong>effractoribus</strong></span> <span class='ocrx_word' id='word_1_159' title='bbox 559 1944 626 2007; x_wconf 73' lang='lat' dir='ltr'><strong>’ex9</strong></span> <span class='ocrx_word' id='word_1_160' title='bbox 648 1949 791 2006; x_wconf 89' lang='lat' dir='ltr'><strong>manilesto</strong></span> <span class='ocrx_word' id='word_1_161' title='bbox 810 1951 920 2006; x_wconf 91' lang='lat' dir='ltr'><strong>crimine</strong></span> <span class='ocrx_word' id='word_1_162' title='bbox 942 1950 1147 2023; x_wconf 85' lang='lat' dir='ltr'><strong>comprehensis</strong></span> 
     </span>
     <span class='ocr_line' id='line_1_24' title="bbox 191 2026 1147 2110; baseline -0.002 -19"><span class='ocrx_word' id='word_1_163' title='bbox 191 2026 320 2110; x_wconf 87' lang='lat' dir='ltr'><strong>&#39;quum¹⁰</strong></span> <span class='ocrx_word' id='word_1_164' title='bbox 334 2033 414 2090; x_wconf 81' lang='lat' dir='ltr'><strong>iudex</strong></span> <span class='ocrx_word' id='word_1_165' title='bbox 429 2033 522 2091; x_wconf 84' lang='lat' dir='ltr'><strong>debuit</strong></span> <span class='ocrx_word' id='word_1_166' title='bbox 536 2034 607 2090; x_wconf 91' lang='lat' dir='ltr'><strong>ierre</strong></span> <span class='ocrx_word' id='word_1_167' title='bbox 622 2035 792 2107; x_wconf 86' lang='lat' dir='ltr'><strong>sententiam,</strong></span> <span class='ocrx_word' id='word_1_168' title='bbox 807 2041 936 2091; x_wconf 90' lang='lat' dir='ltr'><strong>tractatus</strong></span> <span class='ocrx_word' id='word_1_169' title='bbox 951 2036 1038 2090; x_wconf 89' lang='lat' dir='ltr'><strong>nostri</strong></span> <span class='ocrx_word' id='word_1_170' title='bbox 1048 2035 1147 2108; x_wconf 79' lang='lat' dir='ltr'><strong>pagina</strong></span> 
     </span>
     <span class='ocr_line' id='line_1_25' title="bbox 191 2110 1148 2192; baseline 0.001 -18"><span class='ocrx_word' id='word_1_171' title='bbox 191 2119 329 2190; x_wconf 88' lang='lat' dir='ltr'><strong>declaret,</strong></span> <span class='ocrx_word' id='word_1_172' title='bbox 354 2110 431 2174; x_wconf 85' lang='lat' dir='ltr'><strong>&#39;an¹¹</strong></span> <span class='ocrx_word' id='word_1_173' title='bbox 458 2119 585 2190; x_wconf 89' lang='lat' dir='ltr'><strong>maritus,</strong></span> <span class='ocrx_word' id='word_1_174' title='bbox 611 2132 692 2192; x_wconf 87' lang='lat' dir='ltr'><strong>quem</strong></span> <span class='ocrx_word' id='word_1_175' title='bbox 717 2116 870 2173; x_wconf 90' lang='lat' dir='ltr'><strong>iudiciariae</strong></span> <span class='ocrx_word' id='word_1_176' title='bbox 889 2120 1033 2191; x_wconf 91' lang='lat' dir='ltr'><strong>potestatis</strong></span> <span class='ocrx_word' id='word_1_177' title='bbox 1060 2120 1148 2191; x_wconf 82' lang='lat' dir='ltr'><strong>cingit</strong></span> 
     </span>
     <span class='ocr_line' id='line_1_26' title="bbox 192 2200 1147 2276; baseline 0 -19"><span class='ocrx_word' id='word_1_178' title='bbox 192 2203 355 2271; x_wconf 89' lang='lat' dir='ltr'><strong>auctoritas,</strong></span> <span class='ocrx_word' id='word_1_179' title='bbox 378 2200 413 2257; x_wconf 89' lang='lat' dir='ltr'><strong>de</strong></span> <span class='ocrx_word' id='word_1_180' title='bbox 427 2203 533 2273; x_wconf 87' lang='lat' dir='ltr'><strong>seruis,</strong></span> <span class='ocrx_word' id='word_1_181' title='bbox 548 2203 595 2276; x_wconf 89' lang='lat' dir='ltr'><strong>qul</strong></span> <span class='ocrx_word' id='word_1_182' title='bbox 614 2218 659 2258; x_wconf 90' lang='lat' dir='ltr'><strong>res</strong></span> <span class='ocrx_word' id='word_1_183' title='bbox 677 2201 783 2257; x_wconf 84' lang='lat' dir='ltr'><strong>uxorias</strong></span> <span class='ocrx_word' id='word_1_184' title='bbox 798 2200 942 2259; x_wconf 78' lang='lat' dir='ltr'><strong>manifesto</strong></span> <span class='ocrx_word' id='word_1_185' title='bbox 959 2202 1069 2259; x_wconf 88' lang='lat' dir='ltr'><strong>crimine</strong></span> <span class='ocrx_word' id='word_1_186' title='bbox 1084 2200 1147 2258; x_wconf 87' lang='lat' dir='ltr'><strong>abs·</strong></span> 
     </span>
     <span class='ocr_line' id='line_1_27' title="bbox 193 2283 1146 2360; baseline 0.002 -19"><span class='ocrx_word' id='word_1_187' title='bbox 193 2286 287 2341; x_wconf 91' lang='lat' dir='ltr'><strong>tulisse</strong></span> <span class='ocrx_word' id='word_1_188' title='bbox 301 2286 419 2343; x_wconf 89' lang='lat' dir='ltr'><strong>conuicti</strong></span> <span class='ocrx_word' id='word_1_189' title='bbox 437 2292 509 2355; x_wconf 90' lang='lat' dir='ltr'><strong>suut,</strong></span> <span class='ocrx_word' id='word_1_190' title='bbox 527 2284 737 2360; x_wconf 90' lang='lat' dir='ltr'><strong>peremptoriam</strong></span> <span class='ocrx_word' id='word_1_191' title='bbox 754 2283 877 2341; x_wconf 89' lang='lat' dir='ltr'><strong>debuerit</strong></span> <span class='ocrx_word' id='word_1_192' title='bbox 888 2285 960 2342; x_wconf 89' lang='lat' dir='ltr'><strong>ierrc</strong></span> <span class='ocrx_word' id='word_1_193' title='bbox 972 2287 1146 2357; x_wconf 85' lang='lat' dir='ltr'><strong>senteutiam,</strong></span> 
     </span>
     <span class='ocr_line' id='line_1_28' title="bbox 193 2364 1146 2443; baseline 0 -18"><span class='ocrx_word' id='word_1_194' title='bbox 193 2371 269 2442; x_wconf 89' lang='lat' dir='ltr'><strong>quasi</strong></span> <span class='ocrx_word' id='word_1_195' title='bbox 286 2368 313 2424; x_wconf 96' lang='lat' dir='ltr'><strong>id</strong></span> <span class='ocrx_word' id='word_1_196' title='bbox 335 2368 413 2425; x_wconf 90' lang='lat' dir='ltr'><strong>obiici</strong></span> <span class='ocrx_word' id='word_1_197' title='bbox 436 2370 539 2442; x_wconf 89' lang='lat' dir='ltr'><strong>possit,</strong></span> <span class='ocrx_word' id='word_1_198' title='bbox 565 2370 592 2425; x_wconf 92' lang='lat' dir='ltr'><strong>in</strong></span> <span class='ocrx_word' id='word_1_199' title='bbox 612 2370 723 2442; x_wconf 91' lang='lat' dir='ltr'><strong>propria</strong></span> <span class='ocrx_word' id='word_1_200' title='bbox 743 2383 822 2424; x_wconf 89' lang='lat' dir='ltr'><strong>causa</strong></span> <span class='ocrx_word' id='word_1_201' title='bbox 843 2364 938 2443; x_wconf 82' lang='lat' dir='ltr'><strong>(quod)</strong></span> <span class='ocrx_word' id='word_1_202' title='bbox 961 2370 1022 2443; x_wconf 89' lang='lat' dir='ltr'><strong>quis</strong></span> <span class='ocrx_word' id='word_1_203' title='bbox 1044 2370 1146 2426; x_wconf 86' lang='lat' dir='ltr'><strong>iudicet</strong></span> 
     </span>
     <span class='ocr_line' id='line_1_29' title="bbox 192 2451 1146 2527; baseline 0 -18"><span class='ocrx_word' id='word_1_204' title='bbox 192 2453 291 2509; x_wconf 88' lang='lat' dir='ltr'><strong>stulte:</strong></span> <span class='ocrx_word' id='word_1_205' title='bbox 307 2453 370 2509; x_wconf 93' lang='lat' dir='ltr'><strong>lmlc</strong></span> <span class='ocrx_word' id='word_1_206' title='bbox 385 2451 428 2507; x_wconf 82' lang='lat' dir='ltr'><strong>lex</strong></span> <span class='ocrx_word' id='word_1_207' title='bbox 443 2452 568 2508; x_wconf 90' lang='lat' dir='ltr'><strong>diuorum</strong></span> <span class='ocrx_word' id='word_1_208' title='bbox 584 2453 747 2526; x_wconf 83' lang='lat' dir='ltr'><strong>principum,</strong></span> <span class='ocrx_word' id='word_1_209' title='bbox 763 2467 831 2525; x_wconf 86' lang='lat' dir='ltr'><strong>qnae</strong></span> <span class='ocrx_word' id='word_1_210' title='bbox 846 2453 916 2510; x_wconf 88' lang='lat' dir='ltr'><strong>inira</strong></span> <span class='ocrx_word' id='word_1_211' title='bbox 931 2452 1043 2526; x_wconf 82' lang='lat' dir='ltr'><strong>legitur,</strong></span> <span class='ocrx_word' id='word_1_212' title='bbox 1059 2469 1146 2527; x_wconf 91' lang='lat' dir='ltr'><strong>oppo-</strong></span> 
     </span>
     <span class='ocr_line' id='line_1_30' title="bbox 192 2534 1146 2609; baseline 0.002 -18"><span class='ocrx_word' id='word_1_213' title='bbox 192 2537 292 2607; x_wconf 90' lang='lat' dir='ltr'><strong>nenda,</strong></span> <span class='ocrx_word' id='word_1_214' title='bbox 315 2536 441 2591; x_wconf 89' lang='lat' dir='ltr'><strong>maritum</strong></span> <span class='ocrx_word' id='word_1_215' title='bbox 460 2534 505 2591; x_wconf 91' lang='lat' dir='ltr'><strong>illa</strong></span> <span class='ocrx_word' id='word_1_216' title='bbox 525 2544 631 2592; x_wconf 90' lang='lat' dir='ltr'><strong>tantum</strong></span> <span class='ocrx_word' id='word_1_217' title='bbox 652 2534 762 2609; x_wconf 78' lang='lat' dir='ltr'><strong>negotia</strong></span> <span class='ocrx_word' id='word_1_218' title='bbox 783 2537 875 2592; x_wconf 83' lang='lat' dir='ltr'><strong>uxoris</strong></span> <span class='ocrx_word' id='word_1_219' title='bbox 895 2536 972 2593; x_wconf 89' lang='lat' dir='ltr'><strong>uelut</strong></span> <span class='ocrx_word' id='word_1_220' title='bbox 988 2544 1146 2593; x_wconf 74' lang='lat' dir='ltr'><strong>extraneum</strong></span> 
     </span>
     <span class='ocr_line' id='line_1_31' title="bbox 192 2611 1145 2695; baseline 0.003 -21"><span class='ocrx_word' id='word_1_221' title='bbox 192 2611 353 2675; x_wconf 87' lang='lat' dir='ltr'><strong>&#39;actorsm¹²</strong></span> <span class='ocrx_word' id='word_1_222' title='bbox 367 2627 588 2692; x_wconf 88' lang='lat' dir='ltr'><strong>prosecuturum,</strong></span> <span class='ocrx_word' id='word_1_223' title='bbox 605 2632 673 2692; x_wconf 90' lang='lat' dir='ltr'><strong>quae</strong></span> <span class='ocrx_word' id='word_1_224' title='bbox 688 2620 842 2692; x_wconf 91' lang='lat' dir='ltr'><strong>procuratio</strong></span> <span class='ocrx_word' id='word_1_225' title='bbox 858 2621 954 2676; x_wconf 91' lang='lat' dir='ltr'><strong>emissa</strong></span> <span class='ocrx_word' id='word_1_226' title='bbox 969 2618 1145 2695; x_wconf 87' lang='lat' dir='ltr'><strong>&#39;praescrips-</strong></span> 
     </span>
     <span class='ocr_line' id='line_1_32' title="bbox 191 2694 785 2774; baseline 0.002 -17"><span class='ocrx_word' id='word_1_227' title='bbox 191 2694 284 2757; x_wconf 75' lang='lat' dir='ltr'><strong>erit.¹³</strong></span> <span class='ocrx_word' id='word_1_228' title='bbox 324 2700 353 2761; x_wconf 72' lang='lat'><strong>2.</strong></span> <span class='ocrx_word' id='word_1_229' title='bbox 376 2700 414 2755; x_wconf 75' lang='lat' dir='ltr'><strong>lla</strong></span> <span class='ocrx_word' id='word_1_230' title='bbox 428 2717 544 2774; x_wconf 91' lang='lat' dir='ltr'><strong>corpore</strong></span> <span class='ocrx_word' id='word_1_231' title='bbox 558 2695 785 2759; x_wconf 79' lang='lat' dir='ltr'><strong>&#39;lheodosiani:¹⁴</strong></span> 
     </span>
    </p>
   </div>
   <div class='ocr_carea' id='block_1_3' title="bbox 187 2850 1149 3409">
    <p class='ocr_par' dir='ltr' id='par_1_5' title="bbox 187 2850 1149 3409">
     <span class='ocr_line' id='line_1_33' title="bbox 265 2850 1145 2920; baseline 0.001 -17"><span class='ocrx_word' id='word_1_232' title='bbox 265 2850 286 2920; x_wconf 90' lang='lat'><strong>¹)</strong></span> <span class='ocrx_word' id='word_1_233' title='bbox 299 2860 378 2903; x_wconf 89' lang='lat' dir='ltr'><strong>tamen</strong></span> <span class='ocrx_word' id='word_1_234' title='bbox 391 2852 449 2905; x_wconf 83' lang='lat' dir='ltr'><strong>edd.</strong></span> <span class='ocrx_word' id='word_1_235' title='bbox 477 2851 617 2917; x_wconf 83' lang='lat' dir='ltr'><strong>Sequentia</strong></span> <span class='ocrx_word' id='word_1_236' title='bbox 634 2855 687 2902; x_wconf 82' lang='lat' dir='ltr'><strong>iam</strong></span> <span class='ocrx_word' id='word_1_237' title='bbox 705 2868 755 2903; x_wconf 85' lang='lat' dir='ltr'><strong>nou</strong></span> <span class='ocrx_word' id='word_1_238' title='bbox 774 2860 849 2904; x_wconf 84' lang='lat' dir='ltr'><strong>muto.</strong></span> <span class='ocrx_word' id='word_1_239' title='bbox 923 2851 943 2919; x_wconf 57' lang='grc' dir='ltr'><strong>ς)</strong></span> <span class='ocrx_word' id='word_1_240' title='bbox 958 2855 1016 2904; x_wconf 85' lang='lat' dir='ltr'><strong>An:</strong></span> <span class='ocrx_word' id='word_1_241' title='bbox 1030 2856 1145 2905; x_wconf 85' lang='lat' dir='ltr'><strong>obiectio·</strong></span> 
     </span>
     <span class='ocr_line' id='line_1_34' title="bbox 191 2921 1148 2989; baseline 0.002 -16"><span class='ocrx_word' id='word_1_242' title='bbox 191 2925 280 2974; x_wconf 81' lang='lat' dir='ltr'><strong>nibus?</strong></span> <span class='ocrx_word' id='word_1_243' title='bbox 293 2927 333 2975; x_wconf 88' lang='lat' dir='ltr'><strong>uei</strong></span> <span class='ocrx_word' id='word_1_244' title='bbox 347 2923 541 2974; x_wconf 85' lang='lat' dir='ltr'><strong>obniationibus?</strong></span> <span class='ocrx_word' id='word_1_245' title='bbox 554 2926 593 2973; x_wconf 83' lang='lat' dir='ltr'><strong>oei</strong></span> <span class='ocrx_word' id='word_1_246' title='bbox 607 2923 804 2986; x_wconf 78' lang='lat' dir='ltr'><strong>allegationibus?</strong></span> <span class='ocrx_word' id='word_1_247' title='bbox 868 2921 889 2989; x_wconf 70' lang='grc'><strong>8)</strong></span> <span class='ocrx_word' id='word_1_248' title='bbox 904 2924 941 2973; x_wconf 84' lang='grc' dir='ltr'><strong>ΙΧ.</strong></span> <span class='ocrx_word' id='word_1_249' title='bbox 957 2926 1031 2981; x_wconf 89' lang='lat' dir='ltr'><strong>edd.‚·</strong></span> <span class='ocrx_word' id='word_1_250' title='bbox 1048 2926 1095 2975; x_wconf 85' lang='lat' dir='ltr'><strong>sed</strong></span> <span class='ocrx_word' id='word_1_251' title='bbox 1109 2932 1148 2976; x_wconf 89' lang='lat' dir='ltr'><strong>est</strong></span> 
     </span>
     <span class='ocr_line' id='line_1_35' title="bbox 191 2992 1146 3060; baseline 0.001 -16"><span class='ocrx_word' id='word_1_252' title='bbox 191 2994 224 3044; x_wconf 82' lang='lat' dir='ltr'><strong>L.</strong></span> <span class='ocrx_word' id='word_1_253' title='bbox 234 3008 254 3047; x_wconf 86' lang='lat' dir='ltr'><strong>a.</strong></span> <span class='ocrx_word' id='word_1_254' title='bbox 277 2994 322 3048; x_wconf 78' lang='lat' dir='ltr'><strong>lb.</strong></span> <span class='ocrx_word' id='word_1_255' title='bbox 339 2996 365 3045; x_wconf 85' lang='lat'><strong>0.</strong></span> <span class='ocrx_word' id='word_1_256' title='bbox 379 3007 400 3053; x_wconf 86' lang='lat' dir='ltr'><strong>e,</strong></span> <span class='ocrx_word' id='word_1_257' title='bbox 416 3006 450 3047; x_wconf 84' lang='lat' dir='ltr'><strong>rs.</strong></span> <span class='ocrx_word' id='word_1_258' title='bbox 464 2994 496 3045; x_wconf 82' lang='lat' dir='ltr'><strong>L.</strong></span> <span class='ocrx_word' id='word_1_259' title='bbox 506 3006 526 3044; x_wconf 89' lang='lat' dir='ltr'><strong>s.</strong></span> <span class='ocrx_word' id='word_1_260' title='bbox 543 2993 564 3042; x_wconf 92' lang='lat' dir='ltr'><strong>I.</strong></span> <span class='ocrx_word' id='word_1_261' title='bbox 582 2994 608 3044; x_wconf 80' lang='lat'><strong>0.</strong></span> <span class='ocrx_word' id='word_1_262' title='bbox 622 2994 725 3045; x_wconf 86' lang='lat' dir='ltr'><strong>debon.</strong></span> <span class='ocrx_word' id='word_1_263' title='bbox 741 3001 799 3045; x_wconf 87' lang='lat' dir='ltr'><strong>mot.</strong></span> <span class='ocrx_word' id='word_1_264' title='bbox 814 2993 845 3059; x_wconf 90' lang='lat' dir='ltr'><strong>(o,</strong></span> <span class='ocrx_word' id='word_1_265' title='bbox 856 2996 901 3059; x_wconf 81' lang='lat' dir='ltr'><strong>eo).</strong></span> <span class='ocrx_word' id='word_1_266' title='bbox 917 3011 941 3045; x_wconf 87' lang='lat' dir='ltr'><strong>a.</strong></span> <span class='ocrx_word' id='word_1_267' title='bbox 952 3006 999 3047; x_wconf 81' lang='lat' dir='ltr'><strong>scs.</strong></span> <span class='ocrx_word' id='word_1_268' title='bbox 1047 2992 1068 3060; x_wconf 69' lang='grc'><strong>4)</strong></span> <span class='ocrx_word' id='word_1_269' title='bbox 1081 2995 1146 3045; x_wconf 85' lang='lat' dir='ltr'><strong>Pur.</strong></span> 
     </span>
     <span class='ocr_line' id='line_1_36' title="bbox 191 3062 1147 3130; baseline 0 -15"><span class='ocrx_word' id='word_1_270' title='bbox 191 3077 225 3115; x_wconf 79' lang='lat' dir='ltr'><strong>oo.</strong></span> <span class='ocrx_word' id='word_1_271' title='bbox 245 3066 307 3127; x_wconf 86' lang='lat' dir='ltr'><strong>patri</strong></span> <span class='ocrx_word' id='word_1_272' title='bbox 322 3066 408 3114; x_wconf 85' lang='lat' dir='ltr'><strong>iar-turn</strong></span> <span class='ocrx_word' id='word_1_273' title='bbox 425 3065 489 3113; x_wconf 85' lang='lat' dir='ltr'><strong>Pur.</strong></span> <span class='ocrx_word' id='word_1_274' title='bbox 504 3077 538 3116; x_wconf 86' lang='lat' dir='ltr'><strong>tt.</strong></span> <span class='ocrx_word' id='word_1_275' title='bbox 591 3062 717 3130; x_wconf 71' lang='lat' dir='ltr'><strong>⁶)Muiim</strong></span> <span class='ocrx_word' id='word_1_276' title='bbox 732 3066 903 3115; x_wconf 79' lang='lat' dir='ltr'><strong>usumfructum</strong></span> <span class='ocrx_word' id='word_1_277' title='bbox 916 3080 953 3115; x_wconf 88' lang='lat' dir='ltr'><strong>sc.</strong></span> <span class='ocrx_word' id='word_1_278' title='bbox 968 3068 995 3114; x_wconf 85' lang='lat' dir='ltr'><strong>in</strong></span> <span class='ocrx_word' id='word_1_279' title='bbox 1010 3066 1087 3115; x_wconf 80' lang='lat' dir='ltr'><strong>reduc</strong></span> <span class='ocrx_word' id='word_1_280' title='bbox 1102 3082 1147 3115; x_wconf 83' lang='lat' dir='ltr'><strong>sre-</strong></span> 
     </span>
     <span class='ocr_line' id='line_1_37' title="bbox 187 3134 1147 3199; baseline 0.004 -16"><span class='ocrx_word' id='word_1_281' title='bbox 187 3136 246 3198; x_wconf 86' lang='lat' dir='ltr'><strong>poti</strong></span> <span class='ocrx_word' id='word_1_282' title='bbox 259 3136 362 3184; x_wconf 82' lang='lat' dir='ltr'><strong>donatis</strong></span> <span class='ocrx_word' id='word_1_283' title='bbox 376 3134 408 3183; x_wconf 87' lang='lat' dir='ltr'><strong>ab</strong></span> <span class='ocrx_word' id='word_1_284' title='bbox 421 3135 535 3184; x_wconf 82' lang='lat' dir='ltr'><strong>boecius</strong></span> <span class='ocrx_word' id='word_1_285' title='bbox 543 3135 759 3199; x_wconf 82' lang='lat' dir='ltr'><strong>persuasionibus</strong></span> <span class='ocrx_word' id='word_1_286' title='bbox 769 3150 930 3191; x_wconf 68' lang='lat' dir='ltr'><strong>concessum·</strong></span> <span class='ocrx_word' id='word_1_287' title='bbox 944 3137 997 3187; x_wconf 85' lang='lat' dir='ltr'><strong>oid.</strong></span> <span class='ocrx_word' id='word_1_288' title='bbox 1006 3152 1078 3199; x_wconf 84' lang='lat' dir='ltr'><strong>supr.</strong></span> <span class='ocrx_word' id='word_1_289' title='bbox 1089 3138 1112 3198; x_wconf 73' lang='lat'><strong>§-</strong></span> <span class='ocrx_word' id='word_1_290' title='bbox 1126 3149 1147 3187; x_wconf 89' lang='lat'><strong>1.</strong></span> 
     </span>
     <span class='ocr_line' id='line_1_38' title="bbox 192 3201 1149 3270; baseline 0.004 -19"><span class='ocrx_word' id='word_1_291' title='bbox 192 3201 214 3267; x_wconf 78' lang='lat'><strong>⁶)</strong></span> <span class='ocrx_word' id='word_1_292' title='bbox 229 3204 407 3266; x_wconf 88' lang='lat' dir='ltr'><strong>possessionem</strong></span> <span class='ocrx_word' id='word_1_293' title='bbox 420 3204 487 3263; x_wconf 77' lang='lat' dir='ltr'><strong>edd,</strong></span> <span class='ocrx_word' id='word_1_294' title='bbox 503 3220 559 3254; x_wconf 86' lang='lat' dir='ltr'><strong>cum</strong></span> <span class='ocrx_word' id='word_1_295' title='bbox 572 3206 706 3268; x_wconf 91' lang='lat' dir='ltr'><strong>portionem</strong></span> <span class='ocrx_word' id='word_1_296' title='bbox 717 3220 768 3268; x_wconf 87' lang='lat' dir='ltr'><strong>pro</strong></span> <span class='ocrx_word' id='word_1_297' title='bbox 782 3208 848 3270; x_wconf 79' lang='lat' dir='ltr'><strong>cipio</strong></span> <span class='ocrx_word' id='word_1_298' title='bbox 862 3207 999 3270; x_wconf 83' lang='lat' dir='ltr'><strong>passionem</strong></span> <span class='ocrx_word' id='word_1_299' title='bbox 1015 3214 1149 3269; x_wconf 82' lang='lat' dir='ltr'><strong>occeptum</strong></span> 
     </span>
     <span class='ocr_line' id='line_1_39' title="bbox 191 3272 1073 3337; baseline 0.007 -19"><span class='ocrx_word' id='word_1_300' title='bbox 191 3278 265 3319; x_wconf 84' lang='lat' dir='ltr'><strong>esset.</strong></span> <span class='ocrx_word' id='word_1_301' title='bbox 295 3272 410 3319; x_wconf 82' lang='lat' dir='ltr'><strong>Ceterum</strong></span> <span class='ocrx_word' id='word_1_302' title='bbox 427 3274 478 3321; x_wconf 82' lang='lat' dir='ltr'><strong>uid.</strong></span> <span class='ocrx_word' id='word_1_303' title='bbox 503 3273 583 3333; x_wconf 67' lang='lat' dir='ltr'><strong>Vim,</strong></span> <span class='ocrx_word' id='word_1_304' title='bbox 597 3287 618 3324; x_wconf 80' lang='grc' dir='ltr'><strong>ι.</strong></span> <span class='ocrx_word' id='word_1_305' title='bbox 693 3272 713 3337; x_wconf 69' lang='grc'><strong>7)</strong></span> <span class='ocrx_word' id='word_1_306' title='bbox 727 3283 842 3337; x_wconf 88' lang='lat' dir='ltr'><strong>perpetua</strong></span> <span class='ocrx_word' id='word_1_307' title='bbox 861 3276 1001 3326; x_wconf 84' lang='lat' dir='ltr'><strong>liberalitate</strong></span> <span class='ocrx_word' id='word_1_308' title='bbox 1016 3276 1073 3326; x_wconf 84' lang='lat' dir='ltr'><strong>cdd.</strong></span> 
     </span>
     <span class='ocr_line' id='line_1_40' title="bbox 193 3337 1148 3409; baseline 0.01 -23"><span class='ocrx_word' id='word_1_309' title='bbox 193 3337 215 3403; x_wconf 76' lang='grc'><strong>8)</strong></span> <span class='ocrx_word' id='word_1_310' title='bbox 236 3339 300 3388; x_wconf 84' lang='lat' dir='ltr'><strong>llddo</strong></span> <span class='ocrx_word' id='word_1_311' title='bbox 321 3340 376 3388; x_wconf 86' lang='lat' dir='ltr'><strong>dnm</strong></span> <span class='ocrx_word' id='word_1_312' title='bbox 396 3342 453 3390; x_wconf 84' lang='lat' dir='ltr'><strong>edd.</strong></span> <span class='ocrx_word' id='word_1_313' title='bbox 488 3343 627 3393; x_wconf 74' lang='lat' dir='ltr'><strong>Addendum</strong></span> <span class='ocrx_word' id='word_1_314' title='bbox 648 3343 746 3393; x_wconf 85' lang='lat' dir='ltr'><strong>Seltuit.</strong></span> <span class='ocrx_word' id='word_1_315' title='bbox 765 3347 797 3407; x_wconf 73' lang='lat' dir='ltr'><strong>ej.</strong></span> <span class='ocrx_word' id='word_1_316' title='bbox 830 3346 859 3394; x_wconf 82' lang='lat' dir='ltr'><strong>m</strong></span> <span class='ocrx_word' id='word_1_317' title='bbox 878 3346 964 3395; x_wconf 89' lang='lat' dir='ltr'><strong>dudum</strong></span> <span class='ocrx_word' id='word_1_318' title='bbox 984 3347 1092 3396; x_wconf 83' lang='lat' dir='ltr'><strong>Iioeuer.</strong></span> <span class='ocrx_word' id='word_1_319' title='bbox 1113 3349 1148 3409; x_wconf 76' lang='lat' dir='ltr'><strong>ci.</strong></span> 
     </span>
    </p>
   </div>
   <div class='ocr_carea' id='block_1_4' title="bbox 193 3403 1151 3551">
    <p class='ocr_par' dir='ltr' id='par_1_6' title="bbox 193 3403 1151 3551">
     <span class='ocr_line' id='line_1_41' title="bbox 193 3403 1149 3480; baseline 0.012 -25"><span class='ocrx_word' id='word_1_320' title='bbox 193 3403 215 3472; x_wconf 66' lang='grc'><strong>9)</strong></span> <span class='ocrx_word' id='word_1_321' title='bbox 231 3415 254 3456; x_wconf 89' lang='lat' dir='ltr'><strong>ct</strong></span> <span class='ocrx_word' id='word_1_322' title='bbox 268 3408 326 3457; x_wconf 88' lang='lat' dir='ltr'><strong>edd.</strong></span> <span class='ocrx_word' id='word_1_323' title='bbox 397 3406 429 3474; x_wconf 85' lang='lat'><strong>¹⁰)</strong></span> <span class='ocrx_word' id='word_1_324' title='bbox 445 3426 514 3474; x_wconf 87' lang='lat' dir='ltr'><strong>quam</strong></span> <span class='ocrx_word' id='word_1_325' title='bbox 528 3413 586 3462; x_wconf 84' lang='lat' dir='ltr'><strong>edd.</strong></span> <span class='ocrx_word' id='word_1_326' title='bbox 654 3410 686 3478; x_wconf 79' lang='grc' dir='ltr'><strong>ιι)</strong></span> <span class='ocrx_word' id='word_1_327' title='bbox 701 3419 741 3462; x_wconf 88' lang='lat' dir='ltr'><strong>aut</strong></span> <span class='ocrx_word' id='word_1_328' title='bbox 755 3414 775 3461; x_wconf 91' lang='lat' dir='ltr'><strong>si</strong></span> <span class='ocrx_word' id='word_1_329' title='bbox 789 3415 856 3475; x_wconf 74' lang='lat' dir='ltr'><strong>edd,</strong></span> <span class='ocrx_word' id='word_1_330' title='bbox 868 3416 968 3478; x_wconf 83' lang='lat' dir='ltr'><strong>factum</strong></span> <span class='ocrx_word' id='word_1_331' title='bbox 983 3417 1019 3475; x_wconf 84' lang='lat' dir='ltr'><strong>id,</strong></span> <span class='ocrx_word' id='word_1_332' title='bbox 1034 3424 1149 3480; x_wconf 86' lang='lat' dir='ltr'><strong>utputo,</strong></span> 
     </span>
     <span class='ocr_line' id='line_1_42' title="bbox 193 3477 1151 3551; baseline 0.013 -28"><span class='ocrx_word' id='word_1_333' title='bbox 193 3492 228 3524; x_wconf 81' lang='lat' dir='ltr'><strong>ex</strong></span> <span class='ocrx_word' id='word_1_334' title='bbox 241 3486 279 3524; x_wconf 85' lang='lat' dir='ltr'><strong>tiu.</strong></span> <span class='ocrx_word' id='word_1_335' title='bbox 309 3477 491 3529; x_wconf 84' lang='lat' dir='ltr'><strong>Potesttamen</strong></span> <span class='ocrx_word' id='word_1_336' title='bbox 506 3484 582 3530; x_wconf 85' lang='lat' dir='ltr'><strong>etium</strong></span> <span class='ocrx_word' id='word_1_337' title='bbox 593 3483 695 3544; x_wconf 77' lang='lat' dir='ltr'><strong>fuisse:</strong></span> <span class='ocrx_word' id='word_1_338' title='bbox 710 3482 856 3544; x_wconf 85' lang='lat' dir='ltr'><strong>declaretur,</strong></span> <span class='ocrx_word' id='word_1_339' title='bbox 871 3487 900 3533; x_wconf 91' lang='lat' dir='ltr'><strong>si.</strong></span> <span class='ocrx_word' id='word_1_340' title='bbox 977 3483 1009 3551; x_wconf 76' lang='lat'><strong>¹⁹)</strong></span> <span class='ocrx_word' id='word_1_341' title='bbox 1025 3494 1151 3535; x_wconf 89' lang='lat' dir='ltr'><strong>auctorem</strong></span> 
     </span>
    </p>
   </div>
   <div class='ocr_carea' id='block_1_5' title="bbox 196 3542 1152 3619">
    <p class='ocr_par' dir='ltr' id='par_1_7' title="bbox 196 3542 1152 3619">
     <span class='ocr_line' id='line_1_43' title="bbox 196 3542 1152 3619; baseline 0.014 -27"><span class='ocrx_word' id='word_1_342' title='bbox 196 3545 251 3593; x_wconf 80' lang='lat' dir='ltr'><strong>edd.</strong></span> <span class='ocrx_word' id='word_1_343' title='bbox 314 3542 346 3609; x_wconf 74' lang='grc'><strong>18)</strong></span> <span class='ocrx_word' id='word_1_344' title='bbox 360 3545 405 3595; x_wconf 77' lang='lat' dir='ltr'><strong>En</strong></span> <span class='ocrx_word' id='word_1_345' title='bbox 420 3549 503 3615; x_wconf 69' lang='lat' dir='ltr'><strong>Pupp.</strong></span> <span class='ocrx_word' id='word_1_346' title='bbox 518 3553 550 3613; x_wconf 70' lang='lat' dir='ltr'><strong>(j.</strong></span> <span class='ocrx_word' id='word_1_347' title='bbox 565 3552 735 3615; x_wconf 85' lang='lat' dir='ltr'><strong>perscripserit</strong></span> <span class='ocrx_word' id='word_1_348' title='bbox 748 3552 805 3602; x_wconf 84' lang='lat' dir='ltr'><strong>edd.</strong></span> <span class='ocrx_word' id='word_1_349' title='bbox 874 3551 905 3619; x_wconf 82' lang='lat'><strong>¹⁴)</strong></span> <span class='ocrx_word' id='word_1_350' title='bbox 920 3554 951 3603; x_wconf 86' lang='lat' dir='ltr'><strong>L.</strong></span> <span class='ocrx_word' id='word_1_351' title='bbox 966 3568 987 3607; x_wconf 78' lang='lat' dir='ltr'><strong>c.</strong></span> <span class='ocrx_word' id='word_1_352' title='bbox 1012 3556 1055 3605; x_wconf 78' lang='lat' dir='ltr'><strong>To.</strong></span> <span class='ocrx_word' id='word_1_353' title='bbox 1073 3556 1099 3606; x_wconf 79' lang='grc'><strong>0.</strong></span> <span class='ocrx_word' id='word_1_354' title='bbox 1116 3556 1152 3605; x_wconf 76' lang='lat' dir='ltr'><strong>sic</strong></span> 
     </span>
    </p>
   </div>
   <div class='ocr_carea' id='block_1_6' title="bbox 0 0 1277 3909">
    <p class='ocr_par' dir='ltr' id='par_1_8' title="bbox 0 0 1277 3909">
     <span class='ocr_line' id='line_1_44' title="bbox 0 0 1277 3909; baseline 0 0"><span class='ocrx_word' id='word_1_355' title='bbox 0 0 1277 3909; x_wconf 95' lang='lat' dir='ltr'><strong> </strong></span> 
     </span>
    </p>
   </div>
  </div>
 </body>
</html>
