2542 3909
169 228 234 293 480
457 241 637 280 remearunt
655 242 725 278 suun.
745 223 778 278 ΙΙ.
800 227 840 278 18.

169 384 228 431 tum
241 375 359 448 pretium
371 365 488 452 (serni),
505 371 551 428 sed
567 377 595 427 et
608 364 738 443 ’eorum‚¹
754 387 822 443 quae
833 385 883 445 per
898 369 989 444 iugum
1002 369 1129 441 abstulit,
1144 383 1210 432 [ses]

169 457 284 515 reddere
298 449 439 530 cogetur.2

234 538 271 597 12
286 535 362 615 (13).
392 533 477 596 ’Cum
504 537 629 613 probatio
657 539 755 612 prioris
778 537 859 612 fugae
881 536 1028 607 deiecerit,
1052 536 1130 595 serui

171 624 342 699 responsioni
354 623 518 681 eredendum
530 632 584 680 est:
599 625 627 678 in
640 639 670 678 se
682 623 752 677 enirn
763 622 934 696 interrogari,
946 637 1001 677 uon
1014 636 1064 695 pro
1076 621 1129 677 do·

170 709 243 764 mino
255 717 301 763 aut
311 709 339 763 tn
351 707 500 777 domiuum,
512 706 628 763 uidetur.
650 702 686 763 13
692 697 765 782 (14).
778 698 821 759 ⁴iu
833 720 866 761 eo
878 713 1031 776 contractu,
1039 707 1130 778 quiex

170 791 240 847 bona
254 790 306 848 fide
316 791 466 862 deseendit,
479 792 724 846 instrumentorum
736 781 891 860 ’obligatio⁶
900 789 958 844 sino
973 805 1053 845 eausa
1070 788 1130 845 ’de-

172 867 680 949 rideretur‚⁰siquomodo'neritns7de
688 871 741 928 tide
749 880 905 928 contractus
912 873 1000 945 possit
1008 871 1129 929 ostendi.

358 954 407 1036 [t.
425 960 452 1016 1.
475 959 511 1021 tt.
528 959 564 1014 de
577 959 635 1030 tide
651 961 781 1014 instrum.
798 949 866 1033 (tt,
880 948 938 1032 4).]

235 1040 273 1101 tt
287 1036 361 1122 (15).
385 1036 516 1098 ⁸i'undus
530 1043 588 1097 eius
604 1057 664 1098 esse
686 1040 803 1111 uidetur,
826 1041 902 1096 euius
925 1041 1032 1096 nomine
1053 1056 1129 1096 eonn-

170 1137 280 1202 peratus
296 1135 349 1197 est,
364 1143 421 1183 non
436 1141 450 1181 a
465 1141 520 1199 qno
535 1126 647 1198 pecunia
662 1131 800 1181 numerata
816 1133 874 1180 est:
889 1124 912 1179 ri
924 1130 1014 1181 tamen
1026 1123 1128 1180 tuntas

170 1212 350 1286 comparatori
366 1211 402 1266 stt
416 1209 541 1266 traditus.

481 1287 538 1369 [lt.
564 1291 689 1350 consui.
705 1290 735 1361 6,
750 1283 813 1368 8.]1

233 1374 268 1435 15
282 1372 357 1453 (16).
383 1369 508 1432 ¹⁰Eiecto
529 1390 577 1430 reo
598 1375 740 1450 principali
756 1373 900 1432 fideiussor
914 1374 959 1432 uel
974 1375 1053 1432 heres
1068 1375 1130 1432 eius

171 1461 311 1520 liberatur.
349 1477 405 1516 non
420 1459 490 1515 idern
504 1460 532 1514 in
546 1457 748 1515 mundatodbus
764 1452 963 1519 obseruatur.¹¹

338 1596 402 1637 ern.
418 1594 510 1636 xvm.
536 1593 579 1635 nn
594 1591 715 1634 nocero
730 1593 771 1636 nu
786 1592 961 1636 counvcro.

233 1669 258 1730 t
282 1664 403 1728 ¹²Homo
418 1668 501 1738 iiber,
525 1671 572 1744 qut
586 1676 686 1726 statum
701 1685 779 1726 suurn
794 1671 822 1725 in
837 1677 972 1745 potestate
987 1669 1083 1740 hahet,
1099 1680 1131 1728 et

172 1823 326 1887 peminatum
340 1819 485 1880 uidebatur,
498 1820 704 1870 substitueretur.
727 1817 825 1869 Sedult.
836 1835 888 1884 pro
903 1819 1011 1869 dominus
1026 1823 1059 1884 ej.
1069 1835 1129 1870 ven·

172 1894 243 1945 ditor.
312 1888 332 1958 ¹)
347 1906 375 1940 eu
389 1890 453 1957 (pro
467 1888 528 1957 eor.)
544 1890 606 1940 Cdd.
620 1891 679 1941 edd.
743 1886 764 1955 1)
779 1889 817 1940 De
831 1891 853 1952 ξ.
868 1902 902 1941 12.
922 1891 1060 1940 editionum
1074 1892 1128 1942 vid.

172 1971 225 2014 not.
240 1975 262 2015 o.
310 1959 331 2028 1)
346 1962 467 2011 Pontiam
479 1968 577 2011 mutata
590 1967 664 2010 extat
677 1962 704 2009 in
718 1959 751 2010 L.
762 1971 782 2012 t.
802 1960 834 2008 D.
849 1961 881 2010 de
890 1960 966 2024 prob.
981 1959 1066 2027 (int).
1088 1962 1128 2026 Cf.

173 2034 205 2083 L.
220 2045 254 2086 tt.
271 2035 294 2096 ἕ.
309 2045 329 2085 t.
348 2033 381 2082 D.
397 2033 430 2082 de
443 2033 521 2082 aedil.
535 2031 576 2082 ed.
591 2029 636 2096 (21,
652 2029 683 2096 1).
702 2031 735 2080 Ιι.
750 2044 817 2094 npr.
836 2031 868 2080 t.
882 2043 916 2082 tu.
935 2031 968 2081 tt.
983 2032 1015 2082 de
1029 2039 1127 2096 quaest.

173 2103 219 2169 (48,
236 2103 281 2170 tt),
296 2104 368 2167 infra
375 2114 403 2162 ,1,
418 2114 452 2155 tt.
467 2105 491 2164 §-
505 2113 527 2154 ὁ.
599 2098 621 2165 ⁴)
637 2101 676 2164 Cf.
692 2101 723 2149 L.
739 2113 772 2152 ιο.
796 2101 822 2152 0.
837 2102 868 2150 de
879 2102 932 2164 fide
946 2103 1021 2151 instr.
1036 2101 1067 2168 (4,
1082 2102 1127 2168 ει).

176 2171 198 2241 1)
215 2173 308 2238 Optimi
321 2181 346 2224 et
355 2175 476 2238 plerique
491 2172 552 2223 Odd.
567 2172 656 2221 oblatio
671 2172 731 2229 alil,
746 2171 786 2220 ed.
800 2171 833 2220 Α.
863 2172 902 2235 Cf.
919 2171 975 2221 Gai.
991 2184 1017 2230 tt,
1031 2185 1077 2224 1³1.

175 2242 197 2311 1)
214 2247 390 2295 demonstretur
402 2245 476 2294 multi
488 2250 513 2292 et
526 2243 616 2306 optimi
630 2241 693 2292 (ldd.
708 2248 733 2290 et
746 2242 784 2290 ed.
800 2241 884 2291 Haen.
936 2239 957 2306 1)
971 2243 1079 2292 uoluntas
1094 2258 1129 2293 ex

173 2318 259 2365 multis
276 2315 339 2365 Gdd.
354 2314 395 2364 ed.
409 2313 494 2362 Ilaen.
563 2309 585 2376 ⁸)
601 2311 640 2374 Of.
656 2312 688 2361 t.
704 2323 724 2362 1.
745 2311 771 2362 θ.
785 2315 810 2360 ei
824 2314 882 2376 quie
895 2314 974 2361 alteri
987 2311 1018 2378 (4,
1033 2311 1077 2378 50).

174 2383 197 2452 1)
212 2386 359 2449 Pleraeque
372 2384 430 2434 edd.
445 2383 470 2432 d.
484 2385 502 2432 t.
514 2389 576 2446 port
589 2383 613 2443 5.
628 2393 662 2433 11.
673 2388 786 2445 ponunt,
808 2389 837 2432 ut
848 2384 884 2432 eit
896 2385 918 2444 θ.
934 2394 967 2434 tt.
995 2383 1034 2432 De
1048 2398 1077 2432 re
1092 2385 1128 2447 ef.

174 2457 206 2505 Ι..
221 2467 242 2505 n.
264 2455 289 2504 0.
304 2457 330 2504 ri
344 2455 417 2503 vend.
430 2455 502 2518 pipn.
518 2451 542 2518 (tt
569 2450 615 2517 to).
650 2451 794 2502 Creditoris
807 2453 961 2512 venditione,
975 2469 1040 2518 quae
1054 2469 1127 2504 encre·

174 2525 270 2590 quendi
279 2526 405 2589 pipnorir
415 2537 495 2573 eausa
505 2529 624 2586 empaeto
634 2522 666 2585 tit
675 2524 715 2571 rel
725 2523 787 2586 lieri
796 2524 906 2583 videtur,
917 2525 1038 2589 pipnorir
1047 2540 1129 2575 eausa

171 2596 265 2660 finitur
278 2592 310 2660 (t,
321 2605 355 2645 nt.
366 2595 389 2655 9.
400 2592 424 2658 4)
433 2601 459 2642 et
471 2595 528 2642 sola
541 2593 569 2642 in
578 2594 719 2654 remeantia,
733 2594 758 2642 ei
766 2608 817 2644 non
828 2595 885 2643 iure
894 2594 1022 2644 uenditum
1031 2597 1074 2660 eit,
1084 2595 1129 2646 de-

175 2665 255 2715 litori
261 2667 348 2714 eiusne
355 2663 493 2714 heredibus
501 2663 759 2728 relinquitur:ecetra
766 2666 968 2728 quameieonlra
975 2666 1051 2728 fidem
1054 2666 1130 2728 pacti

174 2736 292 2786 creditor
301 2736 384 2800 episre
394 2740 523 2798 arpuatur
532 2733 565 2783 ab
572 2749 610 2796 eo,
618 2735 770 2799 quipepipit
777 2737 816 2784 uel
821 2736 953 2800 pepipirse
961 2737 1131 2801 intelligitur:

174 2805 244 2871 quod
250 2820 362 2870 arpuere
370 2806 449 2854 licere
457 2806 548 2854 eumin
562 2811 698 2855 contractu
708 2807 827 2870 pipnoris
838 2805 895 2855 dati
907 2807 989 2855 inesse
1001 2807 1129 2871 uideatur,

173 2884 198 2926 et
208 2875 310 2927 debitor
318 2875 368 2925 ltoe
378 2889 440 2925 earu
450 2883 520 2925 reete
525 2876 701 2940 pignoratitia
712 2877 775 2941 apii,
790 2883 815 2925 et
828 2877 853 2924 si
861 2878 951 2942 nrpuit
959 2874 1028 2941 (nam
1037 2891 1129 2940 pereo·

175 2949 234 2996 nale
244 2953 350 3011 paetum
364 2944 421 3013 est),
431 2947 557 2996 actionem
571 2946 608 2995 ad
615 2946 733 2995 heredem
744 2947 901 2996 transmittit.
925 2945 1012 2996 Aliter
1020 2962 1074 2997 rem
1083 2961 1129 2996 em·

171 3018 266 3082 pedire
274 3017 326 3067 ribi
339 3017 460 3066 ridentur
471 3016 562 3066 Cariae.
573 3024 597 3065 et
605 3014 704 3068 Sedult.
719 3015 788 3066 adit.
799 3019 815 3066 l.
869 3011 901 3082 ¹⁰)
918 3017 1129 3080 otorantina.

175 3100 209 3148 no,
224 3099 258 3140 nt.
273 3089 305 3141 L.
320 3098 355 3139 m.
369 3088 393 3149 9.
408 3099 429 3139 o.
448 3087 481 3138 It.
496 3087 580 3136 manat.
595 3085 645 3152 (at,
660 3083 691 3152 1).
711 3085 743 3135 t.
759 3089 802 3136 ult.
819 3086 844 3136 0,
859 3087 892 3136 de
901 3088 1017 3150 fideiuss.
1033 3087 1069 3154 (e,
1082 3086 1129 3154 ιι).

176 3186 210 3195 -
224 3159 256 3208 Ι..
271 3170 305 3210 1³.
325 3156 357 3207 J).
371 3157 405 3207 de
421 3158 538 3221 fideiuss.
553 3154 603 3221 (tt,
621 3154 653 3222 t).
672 3156 704 3205 In
719 3166 753 3208 st.
775 3156 800 3206 0.
815 3157 871 3208 eod.
947 3155 979 3223 11)
993 3158 1037 3209 Ad
1049 3158 1074 3208 lt.
1089 3160 1128 3208 tit.

173 3235 293 3292 spectare
307 3229 384 3277 etiam
393 3228 497 3277 uidetur
506 3227 538 3276 t.
550 3225 621 3277 Item.
631 3225 713 3291 Burp.
724 3236 758 3278 ot.
782 3223 867 3277 ‘Arra
877 3241 929 3291 pro
939 3229 1130 3294 quibuscunque

173 3298 252 3349 rebus
265 3314 282 3347 a
295 3297 433 3348 uenditore
447 3303 555 3360 accepta
569 3295 601 3346 ab
615 3311 654 3355 eo,
668 3299 714 3361 qui
726 3298 793 3355 emit,
803 3298 975 3348 uenditionem
985 3299 1130 3364 perfectam

173 3383 244 3419 erse:
252 3369 366 3432 pretium
380 3374 465 3416 tamen
474 3366 635 3430 postmodum
649 3375 746 3430 emptor
760 3366 801 3433 (L.
812 3366 934 3434 emptore)
944 3371 1076 3420 uenditori
1084 3371 1130 3419 im·

171 3441 292 3503 pleturus
304 3436 347 3503 (t.
357 3435 513 3502 impleturo),
527 3437 552 3485 ri
565 3443 611 3486 aut
624 3437 694 3487 inter
706 3439 776 3502 ipsos
790 3439 941 3489 conuenerit
953 3446 999 3489 aut
1013 3442 1130 3490 uirorum

174 3508 297 3558 tonorum
312 3507 490 3557 aestimatione
504 3507 657 3566 eonstiterit,
671 3508 810 3558 seeundum
823 3509 932 3572 speeiem
947 3507 1056 3560 Paulli.'

249 3577 298 3626 dit.
317 3575 426 3626 XVIII.
466 3573 500 3643 ¹¹)
516 3577 555 3640 Cf.
569 3576 601 3626 Ιι,
616 3587 637 3629 t.
657 3577 688 3629 D.
704 3578 735 3628 de
749 3579 833 3642 onufr.
848 3579 896 3644 lep.
912 3577 957 3644 (ot,
971 3577 1004 3644 t).
