2542 3909
178 219 239 276 122
523 228 545 263 c.
564 227 659 262 111111
677 226 777 263 enarro.

238 350 289 411 86.
313 349 487 426 (Nefrendas
498 351 548 426 sa.)
565 353 658 407 Ateius
671 352 771 423 Capito
786 351 916 423 infantes
932 367 994 409 asse
1009 356 1133 411 nondum

171 435 348 512 frendentes,
367 437 395 492 id
414 444 456 491 est
468 437 651 509 franpentes:
667 466 707 476 -—
722 434 795 492 Nest.
810 453 836 491 1.
852 436 1001 493 Nelrendes
1016 455 1044 511 p.
1062 438 1132 495 168.

236 516 283 577 87.
306 520 462 576 Scaeuolam
482 536 592 593 quoque
605 528 633 575 et
647 519 678 574 L.
693 520 796 576 delium
812 528 840 577 et
854 522 960 577 Ateium
976 520 1132 594 Capitonem

171 608 200 662 iu
214 604 307 662 eadem
322 606 456 660 sententia
472 599 520 678 (se.
532 604 565 659 de
577 606 641 659 uiuo
653 602 782 677 murrina)
798 605 883 661 luisse
900 604 987 677 uideo,
1004 606 1188 677 quoniamae]
1255 596 1256 649 ἶ

172 692 200 745 11
215 688 350 745 Pseudolo
365 690 417 744 sit:

243 794 310 851 Quod
323 794 345 841 si
359 808 419 857 opus
433 800 478 857 est,
491 799 519 842 ut
532 792 601 841 dulae
615 798 709 856 promat
719 792 832 855 indidem,
843 794 928 857 ecquid
937 794 1027 843 liniret?
1046 792 1132 843 Cllhli.

243 935 380 995 1111111111,
394 948 500 998 passum,
514 934 641 994 defrutum,
656 934 740 981 mella.
753 864 864 982 RQ?

172 1033 270 1108 quibus
286 1040 407 1106 apparet,
427 1050 484 1088 nou
499 1033 571 1087 iuter
586 1034 648 1087 uina
664 1032 744 1086 modo
761 1034 907 1087 murrinam
922 1032 970 1088 sed
985 1034 1057 1089 inter
1073 1033 1133 1089 dul·

171 1122 212 1175 ola
228 1134 338 1191 quoque
352 1119 529 1172 nominatum.
545 1146 588 1156 -
601 1116 669 1171 Plin.
685 1113 717 1170 N.
734 1114 766 1168 ll.
785 1115 834 1184 14,
853 1117 900 1173 13.
918 1117 946 1188 3.
964 1114 1013 1173 15.

234 1200 285 1258 88.
308 1200 471 1273 Certumque
486 1198 517 1254 lit
537 1198 586 1270 (so.
603 1197 722 1273 pistores
738 1199 836 1254 Romae
852 1216 906 1255 non
922 1200 1007 1257 luisse
1022 1200 1054 1255 ad
1070 1200 1134 1258 Per·

171 1287 255 1341 sicum
271 1300 358 1356 usque
373 1282 483 1348 bellum,
505 1284 634 1357 ipsosque
650 1282 776 1352 Quirites,
797 1283 924 1339 mulieres
939 1292 1015 1357 puta,
1037 1301 1133 1357 panem

171 1363 277 1441 iecisse)
294 1368 364 1422 hteii
378 1366 514 1439 Capitonis
529 1368 672 1441 sententia,
694 1382 774 1421 cocos
790 1374 847 1422 turn
862 1383 957 1440 panem
972 1368 1133 1424 lautioribus

170 1468 287 1526 coquere
302 1450 409 1522 solitos,
424 1452 597 1524 pistoresque
612 1458 716 1505 tuntum
731 1466 856 1523 eos,an
850 1450 913 1507 iar
927 1451 1060 1525 pisehaut,
1082 1468 1131 1509 uo·

170 1538 354 1591 minatos.-
369 1534 437 1589 Pliu
452 1533 485 1589 Ν.
502 1533 535 1589 Η.
553 1534 602 1601 18,
621 1534 668 1589 11.
688 1535 716 1605 3.
732 1532 783 1590 28.
863 1596 866 1603 ,

231 1631 281 1693 88.
305 1628 392 1689 Ta
359 1652 415 1708 γαρ
426 1626 624 1707 §drupparum
676 1636 751 1691 Nam
784 1638 909 1709 insignia
944 1641 1133 1709 mapistratue

169 1710 320 1790 ἀρχόντων
334 1709 394 1773 dno
411 1712 555 1773 Θούσκων
571 1720 623 1773 111-
676 1718 770 1776 Numa
785 1734 843 1775 rex
854 1739 872 1775 a
888 1720 1007 1777 Thateis
1019 1728 1132 1777 mutua-

169 1794 266 1878 tiuiv‘
253 1820 269 1858 o
290 1794 429 1875 βασιλεὺς
445 1799 573 1875 Νουμᾶς
588 1806 624 1881 τῇ
676 1811 705 1859 ta
726 1805 756 1857 in
777 1806 983 1873 rempublicam
1004 1807 1133 1862 introdu-

169 1882 301 1961 πολιτεία
311 1877 550 1985 ηῇεἰσήγαγεν,
524 1900 623 1962 ωσπερ
675 1892 730 1959 ait,
745 1890 832 1943 saeue·
842 1894 869 1943 et
885 1889 1133 1945 armorumrobur

170 1965 219 2025 καὶ
238 1964 411 2026 revoniae
425 1963 457 2023 τὸ
472 1959 624 2043 ὃυσμαχον
677 1991 694 2027 a
708 1973 808 2029 Gallie.
833 1978 978 2029 testantur
990 1972 1065 2030 leaeo
1079 1970 1133 2029 Ca·

111 2073 116 2080 ⁴
169 2041 391 2110 ἆπόΓαλατων.
414 2048 464 2109 καὶ
478 2049 623 2129 μάρτυρες
675 2060 734 2128 pito
751 2062 778 2112 at
792 2056 942 2113 Fonteius

168 2131 224 2212 μὲν
247 2130 408 2194 111111νὸ
429 2156 460 2194 τε
481 2135 626 2195 Καπίτων

168 2216 220 2278 καὶ
241 2213 404 2295 Φωντηϊος.
421 2252 459 2262 -
481 2222 520 2277 lo.
544 2221 623 2279 Laur.

168 2306 235 2380 Lyd.
252 2306 285 2362 de
301 2308 422 2379 magistr.
439 2305 530 2364 exord.

231 2404 283 2463 30.
309 2400 419 2460 ¹hteius
442 2407 548 2473 asserit,
571 2404 683 2463 Romam
706 2414 767 2463 ante
790 2408 936 2464 aduentum
952 2406 1069 2465 Euandri
1085 2409 1132 2466 diu

168 2490 314 2545 Valentiam
332 2490 485 2543 uocitatum.
501 2518 543 2529 -
558 2488 635 2546 Serv.
653 2490 769 2547 adden.
789 2492 817 2563 1,
834 2491 906 2549 273.
959 2546 964 2557 ,

230 2569 274 2629 31.
298 2571 351 2627 Sed
365 2572 448 2627 Varro
471 2580 498 2627 et
513 2574 606 2629 Ateius
628 2584 722 2631 eontra
738 2577 869 2646 sentiunt,
892 2576 1011 2633 dieentes
1026 2572 1131 2633 ‘diuos’

167 2664 325 2732 perpetuos,
342 2654 442 2725 ‘deos’,
458 2657 503 2728 qui
518 2667 631 2730 propter
646 2662 688 2715 sui
704 2661 936 2716 consecrationem
946 2662 1083 2732 timentur,
1100 2669 1132 2717 ut

167 2747 233 2795 sunt
247 2739 283 2793 dii
299 2738 398 2795 Neues.
415 2768 453 2779 -
470 2739 546 2795 Serv.
563 2742 677 2803 adden.
694 2742 723 2813 5,
739 2741 790 2800 45.

230 2818 278 2880 32.
303 2823 397 2877 Ateius
412 2821 571 2897 Philologus
586 2825 728 2883 libertinus
745 2828 857 2883 Athenis
872 2837 963 2885 natus.
993 2827 1071 2883 Hune
1083 2826 1132 2883 Ca·

166 2907 225 2982 pito
241 2907 334 2961 Ateius
357 2914 439 2962 notus
460 2908 672 2967 iurisconsultus
688 2914 760 2967 inter
774 2914 965 2985 grammaticos
980 2913 1131 2985 rhetorem,

167 2993 238 3046 inter
269 2990 394 3131 rhfffm
427 2996 630 3065 grammaticum
660 2996 746 3051 tuisse
778 2998 824 3056 ait.
846 3026 887 3035 —
915 2996 992 3053 Suet.
1026 2996 1059 3052 de
1090 2996 1131 3054 ill.

167 3091 280 3148 gramm.
341 3080 351 3129 .·

230 3155 278 3215 88.
302 3158 350 3214 llio
371 3157 441 3215 idem
462 3158 513 3233 (so.
527 3162 562 3219 N.
577 3163 742 3237 Pomponius
758 3161 910 3239 Marcellus)
934 3180 994 3220 eum
1018 3181 1050 3219 ex
1071 3180 1133 3221 ora-

166 3242 242 3299 tione
265 3242 402 3298 liberium
424 3246 655 3320 reprehendisset,
678 3244 828 3303 affirmante
842 3249 921 3357 111111
938 3248 1078 3325 Capitone,
1103 3257 1132 3305 et

166 3410 340 3472 appellatione
353 3410 464 3460 accitam
476 3412 567 3475 fatere.
597 3408 617 3475 ¹)
631 3410 705 3460 Haeo
712 3411 793 3474 seeo.
808 3419 833 3460 et
846 3423 879 3463 tn.
891 3420 919 3461 ut
932 3414 1014 3477 mapis
1028 3412 1131 3477 Capito·

166 3481 215 3540 nie,
224 3493 299 3542 qaam
310 3477 1132 3546 Ρὴὶῖοῑορίεεεε111181111111111111111911111111111111,ρα111’11

166 3547 391 3612 quodhuneSeru.
400 3551 436 3599 ad
442 3550 507 3601 Aen.
523 3564 544 3613 1,
552 3562 598 3603 601.
606 3554 685 3614 pleno
698 3551 769 3623 Ateii
783 3552 1131 3617 Philolopt'naminetaudat.
