<?xml version="1.0" encoding="UTF-8"?>
<!DOCTYPE html PUBLIC "-//W3C//DTD XHTML 1.0 Transitional//EN"
    "http://www.w3.org/TR/xhtml1/DTD/xhtml1-transitional.dtd">
<html xmlns="http://www.w3.org/1999/xhtml" xml:lang="en" lang="en">
 <head>
  <title>
</title>
<meta http-equiv="Content-Type" content="text/html;charset=utf-8" />
  <meta name='ocr-system' content='tesseract 3.04.00' />
  <meta name='ocr-capabilities' content='ocr_page ocr_carea ocr_par ocr_line ocrx_word'/>
</head>
<body>
  <div class='ocr_page' id='page_1' title='image "./iurisprudentiae01huscgoog_0654.png"; bbox 0 0 2542 3909; ppageno 0'>
   <div class='ocr_carea' id='block_1_1' title="bbox 473 245 1118 308">
    <p class='ocr_par' dir='ltr' id='par_1_1' title="bbox 473 245 1118 308">
     <span class='ocr_line' id='line_1_1' title="bbox 473 245 1118 308; baseline 0.014 -8"><span class='ocrx_word' id='word_1_1' title='bbox 473 264 610 300; x_wconf 70' lang='lat' dir='ltr'>assumaris</span> <span class='ocrx_word' id='word_1_2' title='bbox 627 263 817 300; x_wconf 72' lang='lat' dir='ltr'>coeremoniis.</span> <span class='ocrx_word' id='word_1_3' title='bbox 1056 245 1118 308; x_wconf 83' lang='grc'>631</span> 
     </span>
    </p>
   </div>
   <div class='ocr_carea' id='block_1_2' title="bbox 167 385 1129 3004">
    <p class='ocr_par' dir='ltr' id='par_1_2' title="bbox 167 385 1125 1526">
     <span class='ocr_line' id='line_1_2' title="bbox 167 385 1122 463; baseline -0.003 -21"><span class='ocrx_word' id='word_1_4' title='bbox 167 390 287 442; x_wconf 80' lang='lat' dir='ltr'>stemma</span> <span class='ocrx_word' id='word_1_5' title='bbox 303 386 483 463; x_wconf 81' lang='lat' dir='ltr'>inserviisset,</span> <span class='ocrx_word' id='word_1_6' title='bbox 502 387 561 440; x_wconf 83' lang='lat' dir='ltr'>sine</span> <span class='ocrx_word' id='word_1_7' title='bbox 575 385 660 463; x_wconf 83' lang='lat' dir='ltr'>dubio</span> <span class='ocrx_word' id='word_1_8' title='bbox 672 387 758 440; x_wconf 89' lang='lat' dir='ltr'>etiam</span> <span class='ocrx_word' id='word_1_9' title='bbox 776 387 889 454; x_wconf 81' lang='lat' dir='ltr'><strong>septimi</strong></span> <span class='ocrx_word' id='word_1_10' title='bbox 905 386 1008 455; x_wconf 82' lang='lat' dir='ltr'>gradus</span> <span class='ocrx_word' id='word_1_11' title='bbox 1024 401 1122 455; x_wconf 85' lang='lat' dir='ltr'>perso·</span> 
     </span>
     <span class='ocr_line' id='line_1_3' title="bbox 167 453 1120 573; baseline -0.002 -65"><span class='ocrx_word' id='word_1_12' title='bbox 167 471 221 508; x_wconf 89' lang='lat' dir='ltr'>nae</span> <span class='ocrx_word' id='word_1_13' title='bbox 233 455 278 508; x_wconf 91' lang='lat' dir='ltr'>vel</span> <span class='ocrx_word' id='word_1_14' title='bbox 290 454 389 533; x_wconf 79' lang='lat' dir='ltr'>saltem</span> <span class='ocrx_word' id='word_1_15' title='bbox 402 455 513 530; x_wconf 77' lang='lat' dir='ltr'>sobrino</span> <span class='ocrx_word' id='word_1_16' title='bbox 529 454 677 506; x_wconf 83' lang='lat' dir='ltr'>sobrmare</span> <span class='ocrx_word' id='word_1_17' title='bbox 694 457 776 506; x_wconf 88' lang='lat' dir='ltr'>natus</span> <span class='ocrx_word' id='word_1_18' title='bbox 793 455 897 530; x_wconf 77' lang='lat' dir='ltr'>natare</span> <span class='ocrx_word' id='word_1_19' title='bbox 914 453 1020 532; x_wconf 79' lang='lat' dir='ltr'>relatus</span> <span class='ocrx_word' id='word_1_20' title='bbox 1034 454 1120 573; x_wconf 46' lang='lat'>5533</span> 
     </span>
     <span class='ocr_line' id='line_1_4' title="bbox 167 521 1121 666; baseline -0.001 -26"><span class='ocrx_word' id='word_1_21' title='bbox 167 521 1121 666; x_wconf 47' lang='lat' dir='ltr'>ittaattatttt‘illlltalattblttlttltua</span> 
     </span>
     <span class='ocr_line' id='line_1_5' title="bbox 170 653 1122 722; baseline -0.001 -14"><span class='ocrx_word' id='word_1_22' title='bbox 170 655 287 708; x_wconf 72' lang='lat' dir='ltr'>‘Gaius’</span> <span class='ocrx_word' id='word_1_23' title='bbox 310 671 337 721; x_wconf 88' lang='lat' dir='ltr'>p.</span> <span class='ocrx_word' id='word_1_24' title='bbox 366 658 486 721; x_wconf 78' lang='grc'>16-24),</span> <span class='ocrx_word' id='word_1_25' title='bbox 510 653 625 708; x_wconf 84' lang='lat' dir='ltr'>secundi</span> <span class='ocrx_word' id='word_1_26' title='bbox 648 655 751 722; x_wconf 84' lang='lat' dir='ltr'>gradus</span> <span class='ocrx_word' id='word_1_27' title='bbox 774 656 803 708; x_wconf 90' lang='lat' dir='ltr'>et</span> <span class='ocrx_word' id='word_1_28' title='bbox 824 672 854 708; x_wconf 91' lang='lat' dir='ltr'>in</span> <span class='ocrx_word' id='word_1_29' title='bbox 875 654 943 707; x_wconf 84' lang='lat' dir='ltr'>exili</span> <span class='ocrx_word' id='word_1_30' title='bbox 964 655 1122 708; x_wconf 85' lang='lat' dir='ltr'>hereditate</span> 
     </span>
     <span class='ocr_line' id='line_1_6' title="bbox 170 720 1122 801; baseline 0 -27"><span class='ocrx_word' id='word_1_31' title='bbox 170 722 257 798; x_wconf 84' lang='lat' dir='ltr'>etiam</span> <span class='ocrx_word' id='word_1_32' title='bbox 275 721 404 797; x_wconf 85' lang='lat' dir='ltr'>omnibus</span> <span class='ocrx_word' id='word_1_33' title='bbox 417 721 484 798; x_wconf 34' lang='lat' dir='ltr'>,lege</span> <span class='ocrx_word' id='word_1_34' title='bbox 497 720 581 798; x_wconf 73' lang='lat' dir='ltr'>Furia</span> <span class='ocrx_word' id='word_1_35' title='bbox 593 723 717 788; x_wconf 84' lang='lat' dir='ltr'>exceptis</span> <span class='ocrx_word' id='word_1_36' title='bbox 730 723 856 801; x_wconf 84' lang='lat' dir='ltr'>cognatis</span> <span class='ocrx_word' id='word_1_37' title='bbox 869 721 995 797; x_wconf 83' lang='lat' dir='ltr'>dederat,</span> <span class='ocrx_word' id='word_1_38' title='bbox 1014 724 1122 788; x_wconf 81' lang='lat' dir='ltr'>postea,</span> 
     </span>
     <span class='ocr_line' id='line_1_7' title="bbox 170 787 1122 906; baseline 0.004 -66"><span class='ocrx_word' id='word_1_39' title='bbox 170 788 315 852; x_wconf 82' lang='lat' dir='ltr'>Hadriani,</span> <span class='ocrx_word' id='word_1_40' title='bbox 331 790 484 868; x_wconf 70' lang='grc' dir='ltr'>Ι1110011101,</span> <span class='ocrx_word' id='word_1_41' title='bbox 503 787 823 866; x_wconf 56' lang='grc'>0110101011111101011</span> <span class='ocrx_word' id='word_1_42' title='bbox 843 787 961 906; x_wconf 61' lang='lat' dir='ltr'>Capitol.</span> <span class='ocrx_word' id='word_1_43' title='bbox 974 795 1014 842; x_wconf 87' lang='lat' dir='ltr'>ii.</span> <span class='ocrx_word' id='word_1_44' title='bbox 1028 788 1122 846; x_wconf 79' lang='lat' dir='ltr'>Front.</span> 
     </span>
     <span class='ocr_line' id='line_1_8' title="bbox 170 854 1123 934; baseline -0.003 -25"><span class='ocrx_word' id='word_1_45' title='bbox 170 872 214 924; x_wconf 86' lang='lat' dir='ltr'>ep.</span> <span class='ocrx_word' id='word_1_46' title='bbox 228 862 252 919; x_wconf 83' lang='lat'>2,</span> <span class='ocrx_word' id='word_1_47' title='bbox 267 857 317 923; x_wconf 89' lang='lat'>11.)</span> <span class='ocrx_word' id='word_1_48' title='bbox 329 872 359 907; x_wconf 91' lang='lat' dir='ltr'>iii</span> <span class='ocrx_word' id='word_1_49' title='bbox 371 855 499 909; x_wconf 89' lang='lat' dir='ltr'>omnibus</span> <span class='ocrx_word' id='word_1_50' title='bbox 513 854 725 919; x_wconf 85' lang='lat' dir='ltr'>hereditatibus,</span> <span class='ocrx_word' id='word_1_51' title='bbox 745 871 814 922; x_wconf 89' lang='lat' dir='ltr'>quas</span> <span class='ocrx_word' id='word_1_52' title='bbox 826 855 871 908; x_wconf 82' lang='lat' dir='ltr'>lex</span> <span class='ocrx_word' id='word_1_53' title='bbox 897 855 955 908; x_wconf 91' lang='lat' dir='ltr'>ulia</span> <span class='ocrx_word' id='word_1_54' title='bbox 966 856 1123 934; x_wconf 56' lang='lat' dir='ltr'>apprehen:</span> 
     </span>
     <span class='ocr_line' id='line_1_9' title="bbox 170 922 1125 1041; baseline 0.001 -67"><span class='ocrx_word' id='word_1_55' title='bbox 170 923 271 1000; x_wconf 75' lang='lat' dir='ltr'>debat,</span> <span class='ocrx_word' id='word_1_56' title='bbox 294 922 330 975; x_wconf 89' lang='lat' dir='ltr'>ad</span> <span class='ocrx_word' id='word_1_57' title='bbox 349 924 480 1000; x_wconf 86' lang='lat' dir='ltr'>quartum</span> <span class='ocrx_word' id='word_1_58' title='bbox 492 938 590 999; x_wconf 34' lang='lat' dir='ltr'>&#39;usque</span> <span class='ocrx_word' id='word_1_59' title='bbox 608 922 735 1041; x_wconf 48' lang='lat' dir='ltr'>{radiim</span> <span class='ocrx_word' id='word_1_60' title='bbox 745 923 880 975; x_wconf 81' lang='lat' dir='ltr'>statutam</span> <span class='ocrx_word' id='word_1_61' title='bbox 898 937 981 999; x_wconf 65' lang='lat' dir='ltr'>esse,</span> <span class='ocrx_word' id='word_1_62' title='bbox 993 937 1047 998; x_wconf 76' lang='lat' dir='ltr'>uec</span> <span class='ocrx_word' id='word_1_63' title='bbox 1063 937 1125 999; x_wconf 77' lang='lat' dir='ltr'>veri</span> 
     </span>
     <span class='ocr_line' id='line_1_10' title="bbox 169 987 1125 1108; baseline -0.002 -66"><span class='ocrx_word' id='word_1_64' title='bbox 169 989 301 1042; x_wconf 86' lang='lat' dir='ltr'>dissimile</span> <span class='ocrx_word' id='word_1_65' title='bbox 320 989 372 1068; x_wconf 69' lang='lat' dir='ltr'>est,</span> <span class='ocrx_word' id='word_1_66' title='bbox 393 1005 426 1042; x_wconf 85' lang='lat' dir='ltr'>ex</span> <span class='ocrx_word' id='word_1_67' title='bbox 444 989 634 1067; x_wconf 80' lang='lat' dir='ltr'>iurisconsuli</span> <span class='ocrx_word' id='word_1_68' title='bbox 653 989 772 1066; x_wconf 80' lang='lat' dir='ltr'>alicuius</span> <span class='ocrx_word' id='word_1_69' title='bbox 789 991 822 1042; x_wconf 90' lang='lat' dir='ltr'>ut</span> <span class='ocrx_word' id='word_1_70' title='bbox 834 991 908 1108; x_wconf 48' lang='lat' dir='ltr'>im</span> <span class='ocrx_word' id='word_1_71' title='bbox 924 988 1025 1068; x_wconf 65' lang='lat' dir='ltr'>Licinii</span> <span class='ocrx_word' id='word_1_72' title='bbox 1036 987 1125 1042; x_wconf 83' lang='lat' dir='ltr'>Macri</span> 
     </span>
     <span class='ocr_line' id='line_1_11' title="bbox 170 1055 1124 1134; baseline -0.002 -24"><span class='ocrx_word' id='word_1_73' title='bbox 170 1057 206 1110; x_wconf 87' lang='lat' dir='ltr'>ad</span> <span class='ocrx_word' id='word_1_74' title='bbox 215 1057 308 1126; x_wconf 82' lang='lat' dir='ltr'>legem</span> <span class='ocrx_word' id='word_1_75' title='bbox 317 1055 418 1134; x_wconf 84' lang='lat' dir='ltr'>Iubam</span> <span class='ocrx_word' id='word_1_76' title='bbox 431 1057 472 1133; x_wconf 37' lang='lat' dir='ltr'>de·</span> <span class='ocrx_word' id='word_1_77' title='bbox 478 1072 612 1132; x_wconf 79' lang='lat' dir='ltr'>vicesima</span> <span class='ocrx_word' id='word_1_78' title='bbox 622 1056 823 1133; x_wconf 75' lang='lat' dir='ltr'>hereditatium</span> <span class='ocrx_word' id='word_1_79' title='bbox 846 1056 913 1109; x_wconf 90' lang='lat' dir='ltr'>ibris</span> <span class='ocrx_word' id='word_1_80' title='bbox 925 1056 955 1112; x_wconf 87' lang='lat' dir='ltr'>id</span> <span class='ocrx_word' id='word_1_81' title='bbox 965 1057 1124 1124; x_wconf 80' lang='lat' dir='ltr'>profectum</span> 
     </span>
     <span class='ocr_line' id='line_1_12' title="bbox 169 1121 1124 1244; baseline -0.002 0"><span class='ocrx_word' id='word_1_82' title='bbox 169 1139 238 1244; x_wconf 60' lang='lat' dir='ltr'>“a</span> <span class='ocrx_word' id='word_1_83' title='bbox 250 1123 409 1244; x_wconf 52' lang='grc'>1111111</span> <span class='ocrx_word' id='word_1_84' title='bbox 426 1138 710 1243; x_wconf 57' lang='lat' dir='ltr'>attitulati</span> <span class='ocrx_word' id='word_1_85' title='bbox 727 1121 1124 1243; x_wconf 59' lang='lat' dir='ltr'>sllltaltttlatlt</span> 
     </span>
     <span class='ocr_line' id='line_1_13' title="bbox 169 1206 1125 1336; baseline 0.001 -26"><span class='ocrx_word' id='word_1_86' title='bbox 169 1206 292 1334; x_wconf 52' lang='lat' dir='ltr'>{guidoti</span> <span class='ocrx_word' id='word_1_87' title='bbox 314 1208 457 1334; x_wconf 74' lang='lat' dir='ltr'>formapet</span> <span class='ocrx_word' id='word_1_88' title='bbox 478 1257 616 1333; x_wconf 80' lang='lat' dir='ltr'>scalarum</span> <span class='ocrx_word' id='word_1_89' title='bbox 640 1230 708 1309; x_wconf 68' lang='lat' dir='ltr'>oum’</span> <span class='ocrx_word' id='word_1_90' title='bbox 725 1207 859 1325; x_wconf 52' lang='lat' dir='ltr'>gradissns</span> <span class='ocrx_word' id='word_1_91' title='bbox 882 1256 989 1326; x_wconf 84' lang='lat' dir='ltr'>effigies</span> <span class='ocrx_word' id='word_1_92' title='bbox 1014 1258 1125 1336; x_wconf 79' lang='lat' dir='ltr'>servata</span> 
     </span>
     <span class='ocr_line' id='line_1_14' title="bbox 170 1323 1125 1401; baseline -0.001 -24"><span class='ocrx_word' id='word_1_93' title='bbox 170 1326 213 1390; x_wconf 83' lang='lat' dir='ltr'>sit,</span> <span class='ocrx_word' id='word_1_94' title='bbox 232 1340 310 1378; x_wconf 88' lang='lat' dir='ltr'>cuiue</span> <span class='ocrx_word' id='word_1_95' title='bbox 327 1341 356 1376; x_wconf 91' lang='lat' dir='ltr'>in</span> <span class='ocrx_word' id='word_1_96' title='bbox 373 1323 467 1377; x_wconf 87' lang='lat' dir='ltr'>locum</span> <span class='ocrx_word' id='word_1_97' title='bbox 484 1325 638 1390; x_wconf 90' lang='lat' dir='ltr'>posteriore</span> <span class='ocrx_word' id='word_1_98' title='bbox 656 1323 770 1376; x_wconf 89' lang='lat' dir='ltr'>demum</span> <span class='ocrx_word' id='word_1_99' title='bbox 787 1340 865 1401; x_wconf 81' lang='lat' dir='ltr'>aevo,</span> <span class='ocrx_word' id='word_1_100' title='bbox 883 1325 934 1377; x_wconf 90' lang='lat' dir='ltr'>ubi</span> <span class='ocrx_word' id='word_1_101' title='bbox 950 1341 979 1375; x_wconf 93' lang='lat' dir='ltr'>m</span> <span class='ocrx_word' id='word_1_102' title='bbox 1059 1339 1125 1377; x_wconf 91' lang='lat' dir='ltr'>enii-</span> 
     </span>
     <span class='ocr_line' id='line_1_15' title="bbox 170 1390 1125 1468; baseline 0 -25"><span class='ocrx_word' id='word_1_103' title='bbox 170 1391 236 1446; x_wconf 84' lang='lat' dir='ltr'>dem</span> <span class='ocrx_word' id='word_1_104' title='bbox 253 1391 329 1444; x_wconf 85' lang='lat' dir='ltr'>vitae</span> <span class='ocrx_word' id='word_1_105' title='bbox 341 1391 440 1468; x_wconf 37' lang='lat' dir='ltr'>&#39;ortum</span> <span class='ocrx_word' id='word_1_106' title='bbox 458 1391 488 1443; x_wconf 93' lang='lat' dir='ltr'>et</span> <span class='ocrx_word' id='word_1_107' title='bbox 505 1391 586 1457; x_wconf 86' lang='lat' dir='ltr'>qnasi</span> <span class='ocrx_word' id='word_1_108' title='bbox 603 1406 716 1467; x_wconf 85' lang='lat' dir='ltr'>succum</span> <span class='ocrx_word' id='word_1_109' title='bbox 732 1392 854 1468; x_wconf 75' lang='lat' dir='ltr'>nuptias¹</span> <span class='ocrx_word' id='word_1_110' title='bbox 864 1391 999 1458; x_wconf 85' lang='lat' dir='ltr'>prohibes</span> <span class='ocrx_word' id='word_1_111' title='bbox 1016 1390 1125 1467; x_wconf 78' lang='lat' dir='ltr'>emda-</span> 
     </span>
     <span class='ocr_line' id='line_1_16' title="bbox 170 1459 1124 1526; baseline 0.001 -16"><span class='ocrx_word' id='word_1_112' title='bbox 170 1459 326 1512; x_wconf 84' lang='lat' dir='ltr'>monstrare</span> <span class='ocrx_word' id='word_1_113' title='bbox 338 1459 484 1522; x_wconf 87' lang='lat' dir='ltr'>intererat,</span> <span class='ocrx_word' id='word_1_114' title='bbox 499 1459 593 1510; x_wconf 82' lang='lat' dir='ltr'>‘arbor</span> <span class='ocrx_word' id='word_1_115' title='bbox 605 1461 814 1526; x_wconf 84' lang='lat' dir='ltr'>cognationum&#39;</span> <span class='ocrx_word' id='word_1_116' title='bbox 828 1459 940 1511; x_wconf 89' lang='lat' dir='ltr'>videtur</span> <span class='ocrx_word' id='word_1_117' title='bbox 953 1473 1124 1512; x_wconf 81' lang='lat' dir='ltr'>successisse.</span> 
     </span>
    </p>

    <p class='ocr_par' dir='ltr' id='par_1_3' title="bbox 170 1523 1129 3004">
     <span class='ocr_line' id='line_1_17' title="bbox 237 1523 1127 1604; baseline -0.001 -26"><span class='ocrx_word' id='word_1_118' title='bbox 237 1524 382 1578; x_wconf 87' lang='lat' dir='ltr'>Eiusmodi</span> <span class='ocrx_word' id='word_1_119' title='bbox 399 1523 505 1578; x_wconf 90' lang='lat' dir='ltr'>arboris</span> <span class='ocrx_word' id='word_1_120' title='bbox 523 1525 611 1604; x_wconf 78' lang='lat' dir='ltr'>ferme</span> <span class='ocrx_word' id='word_1_121' title='bbox 629 1525 659 1602; x_wconf 80' lang='lat' dir='ltr'>in</span> <span class='ocrx_word' id='word_1_122' title='bbox 676 1526 799 1592; x_wconf 89' lang='lat' dir='ltr'>speciem</span> <span class='ocrx_word' id='word_1_123' title='bbox 816 1526 902 1578; x_wconf 89' lang='lat' dir='ltr'>etiam</span> <span class='ocrx_word' id='word_1_124' title='bbox 919 1525 990 1604; x_wconf 78' lang='lat' dir='ltr'>illud</span> <span class='ocrx_word' id='word_1_125' title='bbox 1007 1527 1127 1602; x_wconf 84' lang='lat' dir='ltr'>stemma</span> 
     </span>
     <span class='ocr_line' id='line_1_18' title="bbox 171 1591 1126 1737; baseline -0.001 -24"><span class='ocrx_word' id='word_1_126' title='bbox 171 1592 384 1726; x_wconf 62' lang='lat' dir='ltr'>{liliata</span> <span class='ocrx_word' id='word_1_127' title='bbox 398 1591 1126 1737; x_wconf 51' lang='lat' dir='ltr'>titillabat,titillatlalttlt&#39;lz</span> 
     </span>
     <span class='ocr_line' id='line_1_19' title="bbox 170 1725 1127 1794; baseline -0.002 -15"><span class='ocrx_word' id='word_1_128' title='bbox 170 1727 257 1780; x_wconf 83' lang='lat' dir='ltr'>ferius</span> <span class='ocrx_word' id='word_1_129' title='bbox 275 1726 369 1780; x_wconf 84' lang='lat' dir='ltr'>seculo</span> <span class='ocrx_word' id='word_1_130' title='bbox 388 1730 486 1792; x_wconf 86' lang='lat' dir='ltr'>quarto</span> <span class='ocrx_word' id='word_1_131' title='bbox 503 1725 549 1778; x_wconf 88' lang='lat' dir='ltr'>vel</span> <span class='ocrx_word' id='word_1_132' title='bbox 567 1727 665 1793; x_wconf 87' lang='lat' dir='ltr'>quinto</span> <span class='ocrx_word' id='word_1_133' title='bbox 683 1726 713 1778; x_wconf 91' lang='lat' dir='ltr'>id</span> <span class='ocrx_word' id='word_1_134' title='bbox 731 1743 790 1779; x_wconf 87' lang='lat' dir='ltr'>esse</span> <span class='ocrx_word' id='word_1_135' title='bbox 808 1728 894 1793; x_wconf 81' lang='lat' dir='ltr'>ratus,</span> <span class='ocrx_word' id='word_1_136' title='bbox 912 1743 1019 1794; x_wconf 89' lang='lat' dir='ltr'>primus</span> <span class='ocrx_word' id='word_1_137' title='bbox 1036 1726 1127 1780; x_wconf 86' lang='lat' dir='ltr'>edidit</span> 
     </span>
     <span class='ocr_line' id='line_1_20' title="bbox 170 1791 1125 1871; baseline -0.001 -26"><span class='ocrx_word' id='word_1_138' title='bbox 170 1793 268 1870; x_wconf 82' lang='lat' dir='ltr'>illique</span> <span class='ocrx_word' id='word_1_139' title='bbox 297 1792 422 1868; x_wconf 83' lang='lat' dir='ltr'>subiecit.</span> <span class='ocrx_word' id='word_1_140' title='bbox 462 1791 522 1868; x_wconf 86' lang='lat' dir='ltr'>Hoc</span> <span class='ocrx_word' id='word_1_141' title='bbox 545 1807 611 1868; x_wconf 70' lang='grc'>1010</span> <span class='ocrx_word' id='word_1_142' title='bbox 634 1808 727 1860; x_wconf 90' lang='lat' dir='ltr'>neque</span> <span class='ocrx_word' id='word_1_143' title='bbox 753 1793 789 1871; x_wconf 84' lang='lat' dir='ltr'>ad</span> <span class='ocrx_word' id='word_1_144' title='bbox 811 1793 882 1846; x_wconf 91' lang='lat' dir='ltr'>illud</span> <span class='ocrx_word' id='word_1_145' title='bbox 908 1795 1007 1860; x_wconf 84' lang='lat' dir='ltr'>caput,</span> <span class='ocrx_word' id='word_1_146' title='bbox 1023 1807 1125 1870; x_wconf 28' lang='lat' dir='ltr'>&#39;neque</span> 
     </span>
     <span class='ocr_line' id='line_1_21' title="bbox 171 1859 1127 2002; baseline -0.004 -22"><span class='ocrx_word' id='word_1_147' title='bbox 171 1874 288 1992; x_wconf 59' lang='lat' dir='ltr'>‘galat</span> <span class='ocrx_word' id='word_1_148' title='bbox 308 1859 1127 2002; x_wconf 51' lang='lat' dir='ltr'>tlillaillilllttltalalltantalea</span> 
     </span>
     <span class='ocr_line' id='line_1_22' title="bbox 172 1990 1126 2070; baseline -0.002 -25"><span class='ocrx_word' id='word_1_149' title='bbox 172 1991 337 2059; x_wconf 83' lang='lat' dir='ltr'>argumento</span> <span class='ocrx_word' id='word_1_150' title='bbox 360 1993 437 2068; x_wconf 71' lang='lat' dir='ltr'>sunt,</span> <span class='ocrx_word' id='word_1_151' title='bbox 461 2007 496 2044; x_wconf 88' lang='lat' dir='ltr'>ex</span> <span class='ocrx_word' id='word_1_152' title='bbox 519 1990 620 2056; x_wconf 89' lang='lat' dir='ltr'>quibus</span> <span class='ocrx_word' id='word_1_153' title='bbox 643 1990 712 2068; x_wconf 77' lang='lat' dir='ltr'>haec</span> <span class='ocrx_word' id='word_1_154' title='bbox 735 1992 884 2070; x_wconf 78' lang='lat' dir='ltr'>sufficiant.</span> <span class='ocrx_word' id='word_1_155' title='bbox 919 1992 1043 2068; x_wconf 75' lang='lat' dir='ltr'>Primum</span> <span class='ocrx_word' id='word_1_156' title='bbox 1065 2007 1126 2068; x_wconf 78' lang='lat' dir='ltr'>gra·</span> 
     </span>
     <span class='ocr_line' id='line_1_23' title="bbox 171 2058 1127 2202; baseline -0.002 -24"><span class='ocrx_word' id='word_1_157' title='bbox 171 2059 259 2202; x_wconf 57' lang='grc'>11111</span> <span class='ocrx_word' id='word_1_158' title='bbox 273 2058 1127 2202; x_wconf 60' lang='lat' dir='ltr'>llaltlllltttllttlalt&#39;ttl‘ttlltlmgdlll</span> 
     </span>
     <span class='ocr_line' id='line_1_24' title="bbox 172 2191 1127 2269; baseline -0.001 -24"><span class='ocrx_word' id='word_1_159' title='bbox 172 2191 349 2269; x_wconf 84' lang='lat' dir='ltr'>subsistebat,</span> <span class='ocrx_word' id='word_1_160' title='bbox 369 2191 405 2244; x_wconf 89' lang='lat' dir='ltr'>ad</span> <span class='ocrx_word' id='word_1_161' title='bbox 424 2194 553 2268; x_wconf 82' lang='lat' dir='ltr'>octavum</span> <span class='ocrx_word' id='word_1_162' title='bbox 566 2207 653 2258; x_wconf 90' lang='lat' dir='ltr'>usqne</span> <span class='ocrx_word' id='word_1_163' title='bbox 672 2191 847 2258; x_wconf 86' lang='lat' dir='ltr'>perducitur:</span> <span class='ocrx_word' id='word_1_164' title='bbox 866 2208 923 2260; x_wconf 91' lang='lat' dir='ltr'>qua</span> <span class='ocrx_word' id='word_1_165' title='bbox 939 2193 974 2269; x_wconf 81' lang='lat' dir='ltr'>de</span> <span class='ocrx_word' id='word_1_166' title='bbox 987 2208 1071 2245; x_wconf 84' lang='lat' dir='ltr'>causa</span> <span class='ocrx_word' id='word_1_167' title='bbox 1084 2193 1127 2256; x_wconf 89' lang='lat' dir='ltr'>(ut</span> 
     </span>
     <span class='ocr_line' id='line_1_25' title="bbox 172 2257 1126 2326; baseline -0.002 -14"><span class='ocrx_word' id='word_1_168' title='bbox 172 2261 241 2312; x_wconf 89' lang='lat' dir='ltr'>alias</span> <span class='ocrx_word' id='word_1_169' title='bbox 265 2260 385 2324; x_wconf 88' lang='lat' dir='ltr'>taceam)</span> <span class='ocrx_word' id='word_1_170' title='bbox 408 2274 460 2311; x_wconf 88' lang='lat' dir='ltr'>nec</span> <span class='ocrx_word' id='word_1_171' title='bbox 481 2257 553 2311; x_wconf 87' lang='lat' dir='ltr'>illud</span> <span class='ocrx_word' id='word_1_172' title='bbox 576 2260 708 2324; x_wconf 85' lang='lat' dir='ltr'>stemma,</span> <span class='ocrx_word' id='word_1_173' title='bbox 731 2258 806 2326; x_wconf 91' lang='lat' dir='ltr'>qnod</span> <span class='ocrx_word' id='word_1_174' title='bbox 830 2258 981 2312; x_wconf 85' lang='lat' dir='ltr'>Haenelius</span> <span class='ocrx_word' id='word_1_175' title='bbox 1004 2259 1126 2312; x_wconf 89' lang='lat' dir='ltr'>secundo</span> 
     </span>
     <span class='ocr_line' id='line_1_26' title="bbox 172 2324 1126 2445; baseline 0 -66"><span class='ocrx_word' id='word_1_176' title='bbox 172 2325 235 2403; x_wconf 80' lang='lat' dir='ltr'>loco</span> <span class='ocrx_word' id='word_1_177' title='bbox 253 2325 354 2403; x_wconf 80' lang='lat' dir='ltr'>posuit,</span> <span class='ocrx_word' id='word_1_178' title='bbox 374 2325 464 2378; x_wconf 89' lang='lat' dir='ltr'>veteri</span> <span class='ocrx_word' id='word_1_179' title='bbox 481 2324 717 2402; x_wconf 82' lang='lat' dir='ltr'>iurisprudentiae</span> <span class='ocrx_word' id='word_1_180' title='bbox 735 2326 871 2445; x_wconf 70' lang='grc' dir='ltr'>11111ἱο011</span> <span class='ocrx_word' id='word_1_181' title='bbox 887 2327 989 2402; x_wconf 84' lang='lat' dir='ltr'>potest.</span> <span class='ocrx_word' id='word_1_182' title='bbox 1019 2325 1126 2379; x_wconf 87' lang='lat' dir='ltr'>Deinde</span> 
     </span>
     <span class='ocr_line' id='line_1_27' title="bbox 171 2390 1127 2510; baseline 0.001 -66"><span class='ocrx_word' id='word_1_183' title='bbox 171 2409 201 2445; x_wconf 91' lang='lat' dir='ltr'>in</span> <span class='ocrx_word' id='word_1_184' title='bbox 213 2392 345 2468; x_wconf 85' lang='lat' dir='ltr'>inferiore</span> <span class='ocrx_word' id='word_1_185' title='bbox 358 2390 465 2461; x_wconf 81' lang='lat' dir='ltr'>figurae</span> <span class='ocrx_word' id='word_1_186' title='bbox 477 2392 558 2468; x_wconf 79' lang='lat' dir='ltr'>parte</span> <span class='ocrx_word' id='word_1_187' title='bbox 568 2391 607 2468; x_wconf 76' lang='lat' dir='ltr'>¹ad</span> <span class='ocrx_word' id='word_1_188' title='bbox 625 2394 750 2510; x_wconf 60' lang='lat' dir='ltr'>strssitem</span> <span class='ocrx_word' id='word_1_189' title='bbox 763 2408 794 2470; x_wconf 77' lang='lat' dir='ltr'>ar</span> <span class='ocrx_word' id='word_1_190' title='bbox 815 2408 888 2470; x_wconf 86' lang='lat' dir='ltr'>oris,¹</span> <span class='ocrx_word' id='word_1_191' title='bbox 896 2410 944 2460; x_wconf 89' lang='lat' dir='ltr'>qni</span> <span class='ocrx_word' id='word_1_192' title='bbox 957 2394 1127 2447; x_wconf 87' lang='lat' dir='ltr'>descenden-</span> 
     </span>
     <span class='ocr_line' id='line_1_28' title="bbox 171 2459 1127 2526; baseline 0 -14"><span class='ocrx_word' id='word_1_193' title='bbox 171 2461 215 2512; x_wconf 90' lang='lat' dir='ltr'>tes</span> <span class='ocrx_word' id='word_1_194' title='bbox 233 2459 367 2522; x_wconf 86' lang='lat' dir='ltr'>continet,</span> <span class='ocrx_word' id='word_1_195' title='bbox 384 2473 470 2526; x_wconf 87' lang='lat' dir='ltr'>caper</span> <span class='ocrx_word' id='word_1_196' title='bbox 487 2475 504 2512; x_wconf 86' lang='lat' dir='ltr'>a</span> <span class='ocrx_word' id='word_1_197' title='bbox 522 2461 633 2512; x_wconf 82' lang='lat' dir='ltr'>sinistra</span> <span class='ocrx_word' id='word_1_198' title='bbox 651 2464 661 2524; x_wconf 95' lang='lat'>(</span> <span class='ocrx_word' id='word_1_199' title='bbox 683 2475 731 2512; x_wconf 89' lang='lat' dir='ltr'>aec</span> <span class='ocrx_word' id='word_1_200' title='bbox 750 2475 824 2513; x_wconf 89' lang='lat' dir='ltr'>enim</span> <span class='ocrx_word' id='word_1_201' title='bbox 842 2459 947 2526; x_wconf 86' lang='lat' dir='ltr'>ubique</span> <span class='ocrx_word' id='word_1_202' title='bbox 959 2462 1002 2513; x_wconf 91' lang='lat' dir='ltr'>est</span> <span class='ocrx_word' id='word_1_203' title='bbox 1018 2475 1127 2514; x_wconf 85' lang='lat' dir='ltr'>mason-</span> 
     </span>
     <span class='ocr_line' id='line_1_29' title="bbox 171 2525 1127 2595; baseline 0.002 -17"><span class='ocrx_word' id='word_1_204' title='bbox 171 2527 284 2594; x_wconf 87' lang='lat' dir='ltr'>lorum),</span> <span class='ocrx_word' id='word_1_205' title='bbox 302 2541 388 2594; x_wconf 88' lang='lat' dir='ltr'>capra</span> <span class='ocrx_word' id='word_1_206' title='bbox 399 2541 416 2578; x_wconf 89' lang='lat' dir='ltr'>a</span> <span class='ocrx_word' id='word_1_207' title='bbox 428 2525 528 2578; x_wconf 85' lang='lat' dir='ltr'>dextra</span> <span class='ocrx_word' id='word_1_208' title='bbox 539 2540 568 2578; x_wconf 87' lang='lat' dir='ltr'>se</span> <span class='ocrx_word' id='word_1_209' title='bbox 580 2525 700 2578; x_wconf 88' lang='lat' dir='ltr'>invicem</span> <span class='ocrx_word' id='word_1_210' title='bbox 713 2526 896 2580; x_wconf 75' lang='lat' dir='ltr'>amicabiliter</span> <span class='ocrx_word' id='word_1_211' title='bbox 911 2529 1042 2595; x_wconf 84' lang='lat' dir='ltr'>petentes</span> <span class='ocrx_word' id='word_1_212' title='bbox 1053 2529 1127 2580; x_wconf 83' lang='lat' dir='ltr'>stan·</span> 
     </span>
     <span class='ocr_line' id='line_1_30' title="bbox 172 2591 1127 2670; baseline 0 -24"><span class='ocrx_word' id='word_1_213' title='bbox 172 2595 271 2670; x_wconf 82' lang='lat' dir='ltr'>tesque</span> <span class='ocrx_word' id='word_1_214' title='bbox 289 2592 318 2645; x_wconf 92' lang='lat' dir='ltr'>in</span> <span class='ocrx_word' id='word_1_215' title='bbox 336 2595 419 2656; x_wconf 89' lang='lat' dir='ltr'>terra,</span> <span class='ocrx_word' id='word_1_216' title='bbox 439 2607 510 2659; x_wconf 88' lang='lat' dir='ltr'>qnae</span> <span class='ocrx_word' id='word_1_217' title='bbox 524 2591 651 2661; x_wconf 89' lang='lat' dir='ltr'>aquinto</span> <span class='ocrx_word' id='word_1_218' title='bbox 670 2593 900 2647; x_wconf 78' lang='lat' dir='ltr'>descendentium</span> <span class='ocrx_word' id='word_1_219' title='bbox 911 2594 1001 2664; x_wconf 85' lang='lat' dir='ltr'>gradu</span> <span class='ocrx_word' id='word_1_220' title='bbox 1017 2595 1127 2670; x_wconf 76' lang='lat' dir='ltr'>incipit,</span> 
     </span>
     <span class='ocr_line' id='line_1_31' title="bbox 171 2659 1128 2738; baseline 0.001 -25"><span class='ocrx_word' id='word_1_221' title='bbox 171 2675 330 2728; x_wconf 83' lang='lat' dir='ltr'>superiores</span> <span class='ocrx_word' id='word_1_222' title='bbox 352 2659 455 2728; x_wconf 82' lang='lat' dir='ltr'>gradus</span> <span class='ocrx_word' id='word_1_223' title='bbox 469 2659 555 2736; x_wconf 70' lang='lat'>.⁰⁰.⁶¹9</span> <span class='ocrx_word' id='word_1_224' title='bbox 577 2661 705 2736; x_wconf 82' lang='lat' dir='ltr'>tenente,</span> <span class='ocrx_word' id='word_1_225' title='bbox 731 2661 822 2714; x_wconf 83' lang='lat' dir='ltr'>multa</span> <span class='ocrx_word' id='word_1_226' title='bbox 843 2678 907 2715; x_wconf 88' lang='lat' dir='ltr'>cum</span> <span class='ocrx_word' id='word_1_227' title='bbox 933 2663 994 2715; x_wconf 88' lang='lat' dir='ltr'>arte</span> <span class='ocrx_word' id='word_1_228' title='bbox 1021 2661 1128 2738; x_wconf 83' lang='lat' dir='ltr'>adpicti</span> 
     </span>
     <span class='ocr_line' id='line_1_32' title="bbox 172 2725 1128 2849; baseline 0.002 -3"><span class='ocrx_word' id='word_1_229' title='bbox 172 2729 331 2848; x_wconf 48' lang='lat' dir='ltr'>”lut-’itali</span> <span class='ocrx_word' id='word_1_230' title='bbox 349 2725 1128 2849; x_wconf 44' lang='lat' dir='ltr'>{illibatamlaetititiae,tlt</span> 
     </span>
     <span class='ocr_line' id='line_1_33' title="bbox 171 2811 1129 2939; baseline -0.001 -25"><span class='ocrx_word' id='word_1_231' title='bbox 171 2811 411 2929; x_wconf 57' lang='lat' dir='ltr'>diigpiielriores&#39;legdl</span> <span class='ocrx_word' id='word_1_232' title='bbox 425 2859 541 2914; x_wconf 89' lang='lat' dir='ltr'>coelesti</span> <span class='ocrx_word' id='word_1_233' title='bbox 554 2875 576 2938; x_wconf 37' lang='lat' dir='ltr'>&#39;a</span> <span class='ocrx_word' id='word_1_234' title='bbox 593 2811 699 2937; x_wconf 67' lang='lat' dir='ltr'>nupgtiis</span> <span class='ocrx_word' id='word_1_235' title='bbox 716 2813 872 2929; x_wconf 64' lang='lat' dir='ltr'>probideri,</span> <span class='ocrx_word' id='word_1_236' title='bbox 888 2813 1054 2939; x_wconf 59' lang='lat' dir='ltr'>{nilusque</span> <span class='ocrx_word' id='word_1_237' title='bbox 1072 2834 1129 2925; x_wconf 65' lang='lat' dir='ltr'>hic’,</span> 
     </span>
     <span class='ocr_line' id='line_1_34' title="bbox 171 2926 1127 3004; baseline 0 -25"><span class='ocrx_word' id='word_1_238' title='bbox 171 2927 240 2980; x_wconf 91' lang='lat' dir='ltr'>dum</span> <span class='ocrx_word' id='word_1_239' title='bbox 261 2927 356 3004; x_wconf 83' lang='lat' dir='ltr'>plures</span> <span class='ocrx_word' id='word_1_240' title='bbox 379 2926 610 2981; x_wconf 82' lang='lat' dir='ltr'>descendentium</span> <span class='ocrx_word' id='word_1_241' title='bbox 631 2929 731 2996; x_wconf 75' lang='lat' dir='ltr'>stirpes</span> <span class='ocrx_word' id='word_1_242' title='bbox 753 2928 910 2997; x_wconf 82' lang='lat' dir='ltr'>finguntur,</span> <span class='ocrx_word' id='word_1_243' title='bbox 933 2928 1127 2998; x_wconf 81' lang='lat' dir='ltr'>geniculorum</span> 
     </span>
    </p>
   </div>
   <div class='ocr_carea' id='block_1_3' title="bbox 172 2989 1128 3115">
    <p class='ocr_par' dir='ltr' id='par_1_4' title="bbox 172 2989 1128 3115">
     <span class='ocr_line' id='line_1_35' title="bbox 172 2989 1128 3115; baseline 0 -69"><span class='ocrx_word' id='word_1_244' title='bbox 172 2993 333 3047; x_wconf 76' lang='lat' dir='ltr'>Germanici</span> <span class='ocrx_word' id='word_1_245' title='bbox 358 2993 426 3046; x_wconf 84' lang='lat' dir='ltr'>iuris</span> <span class='ocrx_word' id='word_1_246' title='bbox 452 3009 534 3046; x_wconf 84' lang='lat' dir='ltr'>sensu</span> <span class='ocrx_word' id='word_1_247' title='bbox 560 2989 700 3064; x_wconf 79' lang='lat' dir='ltr'>intelligi,</span> <span class='ocrx_word' id='word_1_248' title='bbox 723 2997 895 3071; x_wconf 87' lang='lat' dir='ltr'>superiorem</span> <span class='ocrx_word' id='word_1_249' title='bbox 921 3012 988 3050; x_wconf 82' lang='lat' dir='ltr'>vero</span> <span class='ocrx_word' id='word_1_250' title='bbox 1013 2996 1128 3115; x_wconf 49' lang='lat' dir='ltr'>gaitein</span> 
     </span>
    </p>
   </div>
   <div class='ocr_carea' id='block_1_4' title="bbox 11 3058 1132 3667">
    <p class='ocr_par' dir='ltr' id='par_1_5' title="bbox 172 3058 1128 3130">
     <span class='ocr_line' id='line_1_36' title="bbox 172 3058 1128 3130; baseline 0.004 -20"><span class='ocrx_word' id='word_1_251' title='bbox 172 3058 289 3128; x_wconf 84' lang='lat' dir='ltr'>figurae,</span> <span class='ocrx_word' id='word_1_252' title='bbox 308 3075 380 3126; x_wconf 88' lang='lat' dir='ltr'>quae</span> <span class='ocrx_word' id='word_1_253' title='bbox 399 3062 532 3128; x_wconf 83' lang='lat' dir='ltr'>cognatos</span> <span class='ocrx_word' id='word_1_254' title='bbox 550 3077 584 3115; x_wconf 86' lang='lat' dir='ltr'>cx</span> <span class='ocrx_word' id='word_1_255' title='bbox 603 3062 817 3115; x_wconf 81' lang='lat' dir='ltr'>ascendentibus</span> <span class='ocrx_word' id='word_1_256' title='bbox 834 3079 886 3130; x_wconf 90' lang='lat' dir='ltr'>pro</span> <span class='ocrx_word' id='word_1_257' title='bbox 907 3062 998 3115; x_wconf 88' lang='lat' dir='ltr'>enitos</span> <span class='ocrx_word' id='word_1_258' title='bbox 1034 3078 1128 3116; x_wconf 86' lang='lat' dir='ltr'>emon-</span> 
     </span>
    </p>

    <p class='ocr_par' dir='ltr' id='par_1_6' title="bbox 172 3127 1127 3197">
     <span class='ocr_line' id='line_1_37' title="bbox 172 3127 1127 3197; baseline 0.004 -19"><span class='ocrx_word' id='word_1_259' title='bbox 172 3127 251 3192; x_wconf 86' lang='lat' dir='ltr'>strat,</span> <span class='ocrx_word' id='word_1_260' title='bbox 267 3127 378 3180; x_wconf 88' lang='lat' dir='ltr'>tantum</span> <span class='ocrx_word' id='word_1_261' title='bbox 390 3129 423 3180; x_wconf 91' lang='lat' dir='ltr'>ut</span> <span class='ocrx_word' id='word_1_262' title='bbox 435 3129 519 3181; x_wconf 89' lang='lat' dir='ltr'>etiam</span> <span class='ocrx_word' id='word_1_263' title='bbox 532 3127 587 3180; x_wconf 90' lang='lat' dir='ltr'>iuri</span> <span class='ocrx_word' id='word_1_264' title='bbox 603 3129 681 3181; x_wconf 84' lang='lat' dir='ltr'>civili</span> <span class='ocrx_word' id='word_1_265' title='bbox 693 3129 808 3196; x_wconf 91' lang='lat' dir='ltr'>eiusque</span> <span class='ocrx_word' id='word_1_266' title='bbox 826 3145 878 3194; x_wconf 83' lang='lat' dir='ltr'>gra</span> <span class='ocrx_word' id='word_1_267' title='bbox 898 3146 964 3181; x_wconf 91' lang='lat' dir='ltr'>uum</span> <span class='ocrx_word' id='word_1_268' title='bbox 983 3131 1127 3197; x_wconf 84' lang='lat' dir='ltr'>computa-</span> 
     </span>
    </p>

    <p class='ocr_par' dir='ltr' id='par_1_7' title="bbox 102 3193 1128 3331">
     <span class='ocr_line' id='line_1_38' title="bbox 102 3193 1128 3264; baseline 0.001 -17"><span class='ocrx_word' id='word_1_269' title='bbox 102 3205 160 3255; x_wconf 77' lang='grc'>[105]</span> <span class='ocrx_word' id='word_1_270' title='bbox 171 3193 242 3245; x_wconf 86' lang='grc'>110111</span> <span class='ocrx_word' id='word_1_271' title='bbox 260 3193 420 3255; x_wconf 85' lang='lat' dir='ltr'>satisfieret,</span> <span class='ocrx_word' id='word_1_272' title='bbox 439 3194 565 3248; x_wconf 83' lang='lat' dir='ltr'>additam</span> <span class='ocrx_word' id='word_1_273' title='bbox 583 3211 652 3251; x_wconf 86' lang='lat' dir='ltr'>esse.</span> <span class='ocrx_word' id='word_1_274' title='bbox 688 3195 768 3259; x_wconf 80' lang='lat' dir='ltr'>Quod</span> <span class='ocrx_word' id='word_1_275' title='bbox 786 3212 853 3249; x_wconf 91' lang='lat' dir='ltr'>vero</span> <span class='ocrx_word' id='word_1_276' title='bbox 871 3197 934 3250; x_wconf 89' lang='lat' dir='ltr'>octo</span> <span class='ocrx_word' id='word_1_277' title='bbox 956 3196 1060 3264; x_wconf 86' lang='lat' dir='ltr'>gradus</span> <span class='ocrx_word' id='word_1_278' title='bbox 1077 3212 1128 3248; x_wconf 92' lang='lat' dir='ltr'>nu·</span> 
     </span>
     <span class='ocr_line' id='line_1_39' title="bbox 172 3261 1126 3331; baseline 0.004 -19"><span class='ocrx_word' id='word_1_279' title='bbox 172 3261 329 3324; x_wconf 89' lang='lat' dir='ltr'>merantur,</span> <span class='ocrx_word' id='word_1_280' title='bbox 349 3261 430 3327; x_wconf 87' lang='lat' dir='ltr'>quasi</span> <span class='ocrx_word' id='word_1_281' title='bbox 446 3262 490 3314; x_wconf 89' lang='lat' dir='ltr'>tot</span> <span class='ocrx_word' id='word_1_282' title='bbox 506 3263 623 3316; x_wconf 86' lang='lat' dir='ltr'>naturae</span> <span class='ocrx_word' id='word_1_283' title='bbox 641 3262 705 3331; x_wconf 85' lang='lat' dir='ltr'>lege</span> <span class='ocrx_word' id='word_1_284' title='bbox 723 3263 790 3326; x_wconf 87' lang='lat' dir='ltr'>sint,</span> <span class='ocrx_word' id='word_1_285' title='bbox 812 3263 870 3316; x_wconf 86' lang='lat' dir='ltr'>iam</span> <span class='ocrx_word' id='word_1_286' title='bbox 888 3263 1126 3317; x_wconf 84' lang='lat' dir='ltr'>commendandae</span> 
     </span>
    </p>

    <p class='ocr_par' dir='ltr' id='par_1_8' title="bbox 171 3327 1127 3406">
     <span class='ocr_line' id='line_1_40' title="bbox 171 3327 1127 3406; baseline 0.005 -27"><span class='ocrx_word' id='word_1_287' title='bbox 171 3327 241 3404; x_wconf 82' lang='lat' dir='ltr'>legia</span> <span class='ocrx_word' id='word_1_288' title='bbox 259 3327 462 3381; x_wconf 85' lang='lat' dir='ltr'>ecclesiasticae</span> <span class='ocrx_word' id='word_1_289' title='bbox 481 3343 564 3382; x_wconf 85' lang='lat' dir='ltr'>causa</span> <span class='ocrx_word' id='word_1_290' title='bbox 585 3328 691 3383; x_wconf 86' lang='lat' dir='ltr'>factum</span> <span class='ocrx_word' id='word_1_291' title='bbox 709 3331 840 3406; x_wconf 86' lang='lat' dir='ltr'>apparet,</span> <span class='ocrx_word' id='word_1_292' title='bbox 864 3347 936 3398; x_wconf 88' lang='lat' dir='ltr'>qnae</span> <span class='ocrx_word' id='word_1_293' title='bbox 960 3330 1127 3398; x_wconf 87' lang='lat' dir='ltr'>aequissime</span> 
     </span>
    </p>

    <p class='ocr_par' dir='ltr' id='par_1_9' title="bbox 11 3394 1128 3532">
     <span class='ocr_line' id='line_1_41' title="bbox 11 3394 1125 3513; baseline 0.005 -68"><span class='ocrx_word' id='word_1_294' title='bbox 11 3411 21 3513; x_wconf 47' lang='grc' dir='ltr'><strong><em>Ι</em></strong></span> <span class='ocrx_word' id='word_1_295' title='bbox 170 3411 275 3463; x_wconf 83' lang='lat' dir='ltr'>primos</span> <span class='ocrx_word' id='word_1_296' title='bbox 288 3395 423 3462; x_wconf 89' lang='lat' dir='ltr'>quattuor</span> <span class='ocrx_word' id='word_1_297' title='bbox 435 3394 550 3448; x_wconf 90' lang='lat' dir='ltr'>coelesti</span> <span class='ocrx_word' id='word_1_298' title='bbox 567 3395 761 3463; x_wconf 87' lang='lat' dir='ltr'>prohibitioni,</span> <span class='ocrx_word' id='word_1_299' title='bbox 779 3397 883 3450; x_wconf 87' lang='lat' dir='ltr'>alteros</span> <span class='ocrx_word' id='word_1_300' title='bbox 900 3399 1027 3451; x_wconf 88' lang='lat' dir='ltr'>terrestri</span> <span class='ocrx_word' id='word_1_301' title='bbox 1040 3397 1125 3451; x_wconf 89' lang='lat' dir='ltr'>licen·</span> 
     </span>
     <span class='ocr_line' id='line_1_42' title="bbox 170 3461 1128 3532; baseline 0.003 -18"><span class='ocrx_word' id='word_1_302' title='bbox 170 3461 226 3515; x_wconf 87' lang='lat' dir='ltr'>tiae</span> <span class='ocrx_word' id='word_1_303' title='bbox 246 3461 433 3529; x_wconf 83' lang='lat' dir='ltr'>adscripserit.</span> <span class='ocrx_word' id='word_1_304' title='bbox 460 3461 519 3514; x_wconf 83' lang='lat' dir='ltr'>Iam</span> <span class='ocrx_word' id='word_1_305' title='bbox 532 3463 563 3514; x_wconf 92' lang='lat' dir='ltr'>ut</span> <span class='ocrx_word' id='word_1_306' title='bbox 575 3462 646 3515; x_wconf 90' lang='lat' dir='ltr'>illud</span> <span class='ocrx_word' id='word_1_307' title='bbox 659 3463 796 3516; x_wconf 87' lang='lat' dir='ltr'>hircinum</span> <span class='ocrx_word' id='word_1_308' title='bbox 809 3465 980 3517; x_wconf 85' lang='lat' dir='ltr'>matrimonii</span> <span class='ocrx_word' id='word_1_309' title='bbox 991 3465 1128 3532; x_wconf 83' lang='lat' dir='ltr'>iungendi</span> 
     </span>
    </p>

    <p class='ocr_par' dir='ltr' id='par_1_10' title="bbox 11 3527 1132 3667">
     <span class='ocr_line' id='line_1_43' title="bbox 12 3527 1127 3599; baseline 0.005 -20"><span class='ocrx_word' id='word_1_310' title='bbox 12 3586 17 3599; x_wconf 31' lang='lat' dir='ltr'>a</span> <span class='ocrx_word' id='word_1_311' title='bbox 170 3529 328 3596; x_wconf 83' lang='lat' dir='ltr'>symbolum</span> <span class='ocrx_word' id='word_1_312' title='bbox 347 3527 506 3581; x_wconf 83' lang='lat' dir='ltr'>clericalem</span> <span class='ocrx_word' id='word_1_313' title='bbox 524 3528 582 3582; x_wconf 89' lang='lat' dir='ltr'>olet</span> <span class='ocrx_word' id='word_1_314' title='bbox 599 3531 772 3583; x_wconf 83' lang='lat' dir='ltr'>matrimonii</span> <span class='ocrx_word' id='word_1_315' title='bbox 792 3533 979 3596; x_wconf 87' lang='lat' dir='ltr'>contemtum,</span> <span class='ocrx_word' id='word_1_316' title='bbox 1003 3531 1038 3584; x_wconf 91' lang='lat' dir='ltr'>ab</span> <span class='ocrx_word' id='word_1_317' title='bbox 1056 3533 1127 3585; x_wconf 86' lang='lat' dir='ltr'>anti·</span> 
     </span>
     <span class='ocr_line' id='line_1_44' title="bbox 11 3595 1132 3667; baseline 0.007 -21"><span class='ocrx_word' id='word_1_318' title='bbox 11 3622 18 3667; x_wconf 55' lang='grc'>,</span> <span class='ocrx_word' id='word_1_319' title='bbox 171 3595 279 3663; x_wconf 89' lang='lat' dir='ltr'>quitate</span> <span class='ocrx_word' id='word_1_320' title='bbox 298 3595 384 3664; x_wconf 88' lang='lat' dir='ltr'>plane</span> <span class='ocrx_word' id='word_1_321' title='bbox 402 3595 533 3662; x_wconf 86' lang='lat' dir='ltr'>alienum,</span> <span class='ocrx_word' id='word_1_322' title='bbox 555 3596 597 3648; x_wconf 87' lang='lat' dir='ltr'>ita</span> <span class='ocrx_word' id='word_1_323' title='bbox 613 3612 665 3649; x_wconf 91' lang='lat' dir='ltr'>nec</span> <span class='ocrx_word' id='word_1_324' title='bbox 683 3597 724 3649; x_wconf 88' lang='lat' dir='ltr'>rei</span> <span class='ocrx_word' id='word_1_325' title='bbox 742 3598 956 3651; x_wconf 88' lang='lat' dir='ltr'>matrimonialis</span> <span class='ocrx_word' id='word_1_326' title='bbox 973 3599 1064 3665; x_wconf 84' lang='lat' dir='ltr'>gratia</span> <span class='ocrx_word' id='word_1_327' title='bbox 1081 3616 1132 3654; x_wconf 81' lang='lat' dir='ltr'>re·</span> 
     </span>
    </p>
   </div>
   <div class='ocr_carea' id='block_1_5' title="bbox 0 0 1281 3909">
    <p class='ocr_par' dir='ltr' id='par_1_11' title="bbox 0 0 1281 3909">
     <span class='ocr_line' id='line_1_45' title="bbox 0 0 1281 3909; baseline 0 0"><span class='ocrx_word' id='word_1_328' title='bbox 0 0 1281 3909; x_wconf 95' lang='lat' dir='ltr'> </span> 
     </span>
    </p>
   </div>
  </div>
 </body>
</html>
