2542 3909
347 163 384 198 ne
402 161 592 199 cocurronmrs
610 161 644 198 nn
660 159 897 197 rnocvnaroamvs.
1034 143 1094 208 807

141 293 223 350 dubia
237 292 302 350 iacti
317 284 495 366 quaestione1
510 290 591 346 diuus
612 289 689 346 Titus
704 291 858 346 Antoninus
873 302 971 361 pareus
992 292 1097 355 noster,

140 378 297 434 ‘necessarii
319 368 481 450 sangninis²
494 375 629 430 rationem
644 375 702 429 eius
714 374 853 444 consortii,
869 364 957 445 quod³
972 367 1098 426 nascendi

143 460 266 534 tempore
287 458 380 516 liberis
409 467 438 515 et
458 456 613 531 parentibus
635 455 722 526 datur,
747 458 884 530 cogitans,
913 471 969 512 non
995 453 1099 510 admitti

144 543 333 619 scrupulosam
360 543 562 616 inquisitionem
581 533 714 608 statnit34
728 554 782 607 nec·
796 539 896 596 idcirco
911 540 995 612 patris
1010 536 1098 612 indig-

142 631 255 685 natione
282 643 364 701 posse
387 626 559 683 donationem
574 626 671 680 iustam
693 638 819 696 umquam
840 621 972 694 rescindi,
994 637 1099 678 summa

142 729 204 768 cum
226 713 332 768 ratione
357 710 467 784 placuit.
498 708 549 766 PP.
565 709 595 768 V.
609 707 645 765 id.
661 705 730 764 Nou.
746 706 878 772 Melantia,
888 707 976 762 Caesa.
993 697 1098 762 conss.⁵

206 792 270 852 815.
300 795 381 852 iidem
401 793 493 868 Ulpiae
513 785 650 849 Rufinae.⁶
690 791 755 848 Cum
781 805 814 846 eu
838 805 918 848 causa
943 789 1099 847 donationis

56 944 58 948 ¹
143 887 261 954 uterque
282 879 429 935 dominium
452 880 491 934 rei
514 876 669 934 tributariae
685 875 846 946 uindicatis,
862 890 939 950 eum,
955 875 998 930 cni
1014 873 1099 946 priori

142 966 283 1036 possessio
300 963 345 1018 nel
359 961 412 1019 soii
433 961 532 1018 tradita
547 969 598 1032 est,
613 958 706 1016 haberi
720 961 857 1033 potiorem
872 958 1010 1014 conuenit.
1038 955 1097 1012 Bai.

142 1045 198 1101 Xil.
214 1047 266 1103 kat.
282 1046 359 1103 Mart.
376 1045 571 1115 Dorocortoro,
592 1042 735 1101 Tiberiano
750 1051 778 1099 et
793 1043 875 1099 [tione
890 1034 994 1098 conss.⁷

207 1125 272 1187 316.
300 1128 383 1185 lidem
403 1130 480 1188 'dnn
502 1120 698 1184 Homonoeae.8
739 1125 840 1183 Sinon
867 1133 909 1182 est
935 1127 963 1181 in
988 1140 1097 1182 uacuam

143 1215 346 1287 possessionem
368 1228 400 1268 eu
422 1229 502 1269 cansa
529 1211 685 1267 donationis
706 1210 833 1266 inductus
854 1211 888 1281 is,
909 1216 1003 1266 contra
1019 1225 1099 1282 quem

143 1295 294 1368 supplicas,
310 1287 372 1352 ’nec
393 1295 447 1351 ulia
468 1296 573 1350 ratione
588 1295 723 1351 tributarii
742 1293 845 1366 praedii
860 1293 985 1349 dominus
1000 1293 1100 1349 consti·

142 1385 220 1434 tutus
235 1386 321 1451 extra,
341 1393 394 1435 nec
410 1372 484 1435 eius⁹
499 1377 705 1434 uindicationem
721 1377 819 1434 trabere
832 1384 925 1450 potest
927 1415 1032 1433 .....

419 1455 538 1526 [Desunt
553 1474 618 1523 quae
631 1453 824 1525 sequebantur]

70 1783 136 1834 [tlt]
287 1780 330 1820 DE
353 1777 583 1821 comminomnvs
605 1778 646 1819 ΕΤ
669 1775 954 1820 Pnoovttn'ronnavs.

206 1878 270 1941 317.
295 1923 343 1940 ...
359 1884 441 1953 apud
458 1889 528 1939 aeta
544 1873 724 1938 constituto¹⁰
737 1872 741 1957 i
754 1881 924 1954 procuratori
938 1879 1005 1936 haec
1020 1881 1207 1959 satis-[mpura.

144 1967 217 2024 datio
240 1967 342 2023 remitti
363 1965 444 2023 solet.
478 1981 538 2022 uam
553 1981 614 2022 oum
635 1963 707 2038 apud
722 1973 778 2021 acta
800 1965 909 2021 nonnisi
924 1981 938 2020 a
952 1958 1207 2039 praesentefflffl,

144 2053 254 2107 domino
277 2051 472 2119 constituatur,
495 2050 644 2124 cognitoris
666 2048 727 2105 loco
749 2048 948 2121 intellegendus
971 2057 1021 2108 est.
1057 2043 1208 2117 ΛΜΝ)

144 2134 344 2191 defendendum
365 2135 509 2208 'cognitore
536 2133 701 2204 constituto,
723 2131 864 2204 dominus,
886 2149 942 2188 non
963 2132 1100 2206 cognitor,

218 2299 238 2367 ¹)
253 2309 360 2351 ceterum
374 2303 426 2350 sine
441 2302 513 2352 dubia
527 2303 583 2351 iacti
592 2302 731 2364 quaestione
747 2301 777 2351 V.
788 2302 846 2352 edd.
867 2300 920 2352 Sed
928 2302 968 2351 sic
977 2302 1100 2351 intolera-

146 2372 206 2422 bilia
220 2374 338 2421 nascitur
348 2375 520 2435 pleonasmus.
541 2367 642 2435 ‘super’
654 2386 706 2434 pro
722 2368 776 2421 ‘de’
792 2372 850 2422 edd.
865 2387 934 2422 meae
948 2384 968 2424 1.
983 2382 1003 2423 2.
1018 2385 1054 2420 erc
1067 2373 1100 2434 ej.

146 2442 228 2492 Blam.
243 2445 271 2490 in
285 2440 396 2491 Beleker.
410 2442 500 2491 Janro.
515 2441 568 2491 III.
579 2457 607 2505 p.
622 2451 684 2499 aon,
699 2444 773 2490 caina
785 2444 901 2506 reliquas
914 2443 1037 2493 lectiones
1050 2443 1102 2491 iam

146 2520 223 2563 antea
237 2527 287 2562 non
302 2511 482 2575 probaveram.
552 2507 573 2576 ²)
588 2513 731 2560 necessariis
751 2512 856 2573 angustis
875 2511 906 2560 V.
921 2513 979 2562 edd.
1007 2510 1060 2562 Sed
1077 2518 1101 2561 et

146 2585 250 2633 datione
264 2584 366 2645 ineptas
380 2596 427 2630 nec
441 2583 574 2645 quisquam
585 2578 721 2646 ‘angustos
730 2579 902 2632 necessarioa'
914 2583 1009 2633 Latine
1022 2583 1100 2632 dixit.

146 2655 186 2704 De
204 2654 342 2720 campaninis
359 2652 548 2702 necessitudine
566 2652 617 2703 oid.
636 2651 668 2700 L.
681 2637 704 2701 ἦ.
730 2652 755 2704 C.
771 2653 803 2703 de
815 2655 902 2718 adopt.
917 2652 928 2720 (
944 2654 1013 2720 Aa).
1032 2654 1064 2703 L.
1079 2665 1099 2705 o.

149 2725 175 2776 0.
190 2726 222 2775 de
235 2739 304 2788 saep.
320 2730 366 2773 tat.
381 2721 413 2789 (o,
426 2719 477 2786 aa);
495 2723 527 2772 de
539 2723 677 2787 canpainis
690 2725 792 2773 ratione
805 2723 838 2774 L.
852 2735 873 2774 a.
897 2724 930 2774 D.
945 2725 1012 2774 anda
1026 2739 1099 2790 copn.

147 2795 192 2862 (aa,
206 2794 238 2861 a).
252 2795 285 2844 J..
301 2806 334 2846 1o.
348 2795 372 2856 ὅ.
387 2805 408 2844 1.
432 2793 464 2842 Ι).
479 2793 511 2842 de
525 2799 604 2844 castr.
614 2807 673 2855 pec.
688 2790 733 2857 (so,
748 2792 784 2859 at)
798 2802 846 2844 etc.
868 2811 915 2845 nec
933 2796 1100 2844 neccessarias

144 2867 277 2927 angustias,
291 2866 383 2914 ratione
398 2864 438 2914 ed.
454 2863 566 2914 Momms.
641 2859 661 2927 ⁰)
676 2878 688 2911 a
704 2865 822 2914 inserunt
835 2864 947 2927 Radorf.
962 2873 987 2914 et
1000 2863 1100 2914 Bonna.

146 2932 168 2998 ⁴)
184 2934 270 2997 ομ.
285 2947 307 2985 4.
326 2934 371 2983 dtr.
388 2934 413 2985 θ.
429 2935 461 2984 de
474 2935 563 2984 donat.
579 2932 611 3000 (a,
626 2933 671 2997 12).
687 2935 728 2994 §i-
742 2943 789 2984 ooo.
805 2945 851 2986 noa.
866 2946 913 2986 soa.
937 2934 969 2983 L.
985 2945 1005 2984 a.
1028 2935 1053 2985 0.
1068 2935 1100 2984 de

145 3019 230 3060 revoc.
244 3004 304 3055 don.
318 3002 350 3067 (8,
365 3003 410 3069 oo).
461 3001 482 3070 ⁶)
497 3020 521 3053 a.
531 3015 579 3056 aas
634 3000 656 3069 ὅ)
671 3003 788 3052 Lemma:
802 3004 854 3062 Hic,
869 3006 889 3053 si
902 3005 926 3053 in
941 3018 1013 3053 causa
1027 3005 1100 3068 dona·

146 3075 218 3124 tionis
233 3075 279 3123 dno
293 3075 340 3123 sibi
355 3073 486 3123 dominium
500 3075 535 3123 rei
550 3075 689 3123 tributariae
704 3073 838 3137 uindicent,
852 3075 970 3138 potiorem
984 3089 1046 3138 esse,
1062 3077 1101 3126 cui

145 3143 926 3282 tietmarumcr·anamma·
944 3142 1038 3279 ..ti-
1052 3158 1099 3268 a·

147 3296 193 3337 28³.
213 3286 246 3335 In
259 3301 340 3352 marp.
355 3287 457 3335 lemma:
475 3285 532 3344 Hic,
548 3299 616 3344 euru,
630 3286 670 3335 cui
684 3300 730 3335 non
745 3285 777 3334 sit
790 3287 876 3336 tradita
895 3287 1032 3350 possessio,
1050 3301 1101 3336 rem

147 3371 175 3406 ex
189 3357 315 3406 donatione
329 3356 376 3404 sibi
389 3356 512 3406 uindicare
526 3370 573 3405 non
587 3371 667 3419 posse.
728 3353 749 3422 ο)
763 3355 880 3422 Serapam
894 3358 957 3406 uuila
971 3371 991 3406 r.
1006 3365 1023 3406 t.
1038 3372 1061 3421 p.
1077 3358 1101 3408 d.

147 3433 310 3476 e.e1trancus
329 3427 359 3478 V.
375 3427 433 3476 edd.

220 3493 254 3566 ¹⁰)
272 3496 341 3558 Quae
355 3504 433 3547 antea
446 3500 602 3563 exciderint,
617 3499 692 3550 docet
708 3497 765 3549 Gai.
779 3511 802 3559 4,
816 3510 850 3551 ot.
865 3511 899 3552 98.
