2542 3909
171 181 235 246 210
395 202 401 212 ·
462 193 523 230 utu
540 192 643 228 marra.
661 175 682 231 Ι.
701 177 844 228 146-150.

173 341 306 396 honorem
319 336 466 392 sacerdotii
476 333 573 392 liberas
584 351 646 390 esse
654 334 815 392 uoluerunt:
829 334 920 406 itaque
932 333 1014 390 etiem
1024 333 1142 408 legent

173 421 324 478 tabularum
338 429 448 478 cautum
464 428 515 475 est.
552 413 617 476 teo.
637 417 787 492 Nepotilms
802 426 892 474 autem
907 418 1089 492 neptibusque
1103 421 1143 476 ita

172 505 280 562 demunt
301 521 445 578 possumus
466 510 636 561 testamenta
658 511 765 561 tutores
790 502 871 571 dane,
896 505 920 559 si
940 511 1142 576 postmortem

173 597 294 646 nostram
315 591 344 645 in
365 590 513 663 patrissui
534 581 715 662 potestatem¹
737 588 858 646 recasuri
878 604 934 643 non
949 588 1012 645 sint.
1048 588 1142 661 itaque

174 675 197 730 si
213 671 284 728 tilius
296 690 373 732 meus
389 674 485 730 mortis
496 689 570 730 meae
585 680 711 746 tempore
725 673 753 728 in
767 679 906 745 potestate
920 688 980 728 mea
995 674 1042 743 sit,
1056 689 1142 746 nepo·

174 766 226 829 tes,
249 774 319 834 quos
341 752 569 834 excollendum),
590 773 646 814 uon
661 750 825 830 ’poterant²
843 773 876 812 ex
896 764 1060 815 testamento
1079 773 1142 814 meo

173 841 273 900 habere
287 851 417 914 tutorem,
435 843 558 917 quemuis
573 843 601 897 in
613 849 750 915 potestate
762 857 820 898 mea
831 840 950 910 luerint3
963 841 1068 899 scilicet
1079 843 1141 916 quia

174 935 283 984 mortuo
307 943 349 984 me
374 929 401 983 in
434 927 582 1002 patrissui
605 933 743 999 potestate
764 925 851 982 luturi
873 933 949 984 sunt.
990 922 1053 986 14⁷.
1074 925 1141 983 Cum
1157 938 1216 992 [1er

174 1021 265 1070 tamen
287 1013 315 1068 in
338 1011 525 1086 compluribus
541 1010 600 1067 aliis
621 1011 709 1066 causis
731 1011 853 1084 postumi
874 1027 925 1083 pro
943 1012 996 1066 iam
1009 1012 1082 1068 natis
1096 1012 1143 1070 ha·

174 1096 299 1166 beantur,
317 1099 381 1153 etin
394 1097 445 1153 hae
455 1112 535 1154 eausa
553 1095 667 1169 placuit,
681 1112 737 1152 non
749 1095 839 1151 minus
855 1097 990 1168 postumis
1000 1111 1079 1169 quam
1091 1097 1145 1153 iam

175 1183 244 1238 natis
261 1189 426 1238 testamento
442 1189 549 1238 tutores
565 1179 622 1235 dari
638 1195 731 1253 posse,
754 1181 777 1236 si
791 1179 873 1236 modo
893 1181 967 1238 inea
983 1182 1145 1252 caucasum,

175 1276 206 1322 ut
229 1267 250 1322 si
274 1267 348 1322 uiuis
367 1265 446 1322 nobis
470 1272 630 1333 nascautur,
653 1265 680 1320 in
702 1272 842 1339 potestate
863 1272 958 1320 nostra
980 1264 1055 1323 liant.
1092 1266 1145 1323 hos

175 1342 304 1428 ²(enim)³
327 1351 407 1406 etiam
429 1348 544 1406 heredes
566 1349 711 1405 instituere
732 1365 891 1423 possumus,
917 1365 977 1407 oum
1000 1359 1146 1408 extraneos

175 1443 319 1508 postumos
330 1431 445 1490 heredes
456 1433 599 1490 instituere
610 1434 773 1506 permissum
781 1450 836 1490 non
846 1430 902 1491 ’sit
925 1431 993 1492 148.
1004 1426 1019 1513 (
1029 1429 1145 1511 onr-i),

177 1513 261 1593 quae⁴
281 1521 308 1574 in
325 1535 405 1574 manu
422 1526 481 1590 est,
503 1516 618 1590 proinde
634 1534 665 1574 ac
680 1516 758 1588 tiliae,
781 1520 847 1574 item
862 1521 953 1590 nurui,
970 1521 1079 1593 quaein
1096 1517 1148 1574 tilii

177 1620 259 1660 manu
275 1613 328 1672 est,
343 1603 458 1676 proinde
473 1619 504 1660 ac
515 1603 592 1675 nepti
608 1609 685 1659 tutor
700 1602 757 1658 dari
774 1611 877 1676 potest.
907 1600 972 1661 142.
986 1604 1146 1660 Rectissime

173 1696 268 1744 ¹autem
284 1695 361 1744 tutor
382 1688 420 1743 sie
443 1686 500 1743 dari
522 1694 632 1761 potest:
656 1703 775 1746 averrit
796 1704 909 1746 rmvu
928 1703 1054 1746 amatus
1068 1703 1146 1747 nesto

178 1787 327 1830 aaronem
347 1771 400 1830 ’no
423 1765 499 1848 (ael)
524 1778 620 1822 ΗΘΜ
640 1765 755 1849 (MEAE)
776 1787 925 1830 auronum
944 1767 1013 1834 no.⁵
1054 1773 1103 1828 sed
1119 1783 1149 1832 et

178 1857 200 1912 si
227 1857 263 1914 ita
290 1858 422 1930 scriptum
442 1858 492 1912 sit:
519 1871 741 1914 ornamentum
763 1856 807 1913 uel
828 1872 924 1916 vxom
937 1874 1023 1916 usna
1038 1873 1148 1916 r1r1vs

178 1957 284 2000 evron
309 1955 406 2014 asro,
435 1950 508 1999 recte
538 1941 618 1999 datus
644 1941 824 2016 intellegitur.
879 1937 944 2001 150.
973 1942 1004 2000 ln
1030 1959 1147 2017 persona

128 2035 168 2083 42.
182 2034 270 2084 tamen
291 2019 296 2103 Ι
315 2027 426 2100 uxoris,
449 2043 518 2100 quae
540 2028 568 2084 iu
590 2043 673 2082 manu
693 2033 745 2097 est,
767 2034 878 2098 recepta
892 2034 936 2083 est
950 2029 1031 2086 etlam
1046 2029 1149 2086 tutoris

179 2112 267 2187 optio,
284 2110 378 2181 idest,
395 2120 426 2168 ut
438 2110 517 2168 liceat
533 2113 557 2168 ei
572 2113 742 2185 permittere,
764 2127 844 2184 quem
859 2111 928 2167 uelit
940 2113 1012 2187 ipsa,
1028 2121 1149 2174 tutorem

180 2195 229 2254 sihi
244 2206 351 2271 optare,
366 2197 419 2253 hoc
435 2195 530 2253 modo:
547 2212 656 2253 nmmo
671 2210 768 2254 vxonr
782 2211 867 2254 uana
884 2212 1022 2256 nunonis
1038 2213 1149 2258 01110-

178 2298 244 2339 munt
269 2296 322 2339 ou.
366 2298 420 2355 quo
442 2298 507 2338 casu
530 2280 595 2337 licet
618 2282 697 2338 uxori
718 2277 864 2353 '(tatorem
889 2275 1023 2359 ορωνε)6
1047 2283 1091 2340 uel
1121 2285 1150 2340 iu

255 2429 274 2496 1)
289 2433 341 2480 iure
361 2435 480 2481 inserant
497 2431 521 2480 0.
542 2432 600 2481 edd.
626 2432 686 2481 Via.
704 2429 809 2482 ‘Gaius’
822 2449 850 2496 p.
865 2445 899 2486 28.
965 2430 986 2499 1)
1001 2436 1107 2498 potesint
1122 2436 1149 2486 C.

181 2503 289 2566 poterint
308 2503 347 2551 ed.
367 2502 415 2567 Bp.
482 2498 502 2567 8)
519 2503 627 2552 Addidi.
694 2500 715 2568 4)
732 2504 780 2552 sint
798 2518 858 2567 quae
877 2506 955 2554 etiam
976 2502 1029 2555 Vll.
1058 2508 1100 2556 Aa
1114 2523 1151 2556 eae

181 2575 213 2623 sit
227 2589 256 2622 uc
271 2575 349 2636 quae?
363 2574 415 2624 uid.
430 2589 499 2637 sequ.
515 2581 567 2626 not.
634 2571 655 2638 5)
670 2575 780 2625 dolictut
790 2575 820 2624 do
836 2571 889 2624 W.
912 2585 1078 2641 erroreputa
1088 2579 1150 2627 inde

181 2652 251 2703 auto,
265 2645 335 2708 quod
348 2652 410 2694 nota
428 2646 561 2708 antiquior
576 2661 605 2694 uc
620 2667 656 2688 ι·-
669 2661 728 2696 uxor
747 2646 794 2712 (cf.
814 2647 920 2700 Puteola.
935 2663 964 2710 p.
980 2647 1053 2714 1⁶88),
1074 2651 1151 2699 cuiue

181 2717 332 2780 oestipiain
348 2727 430 2777 1148.
454 2723 479 2764 et
497 2717 635 2780 aliquoties
654 2719 681 2766 in
700 2716 806 2781 Ulpiani
821 2717 979 2783 fragmentis
995 2719 1042 2783 (cs.
1061 2719 1150 2769 Fleck-

182 2789 252 2836 eisen
268 2785 299 2836 N.
313 2786 404 2836 Jaltrb.
421 2787 443 2850 s.
464 2787 559 2838 Philol.
578 2788 697 2838 LXXV
707 2804 736 2851 p.
751 2789 802 2853 ete)
821 2797 971 2853 comparent
988 2805 1102 2854 quaeque
1122 2793 1150 2840 in

182 2857 324 2921 archetypo
334 2858 452 2907 adnibito
459 2858 545 2921 fuisse
554 2860 666 2917 videtur,
681 2859 793 2910 librario
804 2861 937 2926 incognita
946 2868 1011 2910 erat.
1035 2877 1071 2911 no
1080 2876 1150 2912 mo

183 2935 223 2977 eut
240 2929 336 2991 noled.
351 2945 406 2978 mea
424 2941 445 2980 tt.
468 2945 504 2979 oo
520 2931 559 2980 ed.
574 2929 649 2980 Sena.
715 2927 794 2995 ⁶)Ita
808 2931 916 2982 Lacdm.
926 2933 967 2982 ed.
983 2929 1101 2997 (Fesellit
1119 2934 1150 2982 li-

183 2999 300 3049 drarium
314 3001 456 3051 similitudo
470 3003 617 3052 litterarum
630 3010 654 3051 -t
667 3003 747 3051 umori
760 3010 784 3051 et
798 3008 842 3053 tut.
857 3002 973 3069 opt-are.)
989 3003 1096 3070 (eligere
1110 3011 1151 3054 tu-

183 3071 274 3136 torem)
298 3073 337 3121 cd.
356 3071 405 3136 Bp.
430 3069 478 3138 (ita
502 3075 606 3131 testari,
631 3080 659 3121 ut
683 3080 792 3124 tutorem
815 3081 907 3136 optare
930 3073 1019 3140 liceat)
1044 3082 1152 3126 auctore

184 3143 339 3194 Mommsenio
359 3144 397 3192 ed.
416 3141 506 3200 Stud.;
525 3160 665 3207 perperam
684 3152 806 3208 quantam
824 3145 914 3202 video,
932 3155 958 3195 et
977 3153 1070 3196 contra
1091 3146 1153 3196 Gaii

184 3221 301 3274 mentem,
316 3230 350 3264 em
365 3230 419 3281 qua
430 3229 481 3265 aaa
496 3217 628 3266 testatoris
642 3223 689 3274 est,
702 3216 749 3265 sed
757 3217 882 3278 mulieris,
897 3217 960 3267 data
970 3220 1074 3282 optione
1088 3217 1153 3284 (sive

255 3352 637 3424 §.14c=§.s.1.ut.ac
702 3353 727 3424 5.
745 3359 883 3418 ten-5.
898 3360 1115 3424 ..ω-ογ.
1130 3373 1152 3419 1,

184 3438 231 3478 neo.
246 3437 294 3477 ree.
350 3423 375 3496 ἓ.
393 3431 451 3480 148.
469 3429 508 3491 Of.
523 3431 546 3490 ὅ.
563 3438 609 3478 114.
630 3440 651 3488 e,
666 3439 713 3479 159.
766 3423 791 3494 5.
809 3429 869 3477 149.
886 3429 924 3493 Cf.
939 3443 960 3493 n,
975 3444 1023 3483 eso.
1038 3443 1085 3484 nse.
1107 3431 1151 3482 ll.

190 3497 248 3546 Vae.
264 3509 311 3548 noe.
376 3495 583 3568 §§.160-153.
602 3499 756 3561 dminus,
771 3510 805 3548 19.
835 3497 1081 3566 Piacctiucut.
1097 3515 1152 3554 ue.

185 3568 245 3617 Lex
260 3567 331 3618 Hac.
346 3569 417 3634 Salp.
433 3582 466 3621 22.
