2542 3909
274 198 752 239 var.crrvsn.1vrrac.eoasvnranro.
768 180 814 236 Vl.
831 186 943 237 11-14.
1021 182 1084 247 849

174 332 352 407 peruenisse:
369 346 419 387 nec
439 332 467 385 in
482 329 678 403 emancipatum
694 328 860 402 translatam,
881 331 904 385 si
925 329 1086 404 generaliter

173 414 269 471 ’eidem
285 408 410 489 partem¹
426 413 530 469 tertiam
553 411 686 472 bonorum
702 413 823 471 donasti:
847 414 910 488 quia
925 413 1086 488 generaliter

173 499 307 555 honorum
323 498 476 572 portionem
498 496 600 552 donare
620 513 677 555 non
690 490 813 572 posses,²
829 513 889 557 oum
904 498 1026 571 singulae
1040 514 1085 554 res

173 583 306 638 nominari
329 581 453 650 debeant,
477 596 544 653 quae
563 579 728 638 ’donationis
750 596 841 639 ecura
864 574 1086 655 mancipatione‚³

175 665 219 721 uel
235 666 262 720 in
276 667 336 722 iure
351 666 474 721 cessione
488 664 698 731 transferuutur,
720 665 916 738 etreliqua.
943 664 999 724 liat.
1016 665 1085 738 prid·

172 747 279 805 kalend·
296 748 367 819 Maii,
383 747 520 818 Heraclea,
536 750 601 821 ipsis
618 749 672 803 ΑΛ.
689 740 777 805 coss.4

214 828 254 889 11.
278 831 349 887 idem
364 831 425 889 eod.
441 831 489 890 lib.
505 841 533 888 et
548 833 606 892 tit:
893 886 896 893 .

173 916 258 989 impp.
274 914 433 974 ltiocletiao.
452 925 480 971 et
500 915 648 973 llaximian.
664 916 718 971 ΛΑ.
734 912 858 971 Gratiano
874 914 997 974 lilarimo.
1032 914 1085 971 Nec

173 998 295 1055 uenditio
311 998 465 1056 donationis
486 1015 567 1055 cansa
580 997 714 1055 bonorum
730 999 850 1055 omnium
866 998 952 1055 ualet:
973 998 1021 1057 aed
1043 1014 1085 1054 re·

173 1098 233 1139 rum
249 1082 415 1156 singularum
431 1082 588 1138 nominatim
599 1082 709 1138 donatio
724 1081 792 1137 tacta
808 1084 879 1155 capit
892 1080 1016 1139 ellectum
1031 1091 1085 1144 eto.

173 1165 230 1225 liat.
247 1165 312 1221 Vlll.
328 1165 380 1222 laal.
398 1166 501 1224 ianuar.
516 1164 674 1221 Caesaribus
689 1159 776 1223 coss.⁶

214 1246 260 1311 12.
283 1249 349 1316 item
363 1248 450 1321 leges,
466 1247 596 1322 legatum,
617 1251 642 1304 si
656 1264 705 1322 per
720 1248 860 1306 codicillos
876 1247 1014 1307 dimissum
1028 1251 1085 1308 iue-

131 1334 176 1402 rit,
192 1334 251 1388 sine
266 1341 429 1388 testamento
451 1332 541 1387 ualere
563 1348 619 1388 non
640 1348 737 1405 posse,
759 1348 792 1388 er
807 1348 922 1407 corpore
938 1333 1086 1410 Hermoge-

130 1417 204 1472 niani
219 1417 261 1471 tit.
279 1414 312 1470 de
327 1416 420 1471 donat.
436 1416 507 1471 iuter
522 1417 572 1471 uir.
591 1423 618 1471 et
635 1432 728 1473 uror:
837 1470 839 1473 .

173 1492 279 1555 'lidem⁶
293 1500 347 1555 dd.
369 1507 395 1555 et
410 1496 460 1553 GC.
477 1499 587 1555 Aurelio
605 1497 704 1555 Altino.
734 1498 826 1557 luter
849 1509 967 1557 cetera
989 1510 1023 1557 et
1046 1502 1085 1558 ad

173 1583 298 1640 locum:
332 1580 467 1639 Codioillis
494 1591 582 1653 autem
610 1584 670 1639 sine
697 1590 859 1641 testamento
888 1582 1007 1656 legatum
1036 1602 1085 1643 nee

173 1667 269 1740 adimi,
291 1683 342 1722 nee
363 1666 421 1721 dari
448 1673 549 1739 potest.
585 1666 678 1722 ilatum
701 1664 751 1721 sub
774 1667 817 1722 die
832 1666 895 1723 Vlll.
913 1668 966 1727 lral.
981 1668 1085 1731 lanuar.

173 1750 327 1806 Nicomedia
343 1749 391 1808 CC.
407 1743 495 1805 erosa.l
833 1796 835 1799 .

215 1829 259 1889 ta.
283 1834 348 1889 ltem
364 1833 450 1907 leges,
470 1849 523 1904 qua
541 1848 628 1906 poena
649 1832 855 1889 calumniatores
870 1832 1006 1905 plectendi
1021 1838 1085 1900 sint,

132 1929 164 1970 en
179 1931 293 1988 corpore
309 1915 514 1989 Hermogeniani
531 1918 574 1972 tit.
590 1915 623 1972 de
639 1908 891 1976 calunruiatorib.:⁷
962 1969 964 1975 ,
980 1988 982 1993 Ι
1036 1934 1038 1939 ’

172 1997 260 2071 lmpp.
277 1998 433 2056 liiocletian.
450 2007 478 2055 ot
498 1999 564 2056 ilar.
576 2000 632 2055 Aa.
650 1997 806 2066 Quintiano:
822 1998 880 2057 'libi
895 2002 991 2075 magis,
1007 2017 1086 2075 quam

175 2081 340 2152 aduersario,
353 2084 399 2155 qui
409 2098 458 2156 per
474 2083 633 2141 calumniam
646 2084 724 2155 petit,
738 2090 833 2139 eontra
846 2098 926 2155 quem
941 2084 1086 2157 supplicas,

174 2164 273 2221 iudicio
291 2164 390 2221 tutelae
402 2166 530 2223 conuenit
542 2167 666 2240 excipere
678 2167 822 2237 actionem,
834 2166 866 2222 ad
879 2182 958 2239 quam
970 2183 1085 2242 respon·

174 2248 239 2303 dere
258 2245 355 2315 debes;
377 2250 477 2321 quippe
497 2252 520 2305 si
536 2267 585 2324 per
600 2250 759 2308 calumniam
774 2248 826 2306 hoo
840 2266 901 2306 eum
918 2250 1006 2307 iacere
1022 2268 1086 2309 eon·

175 2330 245 2402 fidis,
267 2330 385 2386 remedio
413 2332 632 2403 repromissionis
655 2334 732 2389 initio
752 2332 916 2406 postulatae,
938 2334 1086 2393 calumniae

173 2415 291 2471 decimae
305 2415 389 2486 partis
406 2415 473 2484 eius,
490 2416 563 2488 quod
578 2418 663 2489 petit,
680 2415 726 2472 tibi
743 2416 915 2473 condemnari
930 2433 992 2475 eum
1014 2419 1084 2475 desi·

175 2498 269 2553 derare
284 2505 371 2570 potes.
399 2496 449 2555 ΡΡ.
466 2498 519 2555 kal.
534 2498 681 2555 Nouembr.
696 2502 751 2556 ΔΑ.
767 2494 854 2557 coss.⁸

62 2595 121 2645 [aaa]
217 2579 262 2640 14.
279 2582 345 2637 ltem
359 2580 447 2653 leges,
463 2580 578 2653 qualiter
592 2584 695 2655 petitor
709 2582 823 2656 probare
835 2582 940 2656 debeat,
959 2584 1033 2659 quod
1047 2588 1088 2643 iu·

132 2665 231 2738 tendit,
253 2682 309 2723 nou
330 2662 362 2719 ab
384 2662 539 2720 aduersario
560 2665 667 2737 instrui,
690 2682 720 2722 en
742 2683 857 2740 corpore
880 2667 1087 2743 Hermogeniani

132 2753 176 2809 tit.
191 2752 223 2808 ad
239 2749 327 2807 eahib.

175 2829 278 2908 itmpp.
295 2832 407 2890 liioelet.
423 2840 452 2888 et
466 2830 615 2889 llaximian.
646 2833 701 2893 tn.
718 2834 837 2906 Aurelio,
860 2835 982 2909 Diogeni.
1005 2837 1087 2893 Nimis

176 2934 259 2991 graue
275 2927 327 2988 est,
343 2915 416 2990 quod
430 2916 532 2989 petitis,
554 2916 647 2989 urgeri
663 2915 695 2970 ad
711 2916 901 2976 exhibitionem
916 2929 1019 2993 partem
1043 2921 1087 2977 ad·

175 3016 280 3055 uersam
293 3016 399 3069 eorum,
414 3014 462 3073 per
475 3014 544 3073 quos
559 2998 610 3053 sihi
626 2999 767 3071 negotium
783 2999 838 3057 liat.
866 3001 940 3059 Unde
960 3005 1087 3080 intelligi·

206 3173 226 3241 ¹)
241 3176 285 3224 Eae
300 3176 402 3225 Guiocr'i
416 3176 508 3225 ataid.
523 3178 556 3239 φ’.
567 3174 630 3224 idem
645 3182 713 3238 pater
728 3175 792 3228 Par.
802 3188 836 3228 aa.
846 3181 880 3229 al.
929 3175 950 3245 ⁹)
966 3181 1005 3241 Cf.
1017 3182 1086 3231 Ptin.

132 3262 171 3309 ep.
185 3256 207 3304 a,
222 3259 242 3297 1.
257 3250 280 3309 ὅ.
295 3258 316 3297 a.
338 3246 381 3298 dr.
402 3246 460 3295 Vot.
475 3257 522 3298 aaa.
579 3241 600 3312 9)
615 3246 754 3295 donationes
769 3249 957 3312 emancipatione
973 3251 1037 3301 Par.
1053 3263 1086 3303 tt.

132 3319 176 3375 al„
191 3316 235 3366 ubi
249 3314 362 3382 e(manc.)
374 3317 475 3379 factum
493 3318 596 3367 videtur
614 3332 650 3366 ex
670 3314 779 3382 mansa).
844 3314 865 3383 ⁴)
880 3334 904 3370 a.
920 3332 1040 3373 ssa—804.

134 3383 154 3450 ⁶)
168 3402 192 3436 a.
208 3398 331 3439 ast-ans.
401 3383 640 3453 ⁶)ErScinlt.rj.
661 3388 748 3437 lisdem
766 3388 824 3437 edd.
895 3386 1085 3454 ⁷)IaHaeoel.

131 3456 220 3505 Herm.
238 3458 263 3507 θ.
274 3474 303 3521 p.
318 3470 352 3509 ro.
374 3458 412 3517 Of.
430 3458 486 3508 Gai.
500 3471 523 3517 e,
538 3471 584 3512 rra.
638 3455 688 3524 ἦα
712 3469 835 3511 ses-eor.
887 3455 909 3523 ⁹)
924 3460 955 3508 L.
971 3471 991 3511 a.
1013 3460 1038 3511 0.
1054 3462 1086 3511 de

131 3527 212 3578 testib.
228 3532 259 3593 (a,
274 3530 319 3594 ao),
334 3530 452 3579 uariante
466 3531 644 3594 inscriptione.

180 3625 283 3657 ramses.
297 3625 445 3656 suornm.
470 3626 508 3657 no.
529 3627 552 3658 v.
843 3613 876 3662 54
