<?xml version="1.0" encoding="UTF-8"?>
<!DOCTYPE html PUBLIC "-//W3C//DTD XHTML 1.0 Transitional//EN"
    "http://www.w3.org/TR/xhtml1/DTD/xhtml1-transitional.dtd">
<html xmlns="http://www.w3.org/1999/xhtml" xml:lang="en" lang="en">
 <head>
  <title>
</title>
<meta http-equiv="Content-Type" content="text/html;charset=utf-8" />
  <meta name='ocr-system' content='tesseract 3.04.00' />
  <meta name='ocr-capabilities' content='ocr_page ocr_carea ocr_par ocr_line ocrx_word'/>
</head>
<body>
  <div class='ocr_page' id='page_1' title='image "./iurisprudentiae01huscgoog_0605.png"; bbox 0 0 2542 3909; ppageno 0'>
   <div class='ocr_carea' id='block_1_1' title="bbox 310 186 1091 253">
    <p class='ocr_par' dir='ltr' id='par_1_1' title="bbox 310 186 1091 253">
     <span class='ocr_line' id='line_1_1' title="bbox 310 186 1091 253; baseline 0.004 -13"><span class='ocrx_word' id='word_1_1' title='bbox 310 206 416 241; x_wconf 77' lang='lat' dir='ltr'><strong>nonum</strong></span> <span class='ocrx_word' id='word_1_2' title='bbox 433 206 540 243; x_wconf 73' lang='lat' dir='ltr'><strong>verrant</strong></span> <span class='ocrx_word' id='word_1_3' title='bbox 558 206 657 241; x_wconf 74' lang='lat' dir='ltr'><strong>essen.</strong></span> <span class='ocrx_word' id='word_1_4' title='bbox 676 187 749 241; x_wconf 89' lang='lat' dir='ltr'>VIII.</span> <span class='ocrx_word' id='word_1_5' title='bbox 768 187 875 242; x_wconf 85' lang='grc' dir='ltr'><strong>6.-1Χ.</strong></span> <span class='ocrx_word' id='word_1_6' title='bbox 895 194 919 240; x_wconf 89' lang='grc'><strong>1.</strong></span> <span class='ocrx_word' id='word_1_7' title='bbox 1028 186 1091 253; x_wconf 77' lang='lat'><strong>581</strong></span> 
     </span>
    </p>
   </div>
   <div class='ocr_carea' id='block_1_2' title="bbox 56 328 1095 1081">
    <p class='ocr_par' dir='ltr' id='par_1_2' title="bbox 56 328 1095 1081">
     <span class='ocr_line' id='line_1_2' title="bbox 56 328 1095 409; baseline -0.004 -14"><span class='ocrx_word' id='word_1_8' title='bbox 56 328 219 395; x_wconf 81' lang='lat' dir='ltr'><strong>[4851item¹</strong></span> <span class='ocrx_word' id='word_1_9' title='bbox 242 352 297 391; x_wconf 88' lang='lat' dir='ltr'><strong>non</strong></span> <span class='ocrx_word' id='word_1_10' title='bbox 312 343 438 409; x_wconf 77' lang='lat' dir='ltr'>poterant</span> <span class='ocrx_word' id='word_1_11' title='bbox 459 338 594 409; x_wconf 82' lang='lat' dir='ltr'><strong>arrogari,</strong></span> <span class='ocrx_word' id='word_1_12' title='bbox 617 351 689 393; x_wconf 89' lang='lat' dir='ltr'><strong>nunc</strong></span> <span class='ocrx_word' id='word_1_13' title='bbox 708 336 809 393; x_wconf 88' lang='lat' dir='ltr'><strong>’causo</strong></span> <span class='ocrx_word' id='word_1_14' title='bbox 825 328 957 409; x_wconf 81' lang='lat' dir='ltr'><strong>capnita²</strong></span> <span class='ocrx_word' id='word_1_15' title='bbox 978 343 1095 408; x_wconf 79' lang='lat' dir='ltr'><strong>possunt</strong></span> 
     </span>
     <span class='ocr_line' id='line_1_3' title="bbox 136 413 1094 491; baseline -0.002 -14"><span class='ocrx_word' id='word_1_16' title='bbox 136 437 169 477; x_wconf 82' lang='lat' dir='ltr'><strong>ex</strong></span> <span class='ocrx_word' id='word_1_17' title='bbox 189 421 387 476; x_wconf 84' lang='lat' dir='ltr'><strong>constitutione</strong></span> <span class='ocrx_word' id='word_1_18' title='bbox 411 420 467 475; x_wconf 85' lang='lat' dir='ltr'><strong>diui</strong></span> <span class='ocrx_word' id='word_1_19' title='bbox 489 422 615 477; x_wconf 81' lang='lat' dir='ltr'><strong>Antonini</strong></span> <span class='ocrx_word' id='word_1_20' title='bbox 637 419 699 475; x_wconf 89' lang='lat' dir='ltr'><strong>&#39;Pii.</strong></span> <span class='ocrx_word' id='word_1_21' title='bbox 743 415 771 477; x_wconf 82' lang='grc'><strong>6.</strong></span> <span class='ocrx_word' id='word_1_22' title='bbox 795 413 866 488; x_wconf 65' lang='lat' dir='ltr'><strong>(tuti</strong></span> <span class='ocrx_word' id='word_1_23' title='bbox 888 436 1017 491; x_wconf 79' lang='lat' dir='ltr'><strong>generare</strong></span> <span class='ocrx_word' id='word_1_24' title='bbox 1038 435 1094 475; x_wconf 86' lang='lat' dir='ltr'><strong>non</strong></span> 
     </span>
     <span class='ocr_line' id='line_1_4' title="bbox 135 497 1094 578; baseline -0.001 -18"><span class='ocrx_word' id='word_1_25' title='bbox 135 497 264 577; x_wconf 78' lang='lat' dir='ltr'><strong>’potest,⁴</strong></span> <span class='ocrx_word' id='word_1_26' title='bbox 278 503 355 560; x_wconf 89' lang='lat' dir='ltr'><strong>uelut</strong></span> <span class='ocrx_word' id='word_1_27' title='bbox 369 503 465 577; x_wconf 90' lang='lat' dir='ltr'><strong>spado,</strong></span> <span class='ocrx_word' id='word_1_28' title='bbox 481 512 598 578; x_wconf 90' lang='lat' dir='ltr'><strong>utroque</strong></span> <span class='ocrx_word' id='word_1_29' title='bbox 614 503 695 559; x_wconf 89' lang='lat' dir='ltr'><strong>modo</strong></span> <span class='ocrx_word' id='word_1_30' title='bbox 711 499 840 578; x_wconf 76' lang='lat' dir='ltr'><strong>’potest⁵</strong></span> <span class='ocrx_word' id='word_1_31' title='bbox 859 503 1003 577; x_wconf 67' lang='lat' dir='ltr'><strong>adoptares</strong></span> <span class='ocrx_word' id='word_1_32' title='bbox 1024 504 1094 559; x_wconf 88' lang='lat' dir='ltr'><strong>idern</strong></span> 
     </span>
     <span class='ocr_line' id='line_1_5' title="bbox 135 582 1094 678; baseline -0.001 -35"><span class='ocrx_word' id='word_1_33' title='bbox 135 590 203 644; x_wconf 89' lang='lat' dir='ltr'><strong>iuris</strong></span> <span class='ocrx_word' id='word_1_34' title='bbox 226 596 269 643; x_wconf 88' lang='lat' dir='ltr'><strong>est</strong></span> <span class='ocrx_word' id='word_1_35' title='bbox 290 589 317 643; x_wconf 89' lang='lat' dir='ltr'><strong>ln</strong></span> <span class='ocrx_word' id='word_1_36' title='bbox 341 604 456 661; x_wconf 91' lang='lat' dir='ltr'><strong>persona</strong></span> <span class='ocrx_word' id='word_1_37' title='bbox 478 587 600 645; x_wconf 85' lang='lat' dir='ltr'><strong>caelibis.</strong></span> <span class='ocrx_word' id='word_1_38' title='bbox 644 583 671 645; x_wconf 80' lang='grc'><strong>7.</strong></span> <span class='ocrx_word' id='word_1_39' title='bbox 696 582 780 678; x_wconf 59' lang='lat' dir='ltr'><strong>“Item</strong></span> <span class='ocrx_word' id='word_1_40' title='bbox 803 590 841 660; x_wconf 87' lang='lat' dir='ltr'><strong>is,</strong></span> <span class='ocrx_word' id='word_1_41' title='bbox 864 591 910 661; x_wconf 88' lang='lat' dir='ltr'><strong>qui</strong></span> <span class='ocrx_word' id='word_1_42' title='bbox 933 585 1017 643; x_wconf 87' lang='lat' dir='ltr'><strong>lilium</strong></span> <span class='ocrx_word' id='word_1_43' title='bbox 1038 604 1094 643; x_wconf 92' lang='lat' dir='ltr'><strong>non</strong></span> 
     </span>
     <span class='ocr_line' id='line_1_6' title="bbox 135 666 1094 746; baseline 0 -19"><span class='ocrx_word' id='word_1_44' title='bbox 135 671 230 741; x_wconf 88' lang='lat' dir='ltr'><strong>hahet,</strong></span> <span class='ocrx_word' id='word_1_45' title='bbox 247 674 275 727; x_wconf 92' lang='lat' dir='ltr'><strong>in</strong></span> <span class='ocrx_word' id='word_1_46' title='bbox 290 672 380 729; x_wconf 85' lang='lat' dir='ltr'><strong>loeurn</strong></span> <span class='ocrx_word' id='word_1_47' title='bbox 396 676 504 746; x_wconf 77' lang='lat' dir='ltr'><strong>nepotis</strong></span> <span class='ocrx_word' id='word_1_48' title='bbox 519 672 648 746; x_wconf 83' lang='lat' dir='ltr'><strong>adoptare</strong></span> <span class='ocrx_word' id='word_1_49' title='bbox 663 681 764 746; x_wconf 84' lang='lat' dir='ltr'><strong>potest.</strong></span> <span class='ocrx_word' id='word_1_50' title='bbox 802 668 845 729; x_wconf 69' lang='lat'><strong>7².</strong></span> <span class='ocrx_word' id='word_1_51' title='bbox 868 666 1012 727; x_wconf 77' lang='lat' dir='ltr'><strong>⁷l&#39;eminae</strong></span> <span class='ocrx_word' id='word_1_52' title='bbox 1028 685 1094 727; x_wconf 91' lang='lat' dir='ltr'><strong>uero</strong></span> 
     </span>
     <span class='ocr_line' id='line_1_7' title="bbox 136 754 1094 831; baseline -0.002 -20"><span class='ocrx_word' id='word_1_53' title='bbox 136 765 235 813; x_wconf 83' lang='lat' dir='ltr'><strong>neutro</strong></span> <span class='ocrx_word' id='word_1_54' title='bbox 251 756 332 813; x_wconf 73' lang='lat' dir='ltr'><strong>morlo</strong></span> <span class='ocrx_word' id='word_1_55' title='bbox 347 765 466 829; x_wconf 85' lang='lat' dir='ltr'><strong>possunt</strong></span> <span class='ocrx_word' id='word_1_56' title='bbox 478 756 617 831; x_wconf 86' lang='lat' dir='ltr'><strong>adoptare,</strong></span> <span class='ocrx_word' id='word_1_57' title='bbox 638 758 763 829; x_wconf 89' lang='lat' dir='ltr'><strong>quoniam</strong></span> <span class='ocrx_word' id='word_1_58' title='bbox 778 772 828 812; x_wconf 87' lang='lat' dir='ltr'><strong>neo</strong></span> <span class='ocrx_word' id='word_1_59' title='bbox 842 754 978 812; x_wconf 73' lang='lat' dir='ltr'><strong>naturales</strong></span> <span class='ocrx_word' id='word_1_60' title='bbox 994 754 1094 811; x_wconf 83' lang='lat' dir='ltr'><strong>llberos</strong></span> 
     </span>
     <span class='ocr_line' id='line_1_8' title="bbox 134 834 1094 915; baseline -0.002 -20"><span class='ocrx_word' id='word_1_61' title='bbox 134 842 163 895; x_wconf 90' lang='lat' dir='ltr'><strong>in</strong></span> <span class='ocrx_word' id='word_1_62' title='bbox 184 848 322 914; x_wconf 82' lang='lat' dir='ltr'><strong>potestate</strong></span> <span class='ocrx_word' id='word_1_63' title='bbox 345 841 452 899; x_wconf 88' lang='lat' dir='ltr'><strong>habent.</strong></span> <span class='ocrx_word' id='word_1_64' title='bbox 496 838 525 898; x_wconf 82' lang='grc'><strong>8.</strong></span> <span class='ocrx_word' id='word_1_65' title='bbox 556 834 603 897; x_wconf 83' lang='lat' dir='ltr'><strong>⁸Si</strong></span> <span class='ocrx_word' id='word_1_66' title='bbox 626 850 704 915; x_wconf 85' lang='lat' dir='ltr'><strong>pater</strong></span> <span class='ocrx_word' id='word_1_67' title='bbox 724 840 840 897; x_wconf 80' lang='lat' dir='ltr'><strong>lumiliae</strong></span> <span class='ocrx_word' id='word_1_68' title='bbox 862 837 1042 913; x_wconf 81' lang='lat' dir='ltr'><strong>arrogandum</strong></span> <span class='ocrx_word' id='word_1_69' title='bbox 1064 848 1094 893; x_wconf 88' lang='lat' dir='ltr'><strong>se</strong></span> 
     </span>
     <span class='ocr_line' id='line_1_9' title="bbox 136 921 1094 998; baseline -0.002 -19"><span class='ocrx_word' id='word_1_70' title='bbox 136 924 258 997; x_wconf 79' lang='lat' dir='ltr'><strong>dederit,</strong></span> <span class='ocrx_word' id='word_1_71' title='bbox 281 923 359 981; x_wconf 79' lang='lat' dir='ltr'><strong>liberi</strong></span> <span class='ocrx_word' id='word_1_72' title='bbox 379 940 489 998; x_wconf 88' lang='lat' dir='ltr'><strong>quoque</strong></span> <span class='ocrx_word' id='word_1_73' title='bbox 510 926 569 981; x_wconf 88' lang='lat' dir='ltr'><strong>eius</strong></span> <span class='ocrx_word' id='word_1_74' title='bbox 589 926 665 998; x_wconf 88' lang='lat' dir='ltr'><strong>quasi</strong></span> <span class='ocrx_word' id='word_1_75' title='bbox 685 932 801 997; x_wconf 86' lang='lat' dir='ltr'><strong>nepotes</strong></span> <span class='ocrx_word' id='word_1_76' title='bbox 821 926 849 981; x_wconf 90' lang='lat' dir='ltr'><strong>ln</strong></span> <span class='ocrx_word' id='word_1_77' title='bbox 868 930 1005 998; x_wconf 88' lang='lat' dir='ltr'><strong>potestate</strong></span> <span class='ocrx_word' id='word_1_78' title='bbox 1025 921 1094 978; x_wconf 85' lang='lat' dir='ltr'><strong>irunt</strong></span> 
     </span>
     <span class='ocr_line' id='line_1_10' title="bbox 136 1010 315 1081; baseline 0 -18"><span class='ocrx_word' id='word_1_79' title='bbox 136 1010 315 1081; x_wconf 80' lang='lat' dir='ltr'><strong>arrogatoris.</strong></span> 
     </span>
    </p>
   </div>
   <div class='ocr_carea' id='block_1_3' title="bbox 326 1195 907 1245">
    <p class='ocr_par' dir='ltr' id='par_1_3' title="bbox 326 1195 907 1245">
     <span class='ocr_line' id='line_1_11' title="bbox 326 1195 907 1245; baseline -0.002 -8"><span class='ocrx_word' id='word_1_80' title='bbox 326 1196 447 1239; x_wconf 76' lang='lat' dir='ltr'><strong>r1r.1x.</strong></span> <span class='ocrx_word' id='word_1_81' title='bbox 476 1196 518 1237; x_wconf 78' lang='grc' dir='ltr'><strong>ΒΕ</strong></span> <span class='ocrx_word' id='word_1_82' title='bbox 533 1196 585 1239; x_wconf 79' lang='lat' dir='ltr'><strong>HIS</strong></span> <span class='ocrx_word' id='word_1_83' title='bbox 602 1196 656 1245; x_wconf 78' lang='lat' dir='ltr'><strong>QVI</strong></span> <span class='ocrx_word' id='word_1_84' title='bbox 670 1197 704 1239; x_wconf 79' lang='lat' dir='ltr'>m</span> <span class='ocrx_word' id='word_1_85' title='bbox 717 1196 802 1240; x_wconf 77' lang='lat' dir='ltr'><strong>Mtnv</strong></span> <span class='ocrx_word' id='word_1_86' title='bbox 819 1195 907 1237; x_wconf 73' lang='lat' dir='ltr'><strong>SVNT.</strong></span> 
     </span>
    </p>
   </div>
   <div class='ocr_carea' id='block_1_4' title="bbox 136 1302 1095 1551">
    <p class='ocr_par' dir='ltr' id='par_1_4' title="bbox 136 1302 1095 1551">
     <span class='ocr_line' id='line_1_12' title="bbox 203 1302 1095 1379; baseline -0.001 -15"><span class='ocrx_word' id='word_1_87' title='bbox 203 1303 239 1364; x_wconf 78' lang='lat'><strong>9*</strong></span> <span class='ocrx_word' id='word_1_88' title='bbox 254 1324 269 1365; x_wconf 76' lang='lat' dir='ltr'><strong>s</strong></span> <span class='ocrx_word' id='word_1_89' title='bbox 286 1325 301 1367; x_wconf 80' lang='lat' dir='ltr'><strong>s</strong></span> <span class='ocrx_word' id='word_1_90' title='bbox 316 1306 338 1365; x_wconf 95' lang='lat' dir='ltr'><strong>l.</strong></span> <span class='ocrx_word' id='word_1_91' title='bbox 362 1308 460 1365; x_wconf 79' lang='lat' dir='ltr'><strong>Farreo</strong></span> <span class='ocrx_word' id='word_1_92' title='bbox 478 1308 624 1365; x_wconf 86' lang='lat' dir='ltr'><strong>’conuenit</strong></span> <span class='ocrx_word' id='word_1_93' title='bbox 646 1302 746 1365; x_wconf 83' lang='lat' dir='ltr'><strong>usor¹⁰</strong></span> <span class='ocrx_word' id='word_1_94' title='bbox 762 1310 790 1365; x_wconf 88' lang='lat' dir='ltr'><strong>in</strong></span> <span class='ocrx_word' id='word_1_95' title='bbox 806 1324 918 1379; x_wconf 23' lang='lat' dir='ltr'><strong>manum,</strong></span> <span class='ocrx_word' id='word_1_96' title='bbox 929 1306 1012 1364; x_wconf 83' lang='lat' dir='ltr'><strong>certis</strong></span> <span class='ocrx_word' id='word_1_97' title='bbox 1034 1322 1095 1363; x_wconf 86' lang='lat' dir='ltr'><strong>uer-</strong></span> 
     </span>
     <span class='ocr_line' id='line_1_13' title="bbox 136 1390 1095 1465; baseline 0 -18"><span class='ocrx_word' id='word_1_98' title='bbox 136 1390 225 1447; x_wconf 86' lang='lat' dir='ltr'><strong>biset</strong></span> <span class='ocrx_word' id='word_1_99' title='bbox 245 1391 357 1448; x_wconf 85' lang='lat' dir='ltr'><strong>testibus</strong></span> <span class='ocrx_word' id='word_1_100' title='bbox 372 1410 393 1449; x_wconf 84' lang='lat' dir='ltr'><strong>x</strong></span> <span class='ocrx_word' id='word_1_101' title='bbox 408 1392 596 1465; x_wconf 89' lang='lat' dir='ltr'><strong>praesentibus</strong></span> <span class='ocrx_word' id='word_1_102' title='bbox 613 1401 641 1449; x_wconf 91' lang='lat' dir='ltr'><strong>et</strong></span> <span class='ocrx_word' id='word_1_103' title='bbox 657 1392 782 1448; x_wconf 86' lang='lat' dir='ltr'><strong>sollemni</strong></span> <span class='ocrx_word' id='word_1_104' title='bbox 803 1390 934 1449; x_wconf 82' lang='lat' dir='ltr'><strong>sacrificio</strong></span> <span class='ocrx_word' id='word_1_105' title='bbox 955 1392 1045 1464; x_wconf 85' lang='lat' dir='ltr'><strong>laeto,</strong></span> <span class='ocrx_word' id='word_1_106' title='bbox 1065 1394 1095 1448; x_wconf 89' lang='lat' dir='ltr'><strong>in</strong></span> 
     </span>
     <span class='ocr_line' id='line_1_14' title="bbox 138 1476 796 1551; baseline 0.005 -20"><span class='ocrx_word' id='word_1_107' title='bbox 138 1492 194 1551; x_wconf 88' lang='lat' dir='ltr'><strong>quo</strong></span> <span class='ocrx_word' id='word_1_108' title='bbox 209 1480 286 1549; x_wconf 88' lang='lat' dir='ltr'><strong>panis</strong></span> <span class='ocrx_word' id='word_1_109' title='bbox 302 1492 412 1549; x_wconf 87' lang='lat' dir='ltr'><strong>quoque</strong></span> <span class='ocrx_word' id='word_1_110' title='bbox 427 1477 532 1534; x_wconf 85' lang='lat' dir='ltr'><strong>iarreus</strong></span> <span class='ocrx_word' id='word_1_111' title='bbox 548 1476 700 1534; x_wconf 87' lang='lat' dir='ltr'><strong>adhibetur.</strong></span> <span class='ocrx_word' id='word_1_112' title='bbox 715 1493 734 1534; x_wconf 73' lang='lat' dir='ltr'><strong>e</strong></span> <span class='ocrx_word' id='word_1_113' title='bbox 747 1495 796 1534; x_wconf 73' lang='lat' dir='ltr'><strong>st</strong></span> 
     </span>
    </p>
   </div>
   <div class='ocr_carea' id='block_1_5' title="bbox 134 1672 1153 3508">
    <p class='ocr_par' dir='ltr' id='par_1_5' title="bbox 134 1672 1153 3508">
     <span class='ocr_line' id='line_1_15' title="bbox 212 1672 1096 1746; baseline 0.005 -19"><span class='ocrx_word' id='word_1_114' title='bbox 212 1676 232 1744; x_wconf 80' lang='grc' dir='ltr'><strong>Ι)</strong></span> <span class='ocrx_word' id='word_1_115' title='bbox 247 1680 342 1743; x_wconf 86' lang='lat' dir='ltr'><strong>quidem</strong></span> <span class='ocrx_word' id='word_1_116' title='bbox 357 1679 415 1729; x_wconf 81' lang='lat' dir='ltr'><strong>Vnt.</strong></span> <span class='ocrx_word' id='word_1_117' title='bbox 430 1681 553 1743; x_wconf 86' lang='lat' dir='ltr'><strong>quondum</strong></span> <span class='ocrx_word' id='word_1_118' title='bbox 563 1681 602 1729; x_wconf 87' lang='lat' dir='ltr'><strong>ed.</strong></span> <span class='ocrx_word' id='word_1_119' title='bbox 613 1679 661 1744; x_wconf 80' lang='lat' dir='ltr'><strong>Bp.</strong></span> <span class='ocrx_word' id='word_1_120' title='bbox 680 1679 812 1744; x_wconf 77' lang='lat' dir='ltr'><strong>Scriptum</strong></span> <span class='ocrx_word' id='word_1_121' title='bbox 821 1695 838 1729; x_wconf 87' lang='lat' dir='ltr'><strong>a</strong></span> <span class='ocrx_word' id='word_1_122' title='bbox 847 1681 935 1744; x_wconf 85' lang='lat' dir='ltr'><strong>prino</strong></span> <span class='ocrx_word' id='word_1_123' title='bbox 945 1688 1010 1745; x_wconf 81' lang='lat' dir='ltr'><strong>poto</strong></span> <span class='ocrx_word' id='word_1_124' title='bbox 1021 1672 1096 1746; x_wconf 72' lang='lat' dir='ltr'><strong>dolien</strong></span> 
     </span>
     <span class='ocr_line' id='line_1_16' title="bbox 137 1751 1097 1816; baseline 0.002 -17"><span class='ocrx_word' id='word_1_125' title='bbox 137 1751 209 1808; x_wconf 86' lang='lat' dir='ltr'><strong>item,</strong></span> <span class='ocrx_word' id='word_1_126' title='bbox 230 1751 409 1814; x_wconf 81' lang='lat' dir='ltr'><strong>indefectam</strong></span> <span class='ocrx_word' id='word_1_127' title='bbox 431 1751 501 1814; x_wconf 85' lang='lat' dir='ltr'><strong>qdem</strong></span> <span class='ocrx_word' id='word_1_128' title='bbox 525 1752 594 1809; x_wconf 91' lang='lat' dir='ltr'><strong>item,</strong></span> <span class='ocrx_word' id='word_1_129' title='bbox 621 1752 730 1815; x_wconf 84' lang='lat' dir='ltr'><strong>denique</strong></span> <span class='ocrx_word' id='word_1_130' title='bbox 752 1753 908 1815; x_wconf 63' lang='lat' dir='ltr'><strong>insequente</strong></span> <span class='ocrx_word' id='word_1_131' title='bbox 931 1755 1097 1816; x_wconf 81' lang='lat' dir='ltr'><strong>corruptelae</strong></span> 
     </span>
     <span class='ocr_line' id='line_1_17' title="bbox 138 1818 1096 1888; baseline 0.002 -19"><span class='ocrx_word' id='word_1_132' title='bbox 138 1818 201 1886; x_wconf 88' lang='lat' dir='ltr'><strong>(not.</strong></span> <span class='ocrx_word' id='word_1_133' title='bbox 216 1818 248 1885; x_wconf 81' lang='lat' dir='ltr'><strong>s.)</strong></span> <span class='ocrx_word' id='word_1_134' title='bbox 272 1824 374 1871; x_wconf 89' lang='lat' dir='ltr'><strong>ratione</strong></span> <span class='ocrx_word' id='word_1_135' title='bbox 393 1821 481 1870; x_wconf 78' lang='lat' dir='ltr'><strong>dubita</strong></span> <span class='ocrx_word' id='word_1_136' title='bbox 504 1822 641 1886; x_wconf 81' lang='lat' dir='ltr'><strong>conflatum</strong></span> <span class='ocrx_word' id='word_1_137' title='bbox 663 1823 767 1885; x_wconf 86' lang='lat' dir='ltr'><strong>quidem.</strong></span> <span class='ocrx_word' id='word_1_138' title='bbox 833 1818 854 1888; x_wconf 76' lang='lat'><strong>²)</strong></span> <span class='ocrx_word' id='word_1_139' title='bbox 875 1829 916 1869; x_wconf 79' lang='lat' dir='ltr'><strong>att</strong></span> <span class='ocrx_word' id='word_1_140' title='bbox 939 1822 998 1872; x_wconf 87' lang='lat' dir='ltr'><strong>Vat.</strong></span> <span class='ocrx_word' id='word_1_141' title='bbox 1016 1830 1096 1871; x_wconf 87' lang='lat' dir='ltr'><strong>antem</strong></span> 
     </span>
     <span class='ocr_line' id='line_1_18' title="bbox 137 1890 1095 1957; baseline 0.001 -16"><span class='ocrx_word' id='word_1_142' title='bbox 137 1892 177 1941; x_wconf 86' lang='lat' dir='ltr'><strong>ed.</strong></span> <span class='ocrx_word' id='word_1_143' title='bbox 192 1890 241 1956; x_wconf 79' lang='lat' dir='ltr'><strong>Bp.</strong></span> <span class='ocrx_word' id='word_1_144' title='bbox 268 1890 322 1940; x_wconf 85' lang='lat' dir='ltr'><strong>Sed</strong></span> <span class='ocrx_word' id='word_1_145' title='bbox 334 1908 391 1941; x_wconf 84' lang='lat' dir='ltr'><strong>cart</strong></span> <span class='ocrx_word' id='word_1_146' title='bbox 404 1893 529 1955; x_wconf 84' lang='lat' dir='ltr'><strong>scriptum</strong></span> <span class='ocrx_word' id='word_1_147' title='bbox 543 1899 609 1941; x_wconf 88' lang='lat' dir='ltr'><strong>esset</strong></span> <span class='ocrx_word' id='word_1_148' title='bbox 622 1898 651 1941; x_wconf 73' lang='lat' dir='ltr'><strong>io</strong></span> <span class='ocrx_word' id='word_1_149' title='bbox 665 1890 710 1957; x_wconf 66' lang='grc' dir='ltr'><strong>(τε</strong></span> <span class='ocrx_word' id='word_1_150' title='bbox 724 1907 796 1941; x_wconf 83' lang='lat' dir='ltr'><strong>eausa</strong></span> <span class='ocrx_word' id='word_1_151' title='bbox 811 1892 930 1956; x_wconf 82' lang='lat' dir='ltr'><strong>cognita),</strong></span> <span class='ocrx_word' id='word_1_152' title='bbox 944 1893 1014 1955; x_wconf 86' lang='lat' dir='ltr'><strong>quod</strong></span> <span class='ocrx_word' id='word_1_153' title='bbox 1026 1893 1059 1941; x_wconf 82' lang='lat' dir='ltr'><strong>ab</strong></span> <span class='ocrx_word' id='word_1_154' title='bbox 1072 1901 1095 1951; x_wconf 76' lang='lat' dir='ltr'><strong>t,</strong></span> 
     </span>
     <span class='ocr_line' id='line_1_19' title="bbox 138 1960 1095 2025; baseline 0 -14"><span class='ocrx_word' id='word_1_155' title='bbox 138 1968 166 2011; x_wconf 88' lang='lat' dir='ltr'><strong>ut</strong></span> <span class='ocrx_word' id='word_1_156' title='bbox 180 1963 208 2010; x_wconf 85' lang='lat' dir='ltr'><strong>t‘u</strong></span> <span class='ocrx_word' id='word_1_157' title='bbox 229 1960 286 2011; x_wconf 91' lang='lat' dir='ltr'><strong>Vot.</strong></span> <span class='ocrx_word' id='word_1_158' title='bbox 306 1963 450 2025; x_wconf 87' lang='lat' dir='ltr'><strong>reperitur,</strong></span> <span class='ocrx_word' id='word_1_159' title='bbox 470 1964 517 2011; x_wconf 78' lang='lat' dir='ltr'><strong>oin</strong></span> <span class='ocrx_word' id='word_1_160' title='bbox 534 1963 651 2011; x_wconf 86' lang='lat' dir='ltr'><strong>discerni</strong></span> <span class='ocrx_word' id='word_1_161' title='bbox 664 1969 762 2025; x_wconf 87' lang='lat' dir='ltr'><strong>potest,</strong></span> <span class='ocrx_word' id='word_1_162' title='bbox 779 1964 895 2024; x_wconf 78' lang='lat' dir='ltr'><strong>scriptor</strong></span> <span class='ocrx_word' id='word_1_163' title='bbox 913 1965 969 2011; x_wconf 88' lang='lat' dir='ltr'><strong>eius</strong></span> <span class='ocrx_word' id='word_1_164' title='bbox 987 1963 1095 2022; x_wconf 86' lang='lat' dir='ltr'><strong>codicis,</strong></span> 
     </span>
     <span class='ocr_line' id='line_1_20' title="bbox 138 2030 1095 2095; baseline 0.001 -14"><span class='ocrx_word' id='word_1_165' title='bbox 138 2033 206 2081; x_wconf 86' lang='lat' dir='ltr'><strong>unde</strong></span> <span class='ocrx_word' id='word_1_166' title='bbox 222 2030 281 2081; x_wconf 87' lang='lat' dir='ltr'><strong>Vut.</strong></span> <span class='ocrx_word' id='word_1_167' title='bbox 296 2040 334 2082; x_wconf 84' lang='lat' dir='ltr'><strong>est</strong></span> <span class='ocrx_word' id='word_1_168' title='bbox 347 2034 530 2095; x_wconf 84' lang='lat' dir='ltr'><strong>transcriptus,</strong></span> <span class='ocrx_word' id='word_1_169' title='bbox 545 2032 574 2081; x_wconf 89' lang='lat' dir='ltr'><strong>id</strong></span> <span class='ocrx_word' id='word_1_170' title='bbox 587 2034 713 2095; x_wconf 70' lang='lat' dir='ltr'><strong>replicuit</strong></span> <span class='ocrx_word' id='word_1_171' title='bbox 727 2040 775 2091; x_wconf 88' lang='lat' dir='ltr'><strong>aut,</strong></span> <span class='ocrx_word' id='word_1_172' title='bbox 790 2034 926 2095; x_wconf 84' lang='lat' dir='ltr'><strong>insequens</strong></span> <span class='ocrx_word' id='word_1_173' title='bbox 940 2048 1000 2082; x_wconf 87' lang='lat' dir='ltr'><strong>vero</strong></span> <span class='ocrx_word' id='word_1_174' title='bbox 1014 2032 1095 2082; x_wconf 81' lang='lat' dir='ltr'><strong>libra·</strong></span> 
     </span>
     <span class='ocr_line' id='line_1_21' title="bbox 137 2101 1097 2167; baseline 0.001 -16"><span class='ocrx_word' id='word_1_175' title='bbox 137 2104 196 2152; x_wconf 84' lang='lat' dir='ltr'><strong>rius</strong></span> <span class='ocrx_word' id='word_1_176' title='bbox 215 2103 276 2151; x_wconf 89' lang='lat' dir='ltr'><strong>inde</strong></span> <span class='ocrx_word' id='word_1_177' title='bbox 294 2104 353 2152; x_wconf 87' lang='lat' dir='ltr'><strong>itent</strong></span> <span class='ocrx_word' id='word_1_178' title='bbox 372 2111 400 2152; x_wconf 87' lang='lat' dir='ltr'><strong>ut</strong></span> <span class='ocrx_word' id='word_1_179' title='bbox 414 2114 452 2165; x_wconf 76' lang='lat' dir='ltr'><strong>te,</strong></span> <span class='ocrx_word' id='word_1_180' title='bbox 466 2114 500 2154; x_wconf 84' lang='lat' dir='ltr'><strong>st.</strong></span> <span class='ocrx_word' id='word_1_181' title='bbox 518 2103 584 2165; x_wconf 79' lang='lat' dir='ltr'><strong>fecit</strong></span> <span class='ocrx_word' id='word_1_182' title='bbox 602 2110 642 2152; x_wconf 78' lang='lat' dir='ltr'><strong>ant</strong></span> <span class='ocrx_word' id='word_1_183' title='bbox 660 2102 706 2165; x_wconf 88' lang='lat'><strong>(=</strong></span> <span class='ocrx_word' id='word_1_184' title='bbox 720 2101 824 2167; x_wconf 86' lang='lat' dir='ltr'><strong>antem),</strong></span> <span class='ocrx_word' id='word_1_185' title='bbox 842 2110 872 2151; x_wconf 88' lang='lat' dir='ltr'><strong>ut</strong></span> <span class='ocrx_word' id='word_1_186' title='bbox 888 2104 924 2151; x_wconf 90' lang='lat' dir='ltr'><strong>ad</strong></span> <span class='ocrx_word' id='word_1_187' title='bbox 941 2103 1097 2153; x_wconf 82' lang='lat' dir='ltr'><strong>antecedens</strong></span> 
     </span>
     <span class='ocr_line' id='line_1_22' title="bbox 138 2172 1098 2238; baseline 0.001 -15"><span class='ocrx_word' id='word_1_188' title='bbox 138 2173 236 2238; x_wconf 85' lang='lat' dir='ltr'><strong>quidem</strong></span> <span class='ocrx_word' id='word_1_189' title='bbox 249 2174 411 2236; x_wconf 76' lang='lat' dir='ltr'><strong>referretur.</strong></span> <span class='ocrx_word' id='word_1_190' title='bbox 430 2173 545 2223; x_wconf 77' lang='lat' dir='ltr'><strong>Ceterum</strong></span> <span class='ocrx_word' id='word_1_191' title='bbox 559 2181 677 2237; x_wconf 82' lang='lat' dir='ltr'><strong>apparet,</strong></span> <span class='ocrx_word' id='word_1_192' title='bbox 692 2172 826 2237; x_wconf 82' lang='lat' dir='ltr'><strong>Ulpianum</strong></span> <span class='ocrx_word' id='word_1_193' title='bbox 840 2174 993 2236; x_wconf 83' lang='lat' dir='ltr'><strong>sinpliciter</strong></span> <span class='ocrx_word' id='word_1_194' title='bbox 1006 2174 1098 2224; x_wconf 83' lang='lat' dir='ltr'><strong>dicere</strong></span> 
     </span>
     <span class='ocr_line' id='line_1_23' title="bbox 138 2244 1096 2308; baseline -0.001 -13"><span class='ocrx_word' id='word_1_195' title='bbox 138 2258 190 2295; x_wconf 89' lang='lat' dir='ltr'><strong>non</strong></span> <span class='ocrx_word' id='word_1_196' title='bbox 200 2246 411 2307; x_wconf 63' lang='lat' dir='ltr'><strong>potuissemus</strong></span> <span class='ocrx_word' id='word_1_197' title='bbox 425 2259 459 2293; x_wconf 75' lang='lat' dir='ltr'><strong>erc</strong></span> <span class='ocrx_word' id='word_1_198' title='bbox 473 2251 553 2295; x_wconf 88' lang='lat' dir='ltr'><strong>const.</strong></span> <span class='ocrx_word' id='word_1_199' title='bbox 568 2245 600 2293; x_wconf 83' lang='grc' dir='ltr'><strong>Ι).</strong></span> <span class='ocrx_word' id='word_1_200' title='bbox 617 2245 663 2295; x_wconf 89' lang='lat' dir='ltr'><strong>Pii</strong></span> <span class='ocrx_word' id='word_1_201' title='bbox 672 2246 789 2307; x_wconf 85' lang='lat' dir='ltr'><strong>pupiltos</strong></span> <span class='ocrx_word' id='word_1_202' title='bbox 802 2246 928 2308; x_wconf 78' lang='lat' dir='ltr'><strong>arropari</strong></span> <span class='ocrx_word' id='word_1_203' title='bbox 942 2258 1027 2307; x_wconf 87' lang='lat' dir='ltr'><strong>posse.</strong></span> <span class='ocrx_word' id='word_1_204' title='bbox 1055 2244 1096 2294; x_wconf 81' lang='lat' dir='ltr'><strong>De</strong></span> 
     </span>
     <span class='ocr_line' id='line_1_24' title="bbox 138 2312 1095 2381; baseline 0 -18"><span class='ocrx_word' id='word_1_205' title='bbox 138 2329 168 2363; x_wconf 90' lang='lat' dir='ltr'><strong>re</strong></span> <span class='ocrx_word' id='word_1_206' title='bbox 183 2316 218 2378; x_wconf 85' lang='lat' dir='ltr'><strong>cf.</strong></span> <span class='ocrx_word' id='word_1_207' title='bbox 233 2316 257 2376; x_wconf 73' lang='lat'><strong>§-</strong></span> <span class='ocrx_word' id='word_1_208' title='bbox 272 2326 292 2366; x_wconf 79' lang='lat' dir='ltr'><strong>s.</strong></span> <span class='ocrx_word' id='word_1_209' title='bbox 314 2314 383 2364; x_wconf 80' lang='lat' dir='ltr'><strong>Lde</strong></span> <span class='ocrx_word' id='word_1_210' title='bbox 397 2316 484 2377; x_wconf 88' lang='lat' dir='ltr'><strong>adopt.</strong></span> <span class='ocrx_word' id='word_1_211' title='bbox 504 2314 540 2381; x_wconf 86' lang='lat'><strong>(1,</strong></span> <span class='ocrx_word' id='word_1_212' title='bbox 559 2315 603 2380; x_wconf 87' lang='lat'><strong>11).</strong></span> <span class='ocrx_word' id='word_1_213' title='bbox 678 2312 744 2381; x_wconf 76' lang='lat' dir='ltr'><strong>⁸)tti</strong></span> <span class='ocrx_word' id='word_1_214' title='bbox 763 2316 803 2379; x_wconf 89' lang='lat' dir='ltr'><strong>qui</strong></span> <span class='ocrx_word' id='word_1_215' title='bbox 823 2313 881 2364; x_wconf 86' lang='lat' dir='ltr'><strong>Vct.</strong></span> <span class='ocrx_word' id='word_1_216' title='bbox 901 2315 960 2363; x_wconf 88' lang='lat' dir='ltr'><strong>edd.</strong></span> <span class='ocrx_word' id='word_1_217' title='bbox 985 2314 1023 2378; x_wconf 80' lang='lat' dir='ltr'><strong>Cf.</strong></span> <span class='ocrx_word' id='word_1_218' title='bbox 1040 2314 1095 2364; x_wconf 87' lang='lat' dir='ltr'><strong>FtI.</strong></span> 
     </span>
     <span class='ocr_line' id='line_1_25' title="bbox 134 2384 1096 2450; baseline -0.001 -14"><span class='ocrx_word' id='word_1_219' title='bbox 134 2401 163 2449; x_wconf 88' lang='lat' dir='ltr'><strong>p.</strong></span> <span class='ocrx_word' id='word_1_220' title='bbox 178 2396 225 2437; x_wconf 79' lang='grc'><strong>375.</strong></span> <span class='ocrx_word' id='word_1_221' title='bbox 241 2393 265 2434; x_wconf 90' lang='lat' dir='ltr'><strong>et</strong></span> <span class='ocrx_word' id='word_1_222' title='bbox 279 2384 431 2435; x_wconf 84' lang='lat' dir='ltr'><strong>Kdmrnerer</strong></span> <span class='ocrx_word' id='word_1_223' title='bbox 444 2384 568 2450; x_wconf 79' lang='lat' dir='ltr'><strong>Beitrdpe</strong></span> <span class='ocrx_word' id='word_1_224' title='bbox 581 2401 630 2435; x_wconf 85' lang='lat' dir='ltr'><strong>zur</strong></span> <span class='ocrx_word' id='word_1_225' title='bbox 646 2385 734 2435; x_wconf 78' lang='lat' dir='ltr'><strong>Gessit.</strong></span> <span class='ocrx_word' id='word_1_226' title='bbox 751 2386 775 2435; x_wconf 90' lang='lat' dir='ltr'><strong>d.</strong></span> <span class='ocrx_word' id='word_1_227' title='bbox 792 2384 823 2434; x_wconf 85' lang='lat' dir='ltr'><strong>R.</strong></span> <span class='ocrx_word' id='word_1_228' title='bbox 839 2384 871 2433; x_wconf 86' lang='lat' dir='ltr'><strong>R.</strong></span> <span class='ocrx_word' id='word_1_229' title='bbox 885 2401 914 2449; x_wconf 89' lang='lat' dir='ltr'><strong>p.</strong></span> <span class='ocrx_word' id='word_1_230' title='bbox 929 2397 963 2437; x_wconf 76' lang='lat' dir='ltr'><strong>ts.</strong></span> <span class='ocrx_word' id='word_1_231' title='bbox 983 2386 1027 2434; x_wconf 80' lang='lat' dir='ltr'><strong>Ad</strong></span> <span class='ocrx_word' id='word_1_232' title='bbox 1040 2387 1064 2448; x_wconf 62' lang='grc' dir='ltr'><strong>ᾗ.</strong></span> <span class='ocrx_word' id='word_1_233' title='bbox 1074 2398 1096 2438; x_wconf 74' lang='lat' dir='ltr'><strong>a.</strong></span> 
     </span>
     <span class='ocr_line' id='line_1_26' title="bbox 138 2452 1153 2522; baseline 0.001 -17"><span class='ocrx_word' id='word_1_234' title='bbox 138 2456 174 2519; x_wconf 82' lang='lat' dir='ltr'><strong>cs.</strong></span> <span class='ocrx_word' id='word_1_235' title='bbox 192 2454 409 2514; x_wconf 77' lang='lat' dir='ltr'><strong>itai.1,1oe.1oa.</strong></span> <span class='ocrx_word' id='word_1_236' title='bbox 429 2456 559 2507; x_wconf 68' lang='lat' dir='ltr'><strong>Leon.</strong></span> <span class='ocrx_word' id='word_1_237' title='bbox 579 2458 639 2518; x_wconf 73' lang='lat' dir='ltr'><strong>§.n</strong></span> <span class='ocrx_word' id='word_1_238' title='bbox 663 2453 937 2520; x_wconf 78' lang='lat' dir='ltr'><strong>D.aeodopt.(1,r).</strong></span> <span class='ocrx_word' id='word_1_239' title='bbox 1002 2452 1025 2522; x_wconf 85' lang='lat'><strong>⁴)</strong></span> <span class='ocrx_word' id='word_1_240' title='bbox 1039 2470 1097 2521; x_wconf 89' lang='lat' dir='ltr'><strong>pos·</strong></span> <span class='ocrx_word' id='word_1_241' title='bbox 1151 2485 1153 2487; x_wconf 90' lang='lat'><em>-</em></span> 
     </span>
     <span class='ocr_line' id='line_1_27' title="bbox 139 2525 1097 2592; baseline 0.003 -18"><span class='ocrx_word' id='word_1_242' title='bbox 139 2533 195 2575; x_wconf 88' lang='lat' dir='ltr'><strong>sunt</strong></span> <span class='ocrx_word' id='word_1_243' title='bbox 209 2526 267 2575; x_wconf 88' lang='lat' dir='ltr'><strong>Vut.</strong></span> <span class='ocrx_word' id='word_1_244' title='bbox 283 2526 341 2575; x_wconf 89' lang='lat' dir='ltr'><strong>edd.</strong></span> <span class='ocrx_word' id='word_1_245' title='bbox 358 2525 422 2592; x_wconf 85' lang='lat' dir='ltr'><strong>(Sed</strong></span> <span class='ocrx_word' id='word_1_246' title='bbox 435 2526 482 2577; x_wconf 82' lang='lat' dir='ltr'><strong>ltoo</strong></span> <span class='ocrx_word' id='word_1_247' title='bbox 497 2540 531 2575; x_wconf 76' lang='lat' dir='ltr'><strong>en</strong></span> <span class='ocrx_word' id='word_1_248' title='bbox 540 2534 620 2591; x_wconf 89' lang='lat' dir='ltr'><strong>potest</strong></span> <span class='ocrx_word' id='word_1_249' title='bbox 631 2527 731 2589; x_wconf 86' lang='lat' dir='ltr'><strong>factum</strong></span> <span class='ocrx_word' id='word_1_250' title='bbox 741 2542 777 2575; x_wconf 83' lang='lat' dir='ltr'><strong>ene</strong></span> <span class='ocrx_word' id='word_1_251' title='bbox 785 2527 936 2590; x_wconf 86' lang='lat' dir='ltr'><strong>prioreilia</strong></span> <span class='ocrx_word' id='word_1_252' title='bbox 946 2530 1097 2591; x_wconf 87' lang='lat' dir='ltr'><strong>corruptela</strong></span> 
     </span>
     <span class='ocr_line' id='line_1_28' title="bbox 138 2594 1095 2662; baseline 0.003 -17"><span class='ocrx_word' id='word_1_253' title='bbox 138 2596 169 2645; x_wconf 88' lang='lat' dir='ltr'><strong>lli</strong></span> <span class='ocrx_word' id='word_1_254' title='bbox 183 2595 242 2660; x_wconf 89' lang='lat' dir='ltr'><strong>qui).</strong></span> <span class='ocrx_word' id='word_1_255' title='bbox 272 2596 311 2659; x_wconf 80' lang='lat' dir='ltr'><strong>Of.</strong></span> <span class='ocrx_word' id='word_1_256' title='bbox 327 2595 430 2646; x_wconf 80' lang='lat' dir='ltr'><strong>Roeder</strong></span> <span class='ocrx_word' id='word_1_257' title='bbox 440 2612 468 2660; x_wconf 92' lang='lat' dir='ltr'><strong>p.</strong></span> <span class='ocrx_word' id='word_1_258' title='bbox 482 2608 517 2649; x_wconf 79' lang='lat'><strong>45.</strong></span> <span class='ocrx_word' id='word_1_259' title='bbox 582 2595 603 2662; x_wconf 83' lang='lat'><strong>⁶)</strong></span> <span class='ocrx_word' id='word_1_260' title='bbox 623 2597 681 2647; x_wconf 85' lang='lat' dir='ltr'><strong>Vnt.</strong></span> <span class='ocrx_word' id='word_1_261' title='bbox 701 2604 805 2660; x_wconf 79' lang='lat' dir='ltr'><strong>possent</strong></span> <span class='ocrx_word' id='word_1_262' title='bbox 822 2597 881 2647; x_wconf 87' lang='lat' dir='ltr'><strong>edd.</strong></span> <span class='ocrx_word' id='word_1_263' title='bbox 946 2594 968 2661; x_wconf 80' lang='lat'><strong>⁸)</strong></span> <span class='ocrx_word' id='word_1_264' title='bbox 983 2597 1021 2661; x_wconf 81' lang='lat' dir='ltr'><strong>Of.</strong></span> <span class='ocrx_word' id='word_1_265' title='bbox 1036 2600 1059 2661; x_wconf 68' lang='grc' dir='ltr'><strong>ἕ.</strong></span> <span class='ocrx_word' id='word_1_266' title='bbox 1074 2609 1095 2651; x_wconf 82' lang='lat' dir='ltr'><strong>t.</strong></span> 
     </span>
     <span class='ocr_line' id='line_1_29' title="bbox 137 2664 1105 2733; baseline 0.002 -16"><span class='ocrx_word' id='word_1_267' title='bbox 137 2666 360 2733; x_wconf 79' lang='lat' dir='ltr'><strong>Ldeadopt.(1,</strong></span> <span class='ocrx_word' id='word_1_268' title='bbox 379 2666 424 2732; x_wconf 90' lang='lat'><strong>11).</strong></span> <span class='ocrx_word' id='word_1_269' title='bbox 491 2664 511 2733; x_wconf 87' lang='lat'><strong>⁷)</strong></span> <span class='ocrx_word' id='word_1_270' title='bbox 531 2666 610 2717; x_wconf 86' lang='lat' dir='ltr'><strong>Hanc</strong></span> <span class='ocrx_word' id='word_1_271' title='bbox 628 2670 780 2718; x_wconf 81' lang='lat' dir='ltr'><strong>sententian</strong></span> <span class='ocrx_word' id='word_1_272' title='bbox 803 2668 863 2717; x_wconf 85' lang='lat' dir='ltr'><strong>Vat.</strong></span> <span class='ocrx_word' id='word_1_273' title='bbox 881 2676 906 2718; x_wconf 89' lang='lat' dir='ltr'><strong>et</strong></span> <span class='ocrx_word' id='word_1_274' title='bbox 923 2668 981 2718; x_wconf 89' lang='lat' dir='ltr'><strong>edd.</strong></span> <span class='ocrx_word' id='word_1_275' title='bbox 1000 2670 1028 2719; x_wconf 89' lang='lat' dir='ltr'><strong>in</strong></span> <span class='ocrx_word' id='word_1_276' title='bbox 1043 2670 1105 2733; x_wconf 27' lang='lat' dir='ltr'><strong>fine·</strong></span> 
     </span>
     <span class='ocr_line' id='line_1_30' title="bbox 138 2735 1098 2804; baseline 0.004 -18"><span class='ocrx_word' id='word_1_277' title='bbox 138 2738 209 2787; x_wconf 87' lang='lat' dir='ltr'><strong>tituli</strong></span> <span class='ocrx_word' id='word_1_278' title='bbox 224 2736 259 2804; x_wconf 69' lang='grc' dir='ltr'><strong>(ξ.</strong></span> <span class='ocrx_word' id='word_1_279' title='bbox 274 2735 320 2803; x_wconf 71' lang='lat'><strong>8⁸.)</strong></span> <span class='ocrx_word' id='word_1_280' title='bbox 334 2740 429 2787; x_wconf 89' lang='lat' dir='ltr'><strong>locant.</strong></span> <span class='ocrx_word' id='word_1_281' title='bbox 456 2735 510 2787; x_wconf 86' lang='lat' dir='ltr'><strong>Sed</strong></span> <span class='ocrx_word' id='word_1_282' title='bbox 522 2738 571 2788; x_wconf 77' lang='lat' dir='ltr'><strong>doc</strong></span> <span class='ocrx_word' id='word_1_283' title='bbox 585 2741 641 2788; x_wconf 89' lang='lat' dir='ltr'><strong>loco</strong></span> <span class='ocrx_word' id='word_1_284' title='bbox 656 2754 711 2788; x_wconf 87' lang='lat' dir='ltr'><strong>eam</strong></span> <span class='ocrx_word' id='word_1_285' title='bbox 725 2739 856 2789; x_wconf 80' lang='lat' dir='ltr'><strong>excidisse</strong></span> <span class='ocrx_word' id='word_1_286' title='bbox 870 2740 944 2789; x_wconf 88' lang='lat' dir='ltr'><strong>etad</strong></span> <span class='ocrx_word' id='word_1_287' title='bbox 957 2742 1098 2804; x_wconf 81' lang='lat' dir='ltr'><strong>marpinent</strong></span> 
     </span>
     <span class='ocr_line' id='line_1_31' title="bbox 137 2810 1098 2873; baseline 0.004 -17"><span class='ocrx_word' id='word_1_288' title='bbox 137 2810 292 2872; x_wconf 82' lang='lat' dir='ltr'><strong>suppletam,</strong></span> <span class='ocrx_word' id='word_1_289' title='bbox 312 2824 368 2857; x_wconf 87' lang='lat' dir='ltr'><strong>eum</strong></span> <span class='ocrx_word' id='word_1_290' title='bbox 387 2810 545 2871; x_wconf 84' lang='lat' dir='ltr'><strong>nesciretur,</strong></span> <span class='ocrx_word' id='word_1_291' title='bbox 564 2824 613 2873; x_wconf 83' lang='lat' dir='ltr'><strong>quo</strong></span> <span class='ocrx_word' id='word_1_292' title='bbox 628 2810 786 2871; x_wconf 80' lang='lat' dir='ltr'><strong>pertineret,</strong></span> <span class='ocrx_word' id='word_1_293' title='bbox 804 2810 840 2858; x_wconf 88' lang='lat' dir='ltr'><strong>ad</strong></span> <span class='ocrx_word' id='word_1_294' title='bbox 860 2811 957 2859; x_wconf 86' lang='lat' dir='ltr'><strong>calcem</strong></span> <span class='ocrx_word' id='word_1_295' title='bbox 975 2812 1098 2861; x_wconf 83' lang='lat' dir='ltr'><strong>reiectant</strong></span> 
     </span>
     <span class='ocr_line' id='line_1_32' title="bbox 137 2880 1098 2943; baseline 0.002 -14"><span class='ocrx_word' id='word_1_296' title='bbox 137 2894 206 2938; x_wconf 87' lang='lat' dir='ltr'><strong>esse,</strong></span> <span class='ocrx_word' id='word_1_297' title='bbox 229 2885 299 2928; x_wconf 88' lang='lat' dir='ltr'><strong>certo</strong></span> <span class='ocrx_word' id='word_1_298' title='bbox 319 2886 468 2943; x_wconf 64' lang='lat' dir='ltr'><strong>argumento</strong></span> <span class='ocrx_word' id='word_1_299' title='bbox 488 2886 549 2928; x_wconf 87' lang='lat' dir='ltr'><strong>sunt</strong></span> <span class='ocrx_word' id='word_1_300' title='bbox 566 2894 621 2930; x_wconf 87' lang='lat' dir='ltr'><strong>voc.</strong></span> <span class='ocrx_word' id='word_1_301' title='bbox 640 2894 698 2928; x_wconf 89' lang='lat' dir='ltr'><strong>nero</strong></span> <span class='ocrx_word' id='word_1_302' title='bbox 717 2888 742 2929; x_wconf 90' lang='lat' dir='ltr'><strong>et</strong></span> <span class='ocrx_word' id='word_1_303' title='bbox 759 2882 944 2930; x_wconf 88' lang='lat' dir='ltr'><strong>sententiarum</strong></span> <span class='ocrx_word' id='word_1_304' title='bbox 962 2880 1027 2929; x_wconf 88' lang='lat' dir='ltr'><strong>ordo</strong></span> <span class='ocrx_word' id='word_1_305' title='bbox 1046 2888 1098 2931; x_wconf 84' lang='lat' dir='ltr'><strong>tarn</strong></span> 
     </span>
     <span class='ocr_line' id='line_1_33' title="bbox 138 2948 1097 3015; baseline 0.003 -17"><span class='ocrx_word' id='word_1_306' title='bbox 138 2950 270 2999; x_wconf 78' lang='lat' dir='ltr'><strong>naturalis</strong></span> <span class='ocrx_word' id='word_1_307' title='bbox 285 2964 362 3013; x_wconf 79' lang='lat' dir='ltr'><strong>quarn</strong></span> <span class='ocrx_word' id='word_1_308' title='bbox 376 2949 492 2999; x_wconf 68' lang='lat' dir='ltr'><strong>Geinum</strong></span> <span class='ocrx_word' id='word_1_309' title='bbox 505 2948 538 3015; x_wconf 86' lang='lat'><strong>(1,</strong></span> <span class='ocrx_word' id='word_1_310' title='bbox 553 2962 599 3002; x_wconf 77' lang='lat' dir='ltr'><strong>tot.</strong></span> <span class='ocrx_word' id='word_1_311' title='bbox 615 2949 678 3015; x_wconf 78' lang='lat' dir='ltr'><strong>tot),</strong></span> <span class='ocrx_word' id='word_1_312' title='bbox 694 2966 765 3014; x_wconf 83' lang='lat' dir='ltr'><strong>quent</strong></span> <span class='ocrx_word' id='word_1_313' title='bbox 779 2966 850 2999; x_wconf 86' lang='lat' dir='ltr'><strong>nune</strong></span> <span class='ocrx_word' id='word_1_314' title='bbox 863 2952 901 2999; x_wconf 81' lang='lat' dir='ltr'><strong>tta</strong></span> <span class='ocrx_word' id='word_1_315' title='bbox 920 2949 1045 3012; x_wconf 79' lang='lat' dir='ltr'><strong>Ulpianus</strong></span> <span class='ocrx_word' id='word_1_316' title='bbox 1057 2966 1097 3001; x_wconf 89' lang='lat' dir='ltr'><strong>se·</strong></span> 
     </span>
     <span class='ocr_line' id='line_1_34' title="bbox 139 3020 1096 3084; baseline -0.001 -14"><span class='ocrx_word' id='word_1_317' title='bbox 139 3027 214 3070; x_wconf 78' lang='lat' dir='ltr'><strong>cutes</strong></span> <span class='ocrx_word' id='word_1_318' title='bbox 227 3020 443 3083; x_wconf 76' lang='lat' dir='ltr'><strong>deprehenditur,</strong></span> <span class='ocrx_word' id='word_1_319' title='bbox 458 3028 486 3069; x_wconf 87' lang='lat' dir='ltr'><strong>ut</strong></span> <span class='ocrx_word' id='word_1_320' title='bbox 500 3022 576 3070; x_wconf 89' lang='lat' dir='ltr'><strong>etiam</strong></span> <span class='ocrx_word' id='word_1_321' title='bbox 587 3022 677 3084; x_wconf 80' lang='lat' dir='ltr'><strong>finalis</strong></span> <span class='ocrx_word' id='word_1_322' title='bbox 691 3023 714 3082; x_wconf 68' lang='grc' dir='ltr'><strong>ἓ.</strong></span> <span class='ocrx_word' id='word_1_323' title='bbox 729 3033 750 3072; x_wconf 84' lang='lat' dir='ltr'><strong>s.</strong></span> <span class='ocrx_word' id='word_1_324' title='bbox 769 3020 925 3083; x_wconf 78' lang='lat' dir='ltr'><strong>respondeat</strong></span> <span class='ocrx_word' id='word_1_325' title='bbox 940 3020 1000 3069; x_wconf 81' lang='lat' dir='ltr'><strong>Gai.</strong></span> <span class='ocrx_word' id='word_1_326' title='bbox 1012 3033 1034 3079; x_wconf 78' lang='grc' dir='ltr'><strong>ι,</strong></span> <span class='ocrx_word' id='word_1_327' title='bbox 1048 3032 1096 3073; x_wconf 78' lang='lat' dir='ltr'><strong>tot.</strong></span> 
     </span>
     <span class='ocr_line' id='line_1_35' title="bbox 140 3086 1097 3157; baseline 0.001 -17"><span class='ocrx_word' id='word_1_328' title='bbox 140 3088 160 3156; x_wconf 78' lang='lat'><strong>⁸)</strong></span> <span class='ocrx_word' id='word_1_329' title='bbox 178 3090 217 3154; x_wconf 79' lang='lat' dir='ltr'><strong>Of.</strong></span> <span class='ocrx_word' id='word_1_330' title='bbox 235 3089 291 3139; x_wconf 82' lang='lat' dir='ltr'><strong>Gai.</strong></span> <span class='ocrx_word' id='word_1_331' title='bbox 308 3103 328 3149; x_wconf 88' lang='lat'><strong>1,</strong></span> <span class='ocrx_word' id='word_1_332' title='bbox 343 3101 390 3141; x_wconf 83' lang='lat' dir='ltr'><strong>tot.</strong></span> <span class='ocrx_word' id='word_1_333' title='bbox 456 3086 828 3157; x_wconf 60' lang='lat' dir='ltr'><strong>nascuncunteuepf.</strong></span> <span class='ocrx_word' id='word_1_334' title='bbox 845 3090 902 3140; x_wconf 81' lang='lat' dir='ltr'><strong>Gai.</strong></span> <span class='ocrx_word' id='word_1_335' title='bbox 918 3091 1097 3156; x_wconf 85' lang='lat'><strong>1,108-111.)‚</strong></span> 
     </span>
     <span class='ocr_line' id='line_1_36' title="bbox 139 3162 1097 3225; baseline -0.002 -14"><span class='ocrx_word' id='word_1_336' title='bbox 139 3162 194 3224; x_wconf 83' lang='lat' dir='ltr'><strong>ipse</strong></span> <span class='ocrx_word' id='word_1_337' title='bbox 207 3162 323 3223; x_wconf 86' lang='lat' dir='ltr'><strong>scriptor</strong></span> <span class='ocrx_word' id='word_1_338' title='bbox 337 3163 393 3211; x_wconf 87' lang='lat' dir='ltr'><strong>eins</strong></span> <span class='ocrx_word' id='word_1_339' title='bbox 408 3162 519 3221; x_wconf 82' lang='lat' dir='ltr'><strong>codicis,</strong></span> <span class='ocrx_word' id='word_1_340' title='bbox 538 3164 605 3211; x_wconf 90' lang='lat' dir='ltr'><strong>unde</strong></span> <span class='ocrx_word' id='word_1_341' title='bbox 624 3168 712 3212; x_wconf 90' lang='lat' dir='ltr'><strong>noster</strong></span> <span class='ocrx_word' id='word_1_342' title='bbox 732 3170 770 3211; x_wconf 90' lang='lat' dir='ltr'><strong>est</strong></span> <span class='ocrx_word' id='word_1_343' title='bbox 787 3162 975 3225; x_wconf 83' lang='lat' dir='ltr'><strong>transcriptus,</strong></span> <span class='ocrx_word' id='word_1_344' title='bbox 994 3162 1097 3210; x_wconf 86' lang='lat' dir='ltr'><strong>uidetur</strong></span> 
     </span>
     <span class='ocr_line' id='line_1_37' title="bbox 138 3232 1098 3297; baseline 0 -16"><span class='ocrx_word' id='word_1_345' title='bbox 138 3234 223 3295; x_wconf 85' lang='lat' dir='ltr'><strong>spatio</strong></span> <span class='ocrx_word' id='word_1_346' title='bbox 238 3246 319 3281; x_wconf 88' lang='lat' dir='ltr'><strong>vacuo</strong></span> <span class='ocrx_word' id='word_1_347' title='bbox 334 3232 508 3296; x_wconf 79' lang='lat' dir='ltr'><strong>sipnificasse,</strong></span> <span class='ocrx_word' id='word_1_348' title='bbox 528 3248 576 3297; x_wconf 83' lang='lat' dir='ltr'><strong>quo</strong></span> <span class='ocrx_word' id='word_1_349' title='bbox 595 3248 647 3283; x_wconf 88' lang='lat' dir='ltr'><strong>non</strong></span> <span class='ocrx_word' id='word_1_350' title='bbox 665 3234 769 3295; x_wconf 85' lang='lat' dir='ltr'><strong>relicto,</strong></span> <span class='ocrx_word' id='word_1_351' title='bbox 788 3234 834 3281; x_wconf 78' lang='lat' dir='ltr'><strong>uix</strong></span> <span class='ocrx_word' id='word_1_352' title='bbox 853 3247 961 3295; x_wconf 85' lang='lat' dir='ltr'><strong>sequens</strong></span> <span class='ocrx_word' id='word_1_353' title='bbox 975 3232 1098 3281; x_wconf 84' lang='lat' dir='ltr'><strong>inductus</strong></span> 
     </span>
     <span class='ocr_line' id='line_1_38' title="bbox 138 3301 1098 3369; baseline 0 -18"><span class='ocrx_word' id='word_1_354' title='bbox 138 3310 217 3361; x_wconf 88' lang='lat' dir='ltr'><strong>esset,</strong></span> <span class='ocrx_word' id='word_1_355' title='bbox 237 3305 434 3353; x_wconf 75' lang='lat' dir='ltr'><strong>attentendum</strong></span> <span class='ocrx_word' id='word_1_356' title='bbox 452 3305 524 3353; x_wconf 88' lang='lat' dir='ltr'><strong>illam</strong></span> <span class='ocrx_word' id='word_1_357' title='bbox 535 3305 674 3369; x_wconf 77' lang='lat' dir='ltr'><strong>sopitivum</strong></span> <span class='ocrx_word' id='word_1_358' title='bbox 693 3303 754 3369; x_wconf 90' lang='lat' dir='ltr'><strong>(not.</strong></span> <span class='ocrx_word' id='word_1_359' title='bbox 770 3301 801 3369; x_wconf 84' lang='lat' dir='ltr'><strong>t.)</strong></span> <span class='ocrx_word' id='word_1_360' title='bbox 816 3319 845 3353; x_wconf 92' lang='lat' dir='ltr'><strong>eo</strong></span> <span class='ocrx_word' id='word_1_361' title='bbox 863 3304 1028 3368; x_wconf 83' lang='lat' dir='ltr'><strong>transferret.</strong></span> <span class='ocrx_word' id='word_1_362' title='bbox 1057 3302 1098 3351; x_wconf 88' lang='lat' dir='ltr'><strong>De</strong></span> 
     </span>
     <span class='ocr_line' id='line_1_39' title="bbox 139 3371 1096 3440; baseline -0.001 -18"><span class='ocrx_word' id='word_1_363' title='bbox 139 3373 351 3437; x_wconf 81' lang='lat' dir='ltr'><strong>consurrectione</strong></span> <span class='ocrx_word' id='word_1_364' title='bbox 365 3374 399 3437; x_wconf 80' lang='lat' dir='ltr'><strong>cs.</strong></span> <span class='ocrx_word' id='word_1_365' title='bbox 418 3373 475 3423; x_wconf 79' lang='lat' dir='ltr'><strong>Gai.</strong></span> <span class='ocrx_word' id='word_1_366' title='bbox 490 3388 510 3433; x_wconf 89' lang='lat'><strong>1,</strong></span> <span class='ocrx_word' id='word_1_367' title='bbox 525 3386 572 3425; x_wconf 75' lang='lat'><strong>112.</strong></span> <span class='ocrx_word' id='word_1_368' title='bbox 645 3371 678 3440; x_wconf 86' lang='lat'><strong>¹⁰)</strong></span> <span class='ocrx_word' id='word_1_369' title='bbox 692 3375 833 3424; x_wconf 82' lang='lat' dir='ltr'><strong>conuertitur</strong></span> <span class='ocrx_word' id='word_1_370' title='bbox 852 3372 910 3423; x_wconf 88' lang='lat' dir='ltr'><strong>Vat.</strong></span> <span class='ocrx_word' id='word_1_371' title='bbox 926 3374 966 3423; x_wconf 87' lang='lat' dir='ltr'><strong>ed.</strong></span> <span class='ocrx_word' id='word_1_372' title='bbox 981 3372 1029 3438; x_wconf 75' lang='lat' dir='ltr'><strong>Bp.</strong></span> <span class='ocrx_word' id='word_1_373' title='bbox 1057 3371 1096 3435; x_wconf 79' lang='lat' dir='ltr'><strong>Cf.</strong></span> 
     </span>
     <span class='ocr_line' id='line_1_40' title="bbox 139 3442 296 3508; baseline 0 -15"><span class='ocrx_word' id='word_1_374' title='bbox 139 3442 193 3493; x_wconf 71' lang='lat' dir='ltr'><strong>atr.</strong></span> <span class='ocrx_word' id='word_1_375' title='bbox 204 3459 233 3508; x_wconf 89' lang='lat' dir='ltr'><strong>p.</strong></span> <span class='ocrx_word' id='word_1_376' title='bbox 248 3454 296 3496; x_wconf 77' lang='lat' dir='ltr'><strong>stt.</strong></span> 
     </span>
    </p>
   </div>
   <div class='ocr_carea' id='block_1_6' title="bbox 0 0 1280 3909">
    <p class='ocr_par' dir='ltr' id='par_1_6' title="bbox 0 0 1280 3909">
     <span class='ocr_line' id='line_1_41' title="bbox 0 0 1280 3909; baseline 0 0"><span class='ocrx_word' id='word_1_377' title='bbox 0 0 1280 3909; x_wconf 95' lang='lat' dir='ltr'><strong> </strong></span> 
     </span>
    </p>
   </div>
  </div>
 </body>
</html>
