2542 3909
144 223 208 282 130
475 203 502 269 ir.
521 231 652 267 vetamus
670 231 777 267 ruoavs.

141 351 287 406 Valeriani
295 350 422 418 opusculi
434 350 549 418 eiusque
562 349 621 404 fata
631 350 735 404 rectius
743 348 939 417 intelligantur
951 348 981 403 et
991 351 1104 404 nostrae

143 418 274 496 editionis
291 418 363 472 ratio
380 417 524 484 reddatur,
544 418 574 471 et
591 416 661 470 mihi
672 416 724 470 hae
743 416 777 470 de
795 432 826 469 re
844 416 928 470 video
939 432 1031 484 pauca
1043 432 1104 471 erse

143 485 343 606 drspslrtgngigffi
355 551 479 617 antiquis
491 550 604 605 omnino
616 550 740 605 Probum
754 566 787 604 eo
798 549 975 618 potissimum
988 550 1104 604 oonsilio

141 616 1106 755 satietatibuslittetetittitttltttitali

142 754 277 807 Suetonro
289 752 444 818 retulimus,
454 752 584 805 dubitare
601 767 655 805 non
668 752 743 807 lieet.
768 750 856 815 Quem
869 750 995 804 ordinem
1008 752 1105 804 autem

142 822 171 873 in
197 819 351 874 referendis
373 820 449 874 notis
475 820 647 887 sequeretur,
674 820 735 886 ipse
759 816 926 871 indicavisse
949 816 1105 871 credendus

142 889 185 941 est
202 887 295 941 verbis
311 886 380 940 illis:
410 888 483 950 Quod
498 893 525 939 in
544 890 751 953 praenominibus
773 889 869 953 lapibus
890 889 998 951 publicis
1019 891 1105 951 ponti·
1145 902 1149 910 ·

139 962 263 1023 ficumque
286 960 446 1007 monumentis
470 963 495 1007 ct
516 959 543 1006 in
564 959 628 1005 iuris
651 958 732 1005 ciuilis
754 956 826 1005 libris
848 956 989 1005 etiamnunc
1010 963 1103 1006 manet.

141 1022 221 1076 iniis
237 1023 334 1075 tamen
346 1036 444 1075 vocem
455 1024 551 1088 iepibas
562 1037 644 1073 suurn
656 1019 751 1072 locum
762 1020 819 1072 iam
837 1034 894 1072 non
911 1020 1019 1083 tenere,
1032 1018 1104 1071 mul·

142 1089 179 1142 tis
192 1088 364 1157 argumentis
376 1103 539 1155 persuasum
556 1086 625 1139 mihi
639 1087 688 1139 est.
716 1086 789 1138 Nam
808 1086 837 1140 et
853 1085 931 1153 leges
943 1086 988 1139 hio
999 1085 1104 1154 frigide

141 1155 271 1224 publicae
289 1154 468 1224 appellantur
485 1155 515 1207 et
536 1170 599 1206 oum
616 1152 782 1222 pontificum
800 1152 987 1222 monumentis
1003 1168 1104 1221 parum

142 1225 208 1299 apte
221 1222 425 1290 oomppnuntur
439 1223 467 1274 et
479 1237 496 1273 a
507 1222 567 1274 iure
586 1220 664 1274 civili
674 1234 822 1288 perperam
835 1219 1032 1289 seiunguntur:
1050 1235 1104 1272 neo

142 1305 182 1343 src
199 1290 269 1342 haec
286 1289 457 1356 respondent
475 1289 501 1341 ei
513 1288 612 1351 ordini,
633 1302 689 1354 quo
701 1288 801 1355 postea
818 1288 902 1340 notae
913 1287 1160 1342 resonaturus]

141 1356 185 1410 Ne
203 1355 301 1418 multa,
319 1354 493 1408 restituenda
509 1354 560 1407 illa
576 1370 630 1408 vox
644 1355 688 1407 est
704 1355 769 1407 ante
783 1359 847 1407 iuris
865 1359 954 1418 ciuilis,
972 1368 1027 1421 quo
1040 1353 1103 1407 loco

143 1438 206 1476 eam
225 1422 360 1476 excidisse
383 1421 469 1475 etiam
492 1421 564 1474 illud
581 1420 685 1473 indicio
704 1421 758 1487 est,
783 1420 858 1487 quod
879 1420 909 1473 in
934 1420 1104 1487 quibusdam

143 1488 222 1543 codd.
235 1489 340 1558 legitur
351 1493 462 1556 iurisque
479 1491 569 1550 ciuilis,
589 1487 695 1540 omissis
713 1487 814 1553 verbis,
829 1502 901 1555 quae
940 1486 1102 1554 raecedunt,

142 1563 219 1617 etin,
237 1557 266 1609 in
285 1555 355 1620 aliis,
372 1556 489 1608 retentis
506 1554 562 1620 his,
586 1553 718 1608 omissum
743 1555 785 1608 est
803 1574 862 1623 pue;
887 1504 994 1607 sufficet
1012 1553 1103 1607 diver-

143 1622 249 1677 simode
266 1621 373 1675 librarii
391 1622 491 1675 amisso
509 1622 535 1679 h,
551 1622 571 1679 1.
589 1622 676 1675 verbo
694 1625 788 1687 tepidus
807 1636 963 1675 sermonem
980 1620 1104 1675 redinte-

142 1706 223 1759 grare
235 1688 329 1744 eonati
339 1690 412 1742 sunt.
441 1689 486 1741 Ad
498 1704 558 1742 rem
575 1705 642 1742 vero
660 1688 846 1742 conferendus
863 1689 906 1741 est
917 1688 994 1742 loeus
1006 1688 1102 1741 Manil.

144 1759 208 1811 astr.
231 1762 256 1821 4,
274 1762 331 1809 209.
366 1760 419 1809 Hic
442 1762 516 1809 etiam
534 1763 613 1823 ispum
630 1760 729 1809 tabulas
747 1765 773 1809 et
790 1760 894 1809 condita
910 1761 970 1809 iura
987 1760 1103 1819 Noverit,

143 1843 207 1893 aque
225 1829 292 1878 notis
309 1827 403 1877 levibus
419 1829 557 1889 pendentia
574 1827 661 1877 verba.
696 1822 755 1875 Iam
773 1822 796 1875 si
812 1822 932 1891 legimus
949 1830 975 1877 in
992 1842 1105 1891 praeno·

142 1894 255 1957 minibus,
269 1895 375 1957 publicis
392 1897 585 1959 pontificumque
601 1895 772 1954 monumentis,
792 1900 818 1942 et
835 1896 861 1942 in
879 1894 974 1957 tepibus
991 1896 1104 1958 iurisque

143 1964 225 2012 ciuilis
238 1962 317 2022 libris,
330 1957 473 2025 aptissime
482 1957 512 2010 in
522 1957 627 2025 duplex
635 1973 725 2025 genus
732 1957 817 2010 notae
827 1955 1004 2010 dividuntur:
1015 1974 1104 2011 unum

144 2041 248 2089 earum,
268 2039 340 2093 quae
358 2024 510 2092 specialem
528 2040 640 2078 oausam
663 2040 719 2077 non
736 2024 856 2089 habent,
880 2024 930 2077 sed
953 2023 1103 2077 universae

143 2091 265 2146 civitatis
282 2094 360 2157 sunt,
381 2092 484 2160 partim
505 2092 534 2143 in
557 2090 671 2145 familiis
692 2092 740 2158 (=
758 2092 977 2160 praenominibus)
998 2091 1104 2160 partim

142 2159 172 2212 in
190 2159 295 2228 populo
314 2162 361 2225 (τε
379 2159 504 2226 publicis)
517 2158 621 2227 partim
638 2158 668 2211 in
680 2158 733 2211 diis
745 2160 793 2225 (ιι
808 2164 952 2225 pontiacum
972 2179 1001 2212 ue
1019 2178 1104 2213 monu-

142 2227 260 2294 mentisJ¹
277 2226 387 2294 positae
400 2225 486 2291 (unde
497 2226 540 2278 ius
552 2225 738 2294 tripertitum:
750 2225 902 2293 privatum,
916 2179 1061 2293 publicum
1074 2226 1105 2278 et

143 2295 274 2361 sacrum),
293 2293 413 2347 ultorum
431 2309 536 2357 earum,
555 2308 627 2360 quae
646 2308 680 2345 ex
698 2294 758 2345 arte
771 2293 861 2361 magis
899 2292 1021 2346 refectae
1039 2293 1105 2345 sunt

143 2359 190 2428 (of.
214 2360 270 2416 Cio.
293 2376 344 2428 pro
366 2359 437 2418 Mur.
462 2366 512 2419 la.)
534 2374 647 2424 unoque
668 2359 781 2412 nomine
807 2359 862 2412 iuri
883 2374 943 2413 roas
965 2358 1105 2427 appellari

164 2428 270 2480 essunt
304 2426 342 2479 Et
352 2426 417 2479 huic
430 2425 561 2479 divisioni
578 2426 639 2493 ipse
650 2426 787 2479 tractatus
798 2425 948 2479 bellissime
962 2426 1103 2480 convenit.

143 2445 270 2546 Brimum
299 2492 374 2555 enim
398 2497 421 2556 ᾗ.
440 2498 464 2545 2.
489 2492 648 2545 referuntur
672 2493 769 2558 notae,
798 2508 869 2559 quae
892 2499 919 2545 in
944 2498 1104 2547 monumentis

143 2565 250 2627 publicis
272 2570 297 2612 et
319 2564 480 2613 historiarum
502 2564 575 2613 libris
596 2566 730 2629 sacrisque
751 2564 858 2627 publicis
879 2566 1050 2627 reperiuntur,
1072 2559 1104 2612 in

144 2627 246 2695 quibus
257 2631 462 2694 praenominibus
473 2627 578 2679 notatis
589 2627 696 2695 primus
707 2627 784 2681 locus
797 2626 893 2692 datum
912 2628 973 2680 uta
993 2626 1102 2697 pareat,

144 2696 256 2747 tantum
273 2692 421 2746 brevitatis
439 2693 532 2747 studio
543 2693 759 2762 praenominum
775 2694 806 2747 in
817 2694 899 2747 huius
916 2710 954 2761 pa
984 2694 1006 2745 's
1023 2709 1104 2761 pras·

144 2762 252 2814 tatione
270 2760 401 2814 iteratam
424 2761 594 2814 mentionem
616 2761 721 2815 factam
742 2776 798 2815 non
817 2776 885 2819 esse.
921 2761 965 2815 Ad
983 2760 1104 2814 alterum

165 2844 234 2881 enus
252 2828 382 2896 spectant
398 2833 437 2892 ἐξ.
456 2835 540 2882 3-5.
562 2829 605 2881 ita
621 2830 654 2882 ut
670 2828 700 2881 in
721 2833 744 2892 5.
762 2835 786 2883 8.
804 2828 892 2882 verba
912 2834 937 2881 in
960 2835 1015 2882 iure
1037 2832 1107 2881 ciuili

143 2846 583 3031 mutassemus
597 2896 1106 3031 statutarum“aum

217 3139 236 3209 ¹)
257 3144 318 3192 Sane
336 3144 404 3205 longe
423 3144 492 3193 aliter
505 3144 565 3192 baso
584 3143 752 3206 intorpretatur
766 3142 913 3205 blomsenus,
933 3142 972 3207 qui
987 3142 1011 3190 in
1030 3141 1105 3191 altera

144 3214 213 3263 Probi
229 3214 332 3262 editione
346 3215 416 3263 buius
430 3222 525 3277 nostrae
536 3213 652 3262 rationem
663 3228 709 3262 non
724 3213 813 3263 hahuit.
842 3213 890 3262 Sed
904 3212 1005 3262 Probum
1016 3213 1106 3277 ponti-

140 3287 218 3348 ficum
231 3291 390 3334 monumenta
399 3291 569 3333 memorantem
584 3298 630 3332 non
645 3298 723 3333 saera
733 3283 841 3349 publica
851 3282 887 3349 (ut
896 3290 979 3347 postea
990 3298 1015 3331 se
1026 3284 1105 3345 ipsum

143 3352 333 3419 interpretatur).
348 3353 391 3403 sed
410 3354 469 3415 legis
483 3354 590 3403 actiones
611 3354 764 3416 intellexisse,
779 3368 837 3418 quas
857 3361 912 3403 tunc
931 3368 1001 3402 nemo
1016 3353 1062 3401 nisi
1077 3366 1107 3401 cx

144 3424 212 3474 libris
222 3425 281 3473 iuris
292 3424 369 3472 civilis
379 3424 483 3486 petebat,
492 3424 568 3488 iisque
579 3423 639 3473 adeo
650 3425 709 3473 iuris
721 3424 796 3473 civilis
807 3424 881 3473 libros
891 3425 937 3473 hoo
948 3423 1018 3472 modo
1029 3437 1107 3487 oppo-

143 3494 230 3555 suisse,
245 3509 299 3543 cum
314 3501 397 3558 postea
412 3494 471 3556 legis
484 3495 603 3544 actionum
615 3503 683 3544 notas
694 3495 768 3544 adius
780 3496 847 3543 civile
860 3496 956 3558 referat,
966 3495 990 3543 in
1001 3494 1106 3543 animum

175 3579 190 3611 n
204 3564 299 3612 induco.
