2542 3909
444 286 581 323 scauuini
600 286 792 324 caerimoniis.
1031 270 1096 336 629

142 426 252 465 sursum
265 410 358 469 ducta,
377 408 463 461 etiam
475 408 662 463 masculorum
674 409 886 463 ascendentium
900 425 1036 479 personae
1048 411 1097 464 ad-

142 478 261 541 dantur,
283 476 387 544 pertim
404 477 470 544 quia
488 477 575 529 etiam
593 477 629 529 ad
647 479 779 544 parentes
800 478 1014 532 manumissores
1032 477 1097 546 lege

142 543 285 597 hereditas
302 544 384 607 redit,
403 545 507 611 partim
522 544 589 620 quia
607 560 703 597 omnes
722 545 887 623 agnatorum
900 561 917 598 a
928 546 1017 599 latere
1034 546 1096 621 iun-

143 612 252 664 ctorum
270 610 373 679 gradus
391 610 470 664 velut
487 610 620 664 adiuncta
638 612 713 665 scala
730 628 748 664 a
761 612 868 665 directa
886 613 1097 666 ascendentium

142 678 219 732 linea
235 677 374 745 pendent:
393 694 465 746 quae
484 678 555 733 ratio
568 680 655 733 etiam
673 678 775 744 effecit,
793 680 825 732 ut
840 694 904 731 cum
921 679 950 732 in
967 679 1044 733 linea
1055 680 1096 731 di-

142 747 221 799 recta
232 745 323 812 prisco
335 744 465 799 instituto
477 746 588 799 tantuin
600 763 688 813 usque
697 746 733 798 ad
745 746 880 799 tritavum
891 746 1098 814 trinepotemve

142 828 280 931 personae
293 811 376 865 certis
393 812 552 866 nominibus
570 813 880 881 comprehenderentur,
900 814 987 866 etiam
1000 814 1098 881 agnati

145 883 254 956 uantum
271 879 307 957 ad
324 882 435 933 sextum
453 896 542 957 usque
560 880 679 958 gradum
701 880 963 934 demonstrarentur.
997 880 1097 956 ltaque

142 962 333 1090 auertit?
349 947 1098 1091 stastatutatetttttttletittaa

143 1096 306 1157 maximum,
326 1098 374 1148 qui
392 1083 436 1157 est
452 1083 530 1159 sexto
549 1081 647 1149 gradu,
665 1080 744 1134 vides
761 1082 876 1148 positos,
894 1098 912 1134 a
929 1081 1031 1147 quibus
1043 1082 1099 1158 orti

42 1153 45 1165 ¹
144 1147 245 1201 deinde
265 1165 359 1201 rursus
377 1148 484 1201 directa
502 1148 577 1201 linea
593 1148 643 1201 sed
660 1150 689 1200 in
706 1147 795 1201 latere
811 1164 863 1215 per
879 1150 981 1216 gradus
993 1163 1011 1199 a
1021 1147 1098 1201 fehci

144 1214 256 1268 sinistra
273 1215 309 1268 ad
328 1214 456 1269 dextram
473 1215 658 1282 procedentes
670 1216 700 1268 et
715 1230 804 1281 usque
817 1216 854 1268 ad
865 1217 974 1267 sextum
986 1216 1098 1267 tantum

164 1282 450 1359 radumlsequuntur.
484 1285 526 1359 lle
544 1297 613 1358 vero
635 1281 808 1358 crederetur,
829 1282 997 1359 perisdem
1013 1281 1044 1334 hi
1061 1282 1098 1334 ab

143 1348 1098 1493 {eiiciaattaraetearastitatis‚cit,satiat

31 1504 33 1513 ,
145 1500 162 1536 a
178 1482 266 1537 latere
285 1484 460 1536 venientium
478 1482 546 1535 ordo
564 1500 582 1537 a
597 1483 673 1536 linea
690 1484 799 1537 directa
814 1483 963 1537 simulacro
976 1483 1098 1551 quodam

145 1550 292 1627 distinctus
305 1551 349 1603 est
360 1549 529 1618 imaginibus
541 1551 809 1627 consanguineorum
822 1550 882 1671 (ihui
890 1551 972 1617 quasi
983 1552 1044 1627 fons
1056 1552 1100 1627 est

145 1617 263 1693 alatere
280 1618 452 1685 iunctorum)
466 1618 496 1670 et
508 1618 622 1685 quidem
640 1618 728 1686 puelli
741 1619 771 1671 et
780 1634 835 1686 pue
859 1634 893 1671 ae
910 1619 1099 1686 generationis

144 1699 309 1748 nesciorum,
329 1684 448 1738 eandem
460 1700 539 1738 suam
552 1684 688 1753 originem
701 1686 790 1753 digito
802 1685 1043 1753 significantium¹)
1055 1704 1099 1739 su-

144 1751 348 1871 lilsttittst
360 1752 1100 1882 statiussaturabatur?tiatira

145 1835 225 1939 iuxta
241 1885 360 1952 patrem,
378 1885 427 1938 scd
445 1885 526 1937 iuxta
547 1900 630 1938 avum
649 1888 679 1937 et
695 1863 823 1937 similiter
840 1885 973 1953 deinceps
989 1904 1099 1941 rursum

144 1952 252 2029 locatus
270 1952 325 2029 est,
343 1966 399 2029 non
416 1954 476 2004 tam
493 1951 597 2004 idcirco
614 1952 721 2004 factum
737 1952 820 2027 puto,
844 1953 876 2004 ut
893 1955 1055 2029 appareret,
1075 1955 1099 2007 si

143 2019 827 2139 ttetrituraturistarsicia
843 2020 1100 2140 tertiata

143 2153 332 2207 hereditatem
349 2152 501 2221 pertinere,
520 2168 605 2221 quam
617 2154 649 2205 ut
661 2168 695 2206 ex
708 2151 815 2227 directa
830 2123 908 2228 ⁹linea
924 2152 1099 2207 transversae

144 2220 628 2341 tftlbtattttt‘attb
641 2219 1014 2354 barattarias
1033 2237 1100 2341 su

144 2304 175 2431 iet
191 2305 263 2431 illugd
281 2370 316 2407 ex
333 2354 401 2407 iuris
413 2353 503 2406 civilis
521 2305 682 2407 subtilitatis)
696 2353 839 2431 sumptum
852 2355 901 2412 est
920 2329 1100 2420 quod'frater

145 2421 287 2485 bifariam,
315 2421 452 2489 tanquam
474 2420 561 2473 frater
583 2420 710 2474 defuncti
730 2422 806 2473 inter
828 2436 844 2473 a
885 2421 957 2484 atos,
986 2423 1010 2474 si
1031 2438 1100 2477 vero

146 2487 1099 2619 taliatatttabitttttltltVtttutltta

146 2571 345 2699 {ousiingninei
362 2571 558 2699 censebaniiir,
575 2624 704 2700 refertur.
735 2572 923 2685 Quirianum
939 2623 968 2700 iu
986 2575 1100 2702 ariorum

146 2704 271 2757 personis
289 2688 419 2743 masculis
437 2689 551 2742 additur
569 2699 630 2758 ‘qur
642 2706 676 2743 ex
692 2691 833 2757 potestate
844 2706 901 2743 non
914 2693 1003 2754 exiit‘,
1020 2692 1100 2746 ferni·

145 2756 189 2809 nis
206 2772 274 2810 vero
294 2765 377 2825 ‘quae
395 2756 425 2809 in
443 2772 528 2810 manu
546 2760 614 2823 est’,
633 2766 722 2825 ‘quae
738 2757 769 2810 in
785 2758 927 2825 potestate
945 2761 1013 2825 est’,
1035 2776 1102 2813 ean·

146 2823 211 2877 dem
228 2824 316 2878 babet
333 2824 481 2889 rationem,
500 2826 713 2892 propterquam
730 2823 772 2877 ilii
784 2826 864 2891 quasi
878 2826 965 2893 stipes
976 2826 1100 2880 familiae

145 2891 175 2943 in
192 2892 287 2945 media
303 2892 371 2960 pila,
392 2892 506 2945 domuin
523 2893 643 2945 maxime
662 2892 777 2955 ferente,
799 2892 853 2946 hae
874 2895 1010 2961 tanquam
1028 2893 1100 2947 rami

145 2958 175 3010 in
197 2957 310 3012 sinistra
331 2961 362 3011 et
382 2958 481 3013 desua
502 2958 561 3025 pila
583 2959 715 3026 parietali
736 2958 821 3027 positi
841 2962 914 3013 sunt.
954 2959 1003 3013 Uti
1025 2961 1100 3013 enirn

145 3023 201 3077 illis
219 3023 333 3077 domum
350 3026 543 3094 familiamque
561 3027 692 3091 retinere,
710 3026 752 3078 ita
769 3026 812 3079 his
828 3042 885 3079 non
902 3040 1059 3094 propagare
1072 3027 1102 3079 et

146 3090 229 3143 facile
247 3091 406 3158 relinquere
424 3092 551 3145 naturale
565 3094 614 3145 est.
644 3093 693 3145 llis
708 3092 864 3146 rationibus
877 3094 1032 3160 perspectis
1042 3109 1100 3146 non

146 3156 297 3223 dubitabis,
314 3158 367 3211 hoc
385 3159 540 3213 stemmatis
558 3159 705 3213 artificium
724 3175 759 3213 ex
775 3160 882 3212 intimis
898 3160 1002 3213 veteris
1020 3160 1100 3213 iuris·

77 3223 312 3293 [5331prudentiae
334 3226 464 3279 medullis
486 3226 672 3280 derivandum
695 3229 724 3279 et
740 3225 777 3280 ad
800 3228 943 3280 auctorem
965 3230 1009 3280 sat
1029 3228 1099 3281 anti-

145 3307 246 3411 anum,
265 3294 294 3345 et
310 3291 334 3345 si
350 3292 420 3345 mihi
438 3293 560 3359 accedis,
582 3295 629 3348 vel
646 3296 773 3362 Augusto
791 3294 961 3347 anteriorem
978 3294 1099 3349 referen-

165 3375 213 3412 um
231 3374 298 3417 esse.

218 3552 238 3622 ¹)
252 3555 342 3604 Eadem
356 3554 443 3617 imago,
458 3555 529 3604 etiam
543 3557 649 3618 parentis
664 3556 740 3617 effigie
756 3557 857 3616 adiecta,
871 3558 973 3606 recurrit
987 3558 1011 3605 iu
1026 3564 1099 3606 steni·

145 3633 215 3690 mate,
230 3627 293 3690 quod
308 3626 402 3675 Raizius
417 3624 447 3675 sd
458 3625 563 3689 Theoph.
576 3638 597 3684 a,
608 3638 642 3677 ro.
657 3641 685 3675 er
699 3627 752 3676 cod.
768 3628 844 3676 instit.
855 3628 1006 3679 ll¹orsilliano
1016 3627 1099 3679 edidit.
