2542 3909
168 155 232 220 rea
606 169 692 205 oms

166 296 308 365 positione
325 295 405 346 tauta
416 291 618 361 perspicuitate
631 290 660 344 et
673 290 783 344 dicendi
796 290 974 360 simplicitate
991 309 1057 346 usus
1069 295 1119 361 est,

166 367 199 416 ut
211 361 386 415 Herodotum
397 360 440 412 ius
452 374 565 412 narrare
579 358 705 425 opinere:
725 374 797 425 quae
813 374 857 411 res
870 375 933 411 curn
965 359 1041 412 rimis
1053 360 1119 414 tiro-

165 447 234 482 num
252 428 360 481 animos
377 426 467 479 allicit
484 427 514 479 et
532 424 662 478 delectat.
697 424 776 489 Quod
794 442 861 479 vero
883 377 1072 495 negiigentiae
1090 428 1120 480 in

166 493 333 563 quibusdam
355 494 500 547 incusatus
523 492 577 555 est,
600 492 705 559 partim
723 492 845 546 librariis
862 493 956 561 potius
973 493 1041 547 vitio
1059 510 1120 547 ver·

165 562 283 616 tendum
301 560 392 629 (velut
409 561 484 627 quod
502 558 578 611 haud
595 573 659 611 raro
682 560 779 613 contra
801 561 985 627 grammatica
1003 561 1037 615 de
1056 576 1120 614 con-

165 629 308 683 secutione
334 629 392 681 tem
415 642 494 680 orum
520 626 674 694 praecepta
698 642 830 695 peccasse
856 628 990 697 videtur),
1017 628 1120 697 partim

167 696 251 749 aliter
260 710 381 749 excusan
402 711 451 747 um
460 696 512 747 est.
535 692 606 746 Nam
619 708 781 761 persuasum
793 694 862 747 mihi
875 696 925 761 est,
937 710 993 749 non
1006 698 1121 751 cunctos

166 763 300 831 quattuor
311 761 526 815 commentarios
538 760 629 824 simul,
648 760 696 814 sed
710 761 834 831 singulos
847 777 912 814 eum
928 761 958 815 in
976 762 1121 831 publicum

166 830 300 890 edidisse,
324 830 383 883 sive
401 826 543 882 communi
560 827 762 881 consuetudine
782 831 860 896 (nam
879 830 909 881 et
926 829 994 882 alios
1011 830 1064 884 hcc
1081 830 1121 885 fc-

165 898 235 951 cisse
253 897 333 950 velut
348 896 405 949 ista
421 895 480 949 fere
499 895 593 947 aetate
610 894 783 960 Polyaenum
807 896 893 948 strate
915 898 1038 950 ematunr
1055 898 1120 951 sori-

164 966 276 1033 ptorem
293 964 468 1031 compertum
486 961 632 1026 habemus)
652 963 710 1013 sive
728 961 804 1026 quod
821 962 882 1030 ipse
894 912 947 1015 ἔσο
961 963 1122 1018 adsueverit

165 1034 258 1085 facere
275 1031 305 1083 in
323 1030 402 1083 libris
419 1028 608 1098 singularibus
627 1027 663 1080 ad
681 1027 803 1080 edictum
823 1028 949 1094 edendis,
969 1031 1027 1082 sive
1045 1032 1121 1097 quod

165 1098 324 1151 diffidentia
344 1098 484 1163 quaedam
506 1095 535 1148 in
557 1096 617 1147 tam
639 1110 712 1147 novo
731 1094 913 1163 scriptionum
935 1110 1037 1163 genere
1056 1112 1121 1150 eum

166 1165 343 1234 compulerit,
370 1166 404 1217 ut
423 1163 529 1216 iudicia
554 1161 698 1215 hominum
725 1161 907 1229 experiretur.
947 1162 1121 1230 Argumento

166 1235 259 1287 autem
272 1234 315 1285 est
323 1232 453 1300 primum,
467 1230 542 1297 quod
551 1230 575 1281 si
583 1230 705 1297 primum
716 1228 947 1281 commentarium
957 1244 1020 1281 cum
1030 1230 1121 1283 altero

166 1300 280 1353 demum
302 1297 458 1366 vulgasset,
480 1296 652 1350 mentionem
674 1296 852 1373 imperatoris
869 1294 1003 1348 Antonini
1021 1303 1045 1361 1,
1065 1302 1120 1351 102.

167 1368 303 1433 tanquam
315 1365 374 1417 vivi
385 1364 512 1416 habitam
524 1380 580 1416 non
587 1365 705 1482 (poterat
715 1381 744 1415 rn
757 1363 815 1415 divi
827 1364 1122 1417 commemorationem

166 1449 223 1486 non
244 1433 364 1485 mutare.
400 1430 535 1483 Similiter
555 1430 585 1482 iu
607 1430 693 1483 icabis
715 1430 750 1484 de
773 1429 894 1483 secundo
922 1432 1122 1485 commentario

166 1501 275 1555 ratione
292 1498 385 1563 tertii,
408 1498 438 1549 in
460 1512 517 1563 quo
535 1501 557 1560 ς.
576 1502 633 1550 100.
657 1498 718 1562 ipse
740 1496 878 1552 rationem
899 1497 997 1565 placiti
1019 1498 1122 1564 reddit,

167 1567 242 1653 quod
264 1573 294 1626 2,
316 1571 374 1618 232.
397 1580 453 1617 non
475 1564 599 1631 pretiosa
619 1564 729 1615 ratione
752 1564 897 1629 receptum
920 1580 981 1619 esse
1004 1565 1122 1621 dixerat.

168 1634 262 1687 Etiam
281 1632 315 1685 de
333 1629 505 1699 usucapione
523 1644 574 1697 prc
591 1629 696 1682 herede
714 1645 763 1682 suo
786 1631 816 1683 et
832 1633 989 1686 necessario
1011 1632 1057 1685 vel
1074 1648 1122 1686 ne-

169 1699 290 1755 cessario
307 1698 412 1751 herede
431 1697 558 1763 extante,
582 1699 760 1749 controversa
777 1711 842 1750 sane
860 1698 993 1764 materia,
1012 1698 1124 1753 diversa

167 1767 254 1820 tradit
276 1772 306 1830 ⁶2,
325 1771 366 1819 58.
391 1765 420 1817 et
437 1771 466 1828 3,
484 1770 557 1829 201„
582 1765 615 1816 ut
635 1764 736 1831 postea
756 1765 895 1817 rationem
916 1765 1015 1818 traditi
1036 1766 1065 1818 in
1089 1781 1122 1819 eo

167 1834 241 1887 male
259 1833 385 1902 posuisse
398 1831 535 1896 videatur,
574 1833 629 1882 uod
646 1831 801 1885 necessario
816 1832 930 1886 extante
942 1832 1012 1885 nihil
1025 1834 1123 1886 eontra

168 1901 346 1955 voluntatem
362 1898 505 1952 testatoris
524 1913 558 1951 ex
590 1898 727 1951 ereditate
740 1898 849 1952 detrahi
862 1899 971 1964 debeat,
990 1897 1122 1979 idemque

167 1968 226 2022 lere
249 1967 324 2021 cadit
346 1966 375 2019 in
398 1965 546 2033 cognatam
569 1958 787 2018 controversiam
805 1966 840 2018 de
858 1966 887 2017 in
914 1966 974 2019 iure
998 1981 1122 2021 cessione

168 2034 334 2089 hereditatis
351 2033 461 2086 collatis
478 2039 503 2097 2,
522 2038 562 2087 37.
581 2033 611 2085 et
627 2038 652 2096 3,
671 2038 711 2085 87.
746 2032 854 2086 Deinde
878 2033 962 2086 etiarn
986 2034 1122 2101 quasdam

168 2101 316 2167 materias,
340 2100 469 2154 velutin
490 2100 551 2153 iure
573 2100 727 2153 cessionem
748 2099 913 2153 hereditatis
936 2101 966 2153 et
986 2100 1122 2155 bonorum

168 2168 387 2239 possessionem,
413 2182 486 2235 quae
512 2168 624 2221 sinere
648 2166 731 2219 datur
753 2166 841 2233 (illam
864 2173 891 2231 2,
915 2173 1023 2222 35-37.
1047 2170 1076 2221 et
1097 2176 1122 2234 3,

168 2239 289 2292 tte-87!
307 2238 379 2290 hanc
391 2241 416 2300 2,
435 2240 502 2288 151³.
516 2236 545 2288 et
556 2242 580 2299 3,
593 2240 713 2298 35-37),
732 2233 775 2287 bis
793 2235 822 2287 et
833 2236 943 2287 tantum
955 2249 1011 2288 non
1023 2234 1123 2289 iisdem

169 2304 264 2359 verbis
281 2303 341 2357 sine
359 2302 445 2355 dubio
462 2317 518 2354 non
536 2301 723 2369 explicuisset,
741 2301 790 2355 sed
808 2317 875 2365 rem,
893 2303 926 2355 ut
943 2302 1012 2354 alias
1030 2302 1122 2357 facere

96 2384 98 2387 ⁴
169 2372 255 2438 solet,
290 2369 459 2424 remittendo
485 2368 619 2422 lectorem
647 2368 826 2436 expediisset,
856 2368 910 2421 nisi
936 2385 999 2422 cum
1025 2371 1125 2490 postea

170 2438 263 2507 aptius
279 2436 352 2490 hanc
369 2435 517 2489 materiam
535 2436 564 2487 in
577 2450 677 2491 comm.
690 2436 739 2488 lll.
758 2436 846 2489 tradit
856 2435 1026 2490 intellexisse
1043 2478 1048 2502 ‚
1066 2437 1123 2491 iam
1134 2456 1176 2505 [aa]

170 2505 300 2558 manibus
327 2504 438 2580 elapsus
465 2503 538 2556 esset
563 2518 663 2556 comm.
687 2502 735 2568 11,
763 2504 794 2555 ut
816 2503 954 2573 corrigere
977 2520 1041 2557 eum
1068 2520 1124 2558 non

170 2572 274 2692 posset.
309 2569 437 2637 Demque
455 2577 479 2634 3,
498 2575 539 2623 te.
558 2586 617 2623 rem
636 2576 659 2635 t,
678 2575 718 2627 22.
737 2572 891 2638 expositam
908 2572 967 2624 tam
984 2571 1050 2636 late,
1068 2572 1125 2626 imo
1183 2558 1212 2617 .'
1262 2590 1263 2605 ¹

183 2640 255 2693 atius
273 2638 391 2705 repetit,
415 2653 500 2704 quam
521 2652 577 2691 non
595 2638 708 2705 poterat
728 2638 770 2690 ita
791 2636 926 2704 scribens,
949 2641 981 2691 ut
1002 2639 1125 2692 lectura

129 2754 132 2758 ,
170 2743 383 2755 -ῌ

172 2801 195 2847 in
211 2800 310 2847 formam
326 2798 412 2846 iudicis
426 2794 547 2846 redactas’
559 2798 630 2846 multa
646 2812 698 2846 cum
714 2805 764 2846 arte
775 2798 878 2848 coniecit
888 2797 1044 2857 Boeclringius
1055 2810 1125 2845 suae-

171 2884 216 2934 que
231 2869 283 2918 Gaii
304 2869 402 2917 editioni
421 2869 450 2917 ad
471 2869 560 2917 calcem
575 2868 670 2917 adiecit.
724 2866 743 2932 ¹)
759 2868 819 2917 Sane
835 2882 910 2930 nuper
920 2866 1071 2915 Pclenuarius
1087 2868 1124 2917 ed.

171 2954 227 2989 suae
242 2955 265 3004 p.
281 2951 328 2991 aaa.
343 2940 387 2988 has
402 2941 441 3001 §i-
456 2945 481 2987 ut
496 2940 589 3002 spurias
605 2939 688 2997 eiecit,
708 2939 807 2987 maxime
822 2950 843 2995 a,
858 2949 890 2988 98.
907 2943 1043 2998 argumento
1059 2952 1125 2987 usus.

170 3012 217 3060 Sed
232 3018 257 3059 ut
271 3010 373 3060 cessicia
388 3010 460 3059 tutela
475 3024 521 3058 uon
536 3016 626 3058 tantum
642 3010 686 3057 sub
701 3009 805 3073 speciem
820 3008 938 3069 legitimae
954 3009 1040 3057 tutelae
1054 3009 1125 3065 cadit,

171 3083 212 3131 sed
228 3083 299 3131 etiam
313 3089 339 3131 ut
352 3081 449 3145 propria
465 3081 551 3129 tutelae
567 3081 674 3143 species,
690 3094 749 3143 qtsae
764 3079 872 3127 cessione
887 3078 999 3137 defertur,
1015 3078 1127 3128 conside-

170 3154 219 3202 rari
233 3159 321 3216 potest,
340 3152 371 3201 ita
388 3152 458 3200 etlam
473 3151 502 3200 de
517 3152 541 3200 iu
555 3152 606 3199 iure
625 3152 733 3200 cessione
748 3150 886 3199 hereditatis
902 3150 1060 3199 diversimode
1074 3157 1127 3214 pot·

171 3232 208 3273 est
222 3223 331 3273 iudicari.
360 3223 402 3271 llle
416 3223 468 3286 ipse
482 3237 538 3271 vero
553 3222 651 3271 secundi
666 3218 801 3270 librl⁸locus
818 3221 888 3269 etiarn
904 3221 1035 3270 evidentius
1051 3221 1128 3282 arguit

170 3295 208 3352 id,
227 3294 291 3358 quod
306 3294 334 3342 de
349 3294 442 3342 ratione
460 3293 523 3341 inter
541 3307 594 3342 eum
613 3298 637 3342 et
655 3293 750 3341 tertium
769 3292 854 3341 librum
874 3286 1036 3340 intercederite
1057 3305 1127 3355 supra

171 3367 305 3413 statuimus.
335 3364 470 3427 Quanquam
486 3363 557 3413 Gaius
572 3364 643 3412 nimis
657 3363 770 3412 molestos
785 3370 839 3427 post
853 3374 874 3424 a,
885 3374 917 3413 aa.
938 3363 1020 3411 mutati
1035 3360 1129 3411 consilii

171 3436 345 3484 obtrectatores
360 3449 388 3482 eo
404 3435 475 3483 etiam
489 3434 591 3483 refutare
602 3439 703 3498 poterat,
718 3434 780 3498 quod
791 3434 899 3483 cessione
910 3448 1003 3497 quoque
1016 3430 1128 3481 ‘heredes

170 3506 243 3555 alicui
257 3501 362 3554 damus’.
