2542 3909
470 240 506 275 nn
523 240 635 275 nsnrsvs
654 241 733 275 nmen
749 242 769 277 r.
1059 235 1099 293 31

149 424 156 435 ,
196 365 246 427 36.
268 368 311 428 M.
334 365 417 423 Recte
433 364 511 437 dicis,
535 373 562 422 et
584 383 627 422 res
650 382 680 421 se
696 368 735 422 sic
751 365 840 423 babet.
870 384 965 424 uerum
979 368 1101 442 pbrlosn-

130 455 250 529 phorum
266 467 353 520 more,
376 465 431 506 uon
454 459 575 506 ueterum
597 450 705 523 quidem
727 449 845 524 illorum,
865 452 912 507 sed
928 469 1035 526 eorum,
1054 456 1102 528 qui

131 538 209 613 quasi
234 533 360 592 officinas
382 535 571 589 instruxerunt
593 535 757 608 sapientiae,
789 550 856 607 quae
877 533 939 592 fuse
961 537 1025 593 olim
1048 537 1102 593 dis·

129 621 301 697 putabantur
322 634 354 673 ac
376 616 470 687 libere,
495 633 527 672 ea
548 633 620 673 nunc
642 617 803 673 articulatim
818 618 944 677 distincta
959 620 1100 688 dicuntum

130 723 182 762 nec
197 706 268 761 enim
284 704 351 757 satis
366 699 425 757 lieri
441 710 552 757 censent
568 702 630 757 huic
645 701 717 772 loco,
734 703 781 776 qui
793 719 864 759 nunc
874 712 917 759 est
927 706 955 760 in
967 704 1100 777 manibus,

129 790 185 846 nisi
201 788 348 861 separatim
364 786 417 841 boc
432 784 530 859 ipsum,
546 793 643 842 natura
658 801 719 842 esse
733 787 786 856 ius,
801 786 973 859 disputarint.

194 914 229 970 A.
253 911 288 967 Et
302 911 408 967 scilicet
423 920 468 967 tua
483 910 594 966 libertas
609 910 761 966 disserendi
777 912 872 966 amissa
892 921 950 984 est,
971 922 1016 969 aut
1031 922 1062 970 tu
1076 917 1101 971 is

129 1015 169 1069 cs,
187 1002 234 1071 qui
249 999 278 1051 in
293 994 456 1069 disputando
472 1011 527 1050 non
543 1002 618 1050 tuum
639 995 769 1050 iudicium
784 1010 906 1067 sequare,
927 1004 972 1051 set
985 1001 1101 1054 auctori·

128 1084 180 1139 tati
196 1082 312 1136 aliorum
326 1095 432 1153 pareas·

194 1201 242 1263 87.
265 1204 305 1260 Μ.
327 1205 387 1261 Non
409 1220 532 1277 semper,
553 1204 628 1275 Tite,
650 1204 697 1259 sed
716 1205 769 1260 iter
782 1205 863 1261 huius
877 1207 1011 1261 sermonis
1027 1207 1101 1281 quod

129 1292 167 1347 sit
191 1289 286 1365 uides3
309 1288 341 1344 ad
363 1304 408 1344 res
431 1286 550 1361 publicas
573 1286 716 1343 firmandas
737 1296 765 1343 et
785 1288 818 1343 ad
833 1288 1003 1345 stabiliendas
1019 1291 1100 1348 nrbes

132 1368 345 1447 sanandostque)
360 1371 479 1445 populos
502 1373 590 1427 omnis
612 1380 706 1427 nostra
727 1374 819 1446 pergit
841 1375 937 1431 oratio.
973 1378 1100 1448 quocirca

132 1472 236 1513 uereor
252 1457 429 1527 committere,
445 1462 543 1511 utnon
555 1455 622 1511 bene
633 1457 744 1528 prouisa
755 1464 784 1512 et
801 1456 948 1530 diligenter
963 1458 1100 1532 explorata

128 1541 264 1616 principia
283 1548 436 1612 ponantur,
457 1555 507 1594 nec
521 1547 610 1596 tamen
626 1548 658 1594 ut
673 1539 797 1596 omnibus
811 1539 979 1616 probentur,
999 1558 1060 1598 narn
1072 1543 1100 1598 id

129 1624 189 1681 fieri
205 1640 262 1680 non
277 1630 380 1696 potest,
394 1623 442 1679 sed
460 1631 488 1678 ut
504 1624 552 1693 eis,
570 1625 615 1696 qui
632 1625 722 1679 omnia
736 1632 809 1680 recta
824 1633 906 1698 atque
920 1626 1036 1682 honesta
1050 1644 1097 1700 per

129 1726 159 1766 se
175 1706 329 1782 expetenda
351 1707 487 1763 duxerunt
508 1715 536 1762 et
552 1716 598 1763 aut
612 1707 679 1762 nihil
695 1708 805 1764 omnino
820 1709 848 1764 in
863 1707 941 1764 bonis
956 1725 1099 1766 numeran-

129 1793 205 1864 dum,
220 1793 274 1847 nisi
291 1789 366 1863 quod
379 1808 429 1865 per
444 1807 472 1847 se
487 1792 576 1863 ipsum
590 1789 723 1847 laudabile
738 1799 822 1864 esset,
844 1799 890 1848 aut
904 1802 980 1849 certe
995 1794 1100 1850 nullum

129 1876 285 1934 habendum
301 1891 428 1948 magnum
444 1874 559 1947 bonum,
581 1876 631 1930 nisi
652 1875 726 1947 quod
741 1892 806 1932 uere
820 1876 923 1933 laudari
937 1894 987 1933 sua
1000 1888 1099 1952 sponte

129 1968 240 2035 posset:
255 1956 304 2017 38.
315 1960 347 2014 iis
360 1958 493 2031 omnibus,
508 1961 567 2014 siue
573 1961 602 2015 in
608 1959 749 2015 Academia
761 1968 855 2016 uetere
865 1976 927 2016 cum
934 1960 1098 2036 Speusippo,

130 2044 300 2116 Xenocrate,
321 2041 468 2099 Polemone
490 2051 658 2113 manserunt,
682 2042 742 2099 siue
763 2044 936 2101 Aristotelem
960 2053 989 2101 et
1010 2044 1099 2102 l'heo·

128 2129 289 2204 phrastum,
312 2126 449 2183 cumillis
471 2129 649 2201 congruentis
670 2144 709 2196 re,
733 2144 834 2201 genere
853 2128 968 2185 docendi
989 2130 1098 2201 paulum

130 2212 294 2282 differentis,
315 2212 401 2267 secuti
422 2218 495 2281 sunt,
514 2212 585 2281 siue,
607 2217 638 2266 ut
653 2210 754 2265 Zenoni
768 2212 857 2266 nisum
872 2219 926 2281 est,
946 2211 1028 2266 rebus
1044 2229 1099 2270 non

131 2296 307 2354 commutatis
326 2296 530 2351 inmutauerunt
545 2294 687 2365 uocabula,
709 2296 767 2349 sine
782 2296 863 2350 etiam
877 2294 1013 2350 Aristonis
1028 2295 1099 2351 dilii-

130 2381 209 2437 cilem
221 2388 305 2453 atque
315 2379 434 2450 arduam,
451 2377 499 2435 sed
510 2380 560 2435 iam
574 2386 662 2434 tamen
674 2377 786 2434 fractam
797 2387 825 2435 et
834 2378 986 2435 conuictam
997 2386 1099 2437 sectam

131 2466 220 2521 secuti
234 2472 309 2534 sunt,
325 2470 356 2518 ut
371 2460 517 2519 uirtutibus
533 2464 652 2535 exceptis
668 2471 750 2535 atque
765 2464 838 2519 uitiis
855 2470 945 2518 cetera
956 2465 984 2519 in
995 2481 1098 2523 summa

131 2548 297 2621 aequalitate
318 2555 464 2621 ponerent,
486 2548 519 2602 iis
534 2547 660 2602 omnibus
675 2548 751 2618 haec,
774 2564 842 2621 quae
858 2546 923 2618 dixi,
938 2548 1098 2620 probentur.

132 2629 186 2690 39.
202 2630 253 2688 sibi
267 2638 357 2687 autem
371 2631 539 2703 indulgentis
553 2639 581 2687 et
594 2632 704 2703 corpori
718 2630 897 2688 deseruientis
909 2637 990 2704 atquc
1000 2635 1098 2708 omnia,

131 2732 202 2791 quae
216 2722 370 2789 sequantur
384 2716 412 2771 in
427 2718 484 2770 uita
500 2730 624 2788 quaeque
638 2714 754 2788 fugiant,
770 2714 957 2788 uoluptatibus
978 2724 1006 2772 et
1021 2717 1098 2774 dolo·

130 2800 206 2857 ribus
228 2799 415 2874 ponderantis,
439 2800 519 2857 etiam
541 2800 565 2854 si
588 2815 653 2854 nera
669 2798 771 2870 dicunt,
795 2799 864 2855 nihil
886 2800 955 2855 enim
971 2817 1042 2874 opus
1056 2813 1099 2860 est

131 2884 262 2941 hocloco
277 2882 380 2955 litibus,
401 2885 430 2939 in
444 2883 562 2940 hortulis
577 2884 633 2938 suis
647 2883 785 2940 iubeamus
801 2884 902 2953 dicere,
924 2893 1006 2957 atquc
1017 2888 1098 2944 etiam

131 2968 164 3024 ab
179 2970 255 3025 omni
269 2969 399 3024 societate
410 2969 449 3023 rei
460 2966 593 3040 publicae,
609 2969 707 3040 quoius
719 2978 825 3040 partem
838 2984 888 3024 nec
900 2977 1001 3024 norunt
1016 2970 1098 3027 ullam

131 3069 221 3127 neque
235 3068 365 3126 umquam
381 3068 462 3108 nosse
478 3051 634 3123 uoluerunt,
655 3052 792 3126 paulisper
812 3053 945 3110 lacessant
959 3070 1097 3128 rogemus.

130 3136 356 3211 perturbatricem
371 3144 461 3193 autem
476 3136 571 3192 barum
587 3138 707 3192 omnium
724 3154 815 3194 rerum
831 3135 1007 3209 Academiam,
1029 3141 1098 3197 banc

132 3221 164 3277 ab
179 3221 302 3277 Arcesila
317 3226 346 3277 et
360 3219 493 3277 Gameade
508 3229 655 3291 recentem,
677 3237 819 3278 exoremus
833 3229 865 3277 nt
879 3220 973 3290 sileat3
994 3238 1055 3277 nam
1075 3225 1098 3278 si

130 3306 264 3362 inuaserit
277 3306 306 3361 in
317 3305 398 3376 baec,
414 3322 483 3378 quae
498 3306 564 3361 satis
580 3306 647 3361 scite
661 3304 739 3361 nobis
755 3307 889 3364 instructa
905 3313 934 3360 et
948 3307 1098 3378 composita

131 3390 270 3461 uldentur‚
285 3390 381 3445 nimias
396 3390 458 3445 edet
472 3391 578 3447 ruinas:
598 3405 679 3461 quam
695 3389 803 3462 quidem
818 3406 871 3465 ego
886 3387 992 3460 placare
1007 3390 1097 3462 cupio,

130 3490 306 3531 summouere
328 3490 383 3530 non
405 3473 500 3531 audeo.
543 3471 609 3529 xiv.
630 3469 682 3530 40.
705 3490 771 3530 *s*
792 3492 852 3532 nam
878 3478 906 3525 et
930 3474 958 3526 iu
983 3473 1017 3527 iis
1041 3474 1099 3527 sine

131 3558 203 3617 illius
224 3556 389 3616 suffimentis
405 3560 502 3635 expiati
517 3573 625 3613 sumus:
646 3566 674 3614 at
695 3573 763 3612 uero
783 3559 917 3618 scelerum
933 3557 960 3611 in
975 3556 1097 3612 homines
