2542 3909
177 200 238 266 858
327 218 385 255 rer.
400 217 503 253 crtvsn.
518 212 605 252 mne.
620 215 810 251 eonsvcrnrro.
825 196 870 251 IX.
887 204 982 253 9-14.

219 347 417 403 damnationem
433 345 554 415 deduxit,
570 346 653 401 minui
668 352 746 417 paeto
762 360 815 401 uon
832 346 936 417 potuit:
952 360 982 401 ac
996 344 1137 419 'propter-

218 424 266 486 ea¹
289 429 395 485 sublata
415 430 540 486 cautione
560 428 764 497 transactionis,
787 442 855 501 quae
877 428 952 484 nullo
968 430 1025 485 iure
1047 431 1137 485 inter·

219 515 306 587 posita
326 521 385 582 est,
408 511 564 585 Septimius
579 510 706 567 Varianus
729 526 785 566 rem
808 510 948 568 iudicatam
970 521 1136 585 exequatur.

219 596 269 653 ΡΡ.
286 595 339 652 lral.
354 595 405 652 lul.
421 596 503 652 Laeto
518 595 550 652 ll.
566 603 593 651 ct
608 593 716 651 Cereale
731 589 819 650 οοεε.2

262 677 291 737 9.
315 672 419 753 ³lmpp.
435 678 547 735 llioclct.
564 687 592 735 ct
606 676 754 734 llaxlrnian.
777 678 831 734 AA.
848 677 938 751 Ulpiae
954 677 1135 737 llnrcelllnae.

219 764 248 820 Si
262 779 371 836 praeses
386 763 544 837 prouinciae
564 763 743 835 ignorantiam
763 768 836 817 tuam
857 761 1029 818 fraudulenta
1044 771 1138 818 trans·

220 848 326 903 actione
348 862 378 903 ac
399 846 503 901 dolosis
525 845 629 901 artibus
652 846 744 919 generi
767 846 805 900 tui
820 846 1048 919 circumscriptam
1072 861 1138 903 esse

219 930 398 1005 cognouerit,
420 930 444 985 si
465 929 574 1002 quidem
589 928 730 1002 Aquiliana
751 928 891 1001 stipulatio
912 939 940 985 et
962 928 1136 1003 acceptilatio

219 1014 340 1089 insecuta
362 1029 418 1069 non
433 1022 484 1083 est,
501 1020 608 1085 pactum
623 1011 718 1068 callide
730 1013 872 1085 scriptum,
884 1013 998 1086 integris
1009 1012 1137 1086 singulo·

219 1114 279 1154 rum
302 1095 463 1164 actionibus,
486 1094 630 1151 amouebit.
669 1094 719 1155 ΡΡ.
734 1094 774 1151 lll.
791 1112 856 1153 non.
873 1094 984 1153 Octobr.
1000 1097 1066 1169 ipsls
1078 1097 1135 1156 AA.

219 1173 313 1237 coss.⁴

263 1259 310 1321 10.
336 1258 420 1337 itmp.
436 1261 587 1318 Gordianus
604 1262 634 1318 A.
652 1260 751 1318 Cliniae
766 1262 908 1319 Antoniae.
945 1261 1040 1339 Pacta,
1064 1279 1137 1337 quae

219 1356 315 1405 contra
330 1345 418 1403 bonos
432 1361 521 1402 mores
536 1346 759 1419 interponuntur,
780 1347 846 1401 luris
861 1347 930 1402 ratio
952 1362 1007 1401 nou
1030 1354 1135 1403 tuetur.
1168 1344 1170 1347 ’

222 1430 273 1486 ΡΡ.
289 1446 353 1489 non.
371 1428 481 1490 Octobr.
498 1430 560 1501 ipso
574 1432 605 1485 A.
623 1429 654 1489 ll.
672 1437 699 1485 et
714 1429 877 1503 Pompeiano
893 1422 982 1486 οοεε.6

261 1510 302 1571 11.
327 1508 411 1587 ⁷lmp.
427 1511 577 1572 Alexander
590 1512 700 1569 Aurelio
713 1512 848 1587 llionyslo.
876 1512 942 1569 Cum
957 1522 1136 1587 posteaquam

221 1597 396 1655 aduersarius
412 1596 504 1650 matris
520 1604 582 1652 tuae
598 1596 689 1651 uictus
706 1604 787 1668 esset,
804 1603 915 1652 matrem
931 1605 1005 1653 tuem
1020 1598 1136 1653 eircum-

221 1681 339 1750 uenerlt,
354 1686 385 1734 ut
400 1679 592 1752 pacisceretur,
607 1677 708 1733 nullam
724 1694 754 1735 se
769 1681 983 1736 cointrouersiam
999 1678 1031 1737 de
1045 1682 1135 1737 seruis

221 1770 370 1832 moturum,
386 1761 413 1817 id
428 1769 535 1835 paetum
551 1761 619 1818 mala
634 1760 687 1818 lide
702 1762 802 1819 lactum
817 1764 922 1819 irritum
943 1771 994 1819 est.
1026 1760 1057 1818 tn
1072 1779 1134 1820 cum

220 1863 253 1903 ex
268 1863 298 1902 ea
313 1847 494 1903 conuentione
510 1860 569 1902 eum
591 1853 677 1901 matre
694 1854 741 1902 tua
756 1848 799 1919 agi
822 1844 958 1919 coeperit,
979 1846 1059 1902 luder
1074 1863 1134 1903 eam
1152 1860 1210 1910 [rtet

221 1928 361 2003 liberabit3
378 1931 438 2001 qula
453 1929 486 1985 de
501 1945 531 1984 re
546 1927 659 1986 iudicata
670 1930 768 2002 pacisci
781 1944 859 1985 nemo
871 1939 972 2003 potest.
1000 1929 1050 1985 ΡΡ.
1063 1930 1134 2004 prid.

220 2014 255 2069 id.
272 2013 348 2086 Sept.
364 2012 515 2069 Alexandro
531 2013 562 2067 A.
578 2028 633 2068 cos.

262 2092 307 2153 12.
329 2095 367 2151 lis
381 2111 496 2169 corpore
512 2088 728 2152 l'lreodosiaui:⁸

222 2182 307 2254 lmpp.
336 2178 472 2236 Honorius
500 2187 529 2235 et
562 2179 732 2237 Theodosius
760 2180 813 2235 AA.
837 2179 939 2237 luliano
974 2180 1135 2253 proconsuli

221 2263 335 2320 Africae.
379 2261 412 2318 lit
433 2262 589 2319 mulieribus
604 2270 632 2319 et
648 2262 794 2319 minoribus
815 2264 843 2319 in
857 2265 900 2335 lis,
923 2278 992 2337 quae
1014 2272 1135 2337 praeter-

221 2347 343 2404 miserint
358 2346 401 2403 uel
416 2348 615 2420 ignorauerint‚
638 2347 788 2403 innumeris
804 2345 1010 2403 auctoritatibus
1026 2355 1136 2404 oonstat

222 2448 282 2488 esse
303 2430 467 2489 consultum.
512 2430 570 2487 liat.
592 2429 663 2503 prid.
687 2444 752 2486 uon.
780 2428 855 2485 llart.
878 2430 1037 2502 Rauennae,
1065 2429 1136 2487 Gon·

225 2516 345 2571 stantino
360 2530 415 2570 eos.
744 2508 749 2517 ’
931 2544 934 2548 ·

264 2594 308 2653 tt.
332 2596 397 2653 ltem
413 2597 508 2653 eodem
523 2612 653 2669 corpore:

223 2674 308 2751 ⁹lmp.
328 2678 518 2734 Constantinus
540 2680 571 2734 A.
587 2678 619 2733 ad
642 2679 781 2735 linximum
804 2680 931 2753 praelect.
956 2681 1015 2739 urb.
1039 2680 1138 2739 lnter

222 2771 339 2820 cetera
360 2769 395 2817 et
417 2759 454 2816 ad
477 2761 604 2816 locum:
627 2760 771 2818 Pactlones
786 2779 830 2819 eas
846 2765 937 2821 ualere
952 2764 1091 2834 uolumus,
1113 2768 1138 2821 si

223 2862 284 2905 cum
299 2844 405 2920 legibus
420 2845 601 2915 consentiant,
614 2851 647 2900 et
663 2843 728 2901 rell
738 2861 810 2919 que.
844 2848 900 2903 liat.
917 2847 960 2904 Vl.
977 2864 1041 2905 nou.
1056 2847 1136 2903 Febr.

222 2930 332 2998 Romae,
349 2926 447 2984 Sabino
466 2936 493 2984 et
508 2926 605 2985 Rulino
621 2922 721 2984 coss.¹⁰

263 3008 308 3069 14.
332 3011 368 3066 lir
383 3027 498 3085 corpore
513 3010 686 3085 Gregoriani:

254 3176 273 3242 1)
288 3180 351 3228 Par.
366 3191 400 3230 eo.
420 3186 543 3241 praeterea
557 3180 621 3231 Par.
638 3190 671 3232 tt.
687 3180 769 3247 Pupp.
840 3177 899 3246 ’lm
914 3193 961 3234 stt.
1032 3178 1099 3247 lib.
1114 3194 1137 3236 ὅ.

180 3249 228 3297 (ir.
245 3249 270 3298 O.
285 3250 317 3297 de
331 3255 456 3299 nancaei.
471 3248 503 3313 (1,
518 3248 554 3313 11)
568 3249 653 3299 Hnen.
665 3264 692 3311 p.
708 3262 728 3301 e.
785 3247 806 3317 ⁴)
820 3267 844 3300 α.
860 3262 982 3304 nott-tos.
1035 3250 1055 3316 ⁵)
1075 3250 1136 3301 Vsu.

180 3317 264 3365 licen.
283 3317 326 3366 Gr.
344 3318 370 3367 0.
381 3333 409 3380 p.
424 3329 445 3368 e.
498 3315 557 3382 ⁶)a.
572 3329 619 3368 sn.
672 3316 738 3382 Ἥ..
749 3331 769 3370 s.
791 3318 816 3369 0.
832 3321 863 3369 de
874 3330 945 3385 pact.
960 3321 991 3387 (e,
1002 3321 1033 3387 e).
1053 3337 1077 3373 a.
1088 3332 1138 3374 sse.

181 3385 266 3434 Haeo.
284 3385 328 3434 Gr.
345 3386 371 3436 θ.
382 3402 410 3450 p.
425 3398 446 3437 t.
520 3384 542 3452 ⁸)
556 3387 588 3437 L.
603 3400 622 3438 o.
652 3386 695 3439 Ti.
718 3388 743 3437 θ.
763 3389 794 3438 de
813 3391 858 3437 int.
878 3399 938 3443 rest.
954 3392 989 3457 (2,
1005 3391 1048 3457 tn).
1068 3392 1100 3440 L.
1115 3404 1138 3444 8.

180 3454 204 3503 Ι.
221 3455 246 3504 0.
262 3455 293 3503 de
308 3458 335 3503 in
350 3458 396 3505 int.
411 3464 472 3505 rest.
487 3460 546 3506 min.
562 3456 598 3521 (t,
612 3455 657 3520 aa).
682 3473 706 3505 a.
721 3469 769 3507 414.
843 3456 917 3524 ⁰)De
936 3462 985 3511 lanc
1004 3469 1085 3511 const.
1101 3464 1139 3526 cf.

189 3522 294 3573 Wenclc.
310 3524 346 3573 nd
362 3524 407 3574 Tit.
424 3525 449 3575 Ο.
460 3542 488 3590 p.
504 3526 722 3577 110.·Haenelud
738 3526 782 3576 Tt.
799 3528 824 3577 Ο.
836 3545 863 3592 p.
879 3542 925 3581 nto.
980 3527 1012 3595 ¹⁰)
1027 3546 1051 3579 α.
1066 3543 1114 3583 elo.
