2542 3909
424 244 486 279 auu
504 244 606 281 unsara.
625 226 674 281 IV.
691 234 801 286 tta-98.
1032 234 1096 299 379

128 389 203 460 olim,
220 404 280 444 cum
297 387 358 462 lege
374 386 515 463 agebatur,
530 403 581 460 pro
596 388 645 443 iite
661 397 688 444 et
704 390 840 460 uindiciis,
855 390 882 447 id
897 400 940 447 est
955 409 1005 466 pro
1021 409 1052 449 re
1067 402 1095 449 ct

128 472 273 543 fructibus,
290 490 305 529 a
317 487 480 546 possessore
491 474 600 546 petitori
613 472 758 532 dabantur.
785 471 835 534 db.
848 475 973 532 Ceterum
985 478 1008 532 si
1021 480 1096 552 apud

128 558 316 615 centumuiros
336 558 443 631 egitur,
466 572 596 613 summam
615 560 773 631 sponsionis
795 576 850 617 non
875 577 925 634 per
950 560 1094 618 iormularn

128 642 263 716 petimus,
283 641 332 698 sed
354 640 488 716 perlegis
503 642 654 715 actionem,
677 654 845 701 sammento
866 639 1095 727 ‘ipuiupenario)

128 728 209 785 modo
225 742 272 783 reo
288 719 471 801 prouocato;¹
489 742 575 799 caque
590 729 703 800 sponsio
718 730 910 785 sestertiorum
922 746 1004 788 cxxv
1016 747 1093 787 num·

58 834 112 888 [227]
128 827 201 867 mum
227 809 296 867 'fieri
319 803 410 866 solet²
433 804 437 887 Ι
461 818 575 885 propter
600 810 700 885 ’tegern
721 842 762 852 -
784 842 823 854 -
846 807 916 871 -.³
961 809 1011 872 96.
1034 815 1165 889 ipsetit.

129 902 231 967 autem,
257 896 302 969 qui
323 895 351 951 in
366 910 423 950 rem
438 896 511 968 egit,
534 896 558 950 si
577 912 628 951 suo
650 899 758 953 nomine
779 906 858 972 agat,
880 900 946 955 satis
961 916 1017 956 nou
1038 900 1092 960 dat.

127 976 175 1037 97.
198 982 236 1036 Ac
251 996 302 1036 nec
320 980 342 1035 si
363 995 415 1053 per
429 981 600 1053 cognitorem
615 979 725 1051 quidem
746 990 857 1056 egetur,
878 982 932 1038 ulta
952 983 1093 1040 satisdatio

128 1063 172 1121 nel
195 1063 227 1120 ab
252 1066 312 1139 ipso
336 1062 381 1120 uel
400 1080 414 1119 a
436 1064 547 1120 domino
574 1063 759 1122 desideratur:
784 1083 844 1123 cum
867 1068 937 1123 enim
960 1068 1043 1123 certis
1065 1076 1093 1123 et

128 1151 205 1223 quasi
221 1147 398 1205 sollemnibus
415 1147 507 1204 uerbis
529 1149 556 1203 in
577 1147 668 1204 locum
682 1148 785 1205 domini
800 1150 984 1208 substituatur
999 1154 1093 1226 cogni·

20 1302 21 1305 Ἴ
126 1241 187 1304 tor,
214 1234 312 1289 merito
334 1232 435 1289 domini
463 1232 526 1289 ioco
548 1230 672 1289 habetur.
717 1229 768 1290 98.
790 1234 956 1293 Procurator
978 1252 1045 1293 uero
1069 1238 1092 1293 si

128 1326 202 1392 agat,
217 1316 349 1373 satisdare
365 1315 474 1373 iubetur
496 1325 585 1374 ratam
601 1333 658 1373 rem
674 1317 812 1376 dominam
829 1318 997 1377 habiturum:
1019 1322 1092 1395 peri-

127 1443 188 1507 quia
202 1442 242 1490 ed.
256 1440 304 1507 Bp.
328 1441 381 1492 Sed
394 1450 456 1495 tunc
465 1458 520 1493 csse
530 1441 648 1493 dederet:
662 1451 685 1492 et
695 1444 757 1508 quie.
781 1443 855 1494 Nunc
865 1441 947 1494 ‘nara’
963 1446 1003 1495 ed.
1013 1444 1061 1511 Bp.
1072 1457 1092 1498 t.

202 1509 224 1577 ¹)
237 1508 535 1581 111re1rep(ro)uocatu(oel
548 1512 581 1579 o).
619 1512 665 1563 Sic
678 1514 738 1578 sere
758 1513 785 1563 V
786 1511 807 1546 'i
816 1518 915 1579 partim
929 1530 964 1565 etc
977 1514 1093 1566 Biadnrii

126 1592 152 1635 et
176 1583 268 1635 Geirei.
290 1582 383 1637 Sebed.
421 1584 453 1635 In
475 1584 500 1635 C.
520 1592 583 1649 post
605 1592 755 1635 sacramento
779 1588 882 1637 ratione
904 1589 981 1636 edam
1002 1587 1092 1637 dedita

128 1655 220 1707 Gaison.
235 1654 328 1706 Scded.
345 1657 430 1719 faisse
448 1664 525 1707 antea
544 1657 607 1706 milti
622 1656 760 1707 uidebatur
773 1656 845 1707 bario
862 1658 1014 1721 trepnocnte
1026 1658 1091 1723 (pro

126 1742 168 1777 reo
182 1726 326 1793 prouocato)
349 1728 419 1793 quod
436 1727 631 1791 interpretabar
650 1728 805 1791 quingenario
820 1728 866 1793 (cs.
881 1742 904 1791 a,
917 1729 954 1791 to)
973 1744 1014 1779 reo
1033 1744 1091 1794 pro·

125 1805 220 1847 uocato.
259 1798 346 1863 Neque
369 1801 435 1848 enim
455 1799 539 1862 facile
558 1805 665 1862 poterat
685 1798 767 1849 Gaias
787 1802 947 1849 samamenti
971 1815 1092 1850 summam

125 1870 254 1929 omittere,
270 1885 326 1919 cam
339 1871 488 1933 sponsionis
502 1870 636 1932 deliniret·
655 1870 692 1919 ad
705 1871 877 1920 centumuiros
890 1886 951 1921 aero
968 1871 1092 1921 derebus

125 1940 267 1991 maioribus
285 1947 383 1991 tantuna
400 1948 485 1991 actum
499 1954 554 1990 esse
571 1947 673 1990 constat
690 1946 716 1989 et
734 1938 857 1990 Valerius
871 1940 975 1991 Probas
993 1948 1091 1991 tantam

125 2018 313 2061 sacramentum
327 2013 526 2076 quinpenarinm
540 2012 619 2061 nouit.
645 2012 696 2060 iana
710 2027 767 2060 cane
780 2009 871 2061 Sidus
884 2019 1004 2071 testetur,
1019 2014 1046 2062 in
1064 2013 1089 2064 0.

124 2082 197 2131 Dario
211 2097 262 2133 non
274 2084 372 2147 faisse,
391 2083 440 2133 boc
454 2098 470 2133 a
486 2081 597 2132 librario
611 2083 732 2132 omissam
744 2084 837 2140 statui,
854 2083 948 2132 dein&
961 2098 1024 2134 nero
1038 2100 1090 2133 non

124 2154 188 2203 enim
203 2152 338 2220 (notatum)
352 2169 387 2203 ese
400 2152 442 2203 Bt.
456 2152 559 2212 Saded„
574 2154 644 2218 qaod
656 2154 758 2210 ameni,
772 2168 820 2202 nec
834 2152 889 2202 inde
904 2152 955 2217 (ed.
970 2152 1003 2217 s),
1022 2155 1092 2217 qnod

123 2227 274 2289 scripturae
290 2225 316 2275 0.
326 2240 377 2275 non
391 2226 518 2283 conuenit,
532 2225 579 2273 sed
592 2239 662 2273 nunc
676 2220 769 2288 m(odo)
782 2225 908 2287 scriptura
920 2224 1005 2287 fuisse
1015 2233 1089 2287 puto,

123 2295 173 2346 boe
187 2310 278 2354 sensu,
297 2296 366 2360 qaod
379 2310 440 2345 reus
454 2302 553 2345 tantum
567 2294 778 2359 provocabatar;
796 2309 860 2359 erpo
874 2300 928 2343 tota
946 2295 1011 2344 daec
1025 2296 1091 2360 lepis

123 2369 193 2416 aedo
208 2368 282 2417 modo
301 2368 369 2417 dicis
385 2368 476 2432 pratia
491 2368 518 2415 in
533 2381 581 2416 usu
600 2372 702 2415 retenta
717 2371 784 2415 erat.
810 2366 926 2427 sortasse
940 2380 1001 2415 nero
1011 2369 1091 2429 prius

123 2452 150 2486 re
164 2452 200 2487 eae
218 2434 316 2504 (atte)ro
335 2439 468 2487 remansit.
502 2437 545 2487 sed
563 2451 606 2500 por
625 2436 684 2498 legis
702 2436 834 2497 actionem3
853 2444 1004 2485 monumento
1026 2437 1090 2485 enim

123 2523 193 2557 reum
206 2522 367 2573 prouocemus
381 2509 439 2557 edd.
454 2515 480 2559 et
493 2524 548 2557 ntea
563 2521 597 2571 1.,
616 2510 645 2557 in
659 2522 711 2571 qua
723 2521 776 2571 pro
790 2521 859 2555 reum
874 2509 907 2570 qi.
922 2521 1090 2570 possessorem

123 2580 193 2630 notis
205 2582 339 2644 seriptum.
396 2575 417 2644 ¹)
432 2580 459 2628 iit
471 2579 570 2629 scilieet
583 2579 641 2628 edd.
652 2593 722 2628 meae
736 2591 757 2629 1.
767 2588 788 2627 t.
805 2584 830 2627 et
843 2593 878 2627 ea>
891 2579 925 2641 ci.
935 2593 1005 2627 nnnc
1014 2577 1089 2628 Stud.

127 2649 202 2710 Quod
215 2652 243 2700 in
259 2649 284 2700 0.
301 2656 372 2700 certo
387 2665 437 2701 non
452 2665 520 2709 esse,
539 2650 592 2699 iieri
606 2649 668 2699 soiet
680 2651 807 2712 scripturn
822 2650 908 2712 faisse
921 2663 1013 2712 posse,
1033 2665 1089 2700 cunt

122 2720 213 2771 Sidus
227 2728 347 2780 testetur,
366 2737 435 2771 nnnc
453 2720 502 2770 doc
520 2721 600 2770 edidi.
675 2716 696 2783 ⁸)
711 2719 925 2785 ingemereperinm
944 2715 996 2769 W.
1021 2721 1089 2770 unde

123 2792 200 2854 legem
218 2793 322 2857 quidam
341 2791 492 2855 Crepereiam
512 2792 561 2841 alii
579 2790 698 2855 Pupiniam
722 2792 866 2841 velamant.
898 2790 1024 2855 Equidem
1043 2793 1090 2841 uin

121 2862 220 2921 dubito,
235 2863 265 2912 id
278 2863 387 2927 quadiu
403 2862 429 2914 0.
445 2863 614 2925 conspicitur,
629 2869 753 2925 corrupte
766 2876 822 2911 esse
834 2862 961 2925 scrsptunt
970 2877 1023 2926 pro
1037 2863 1089 2924 lege

122 2934 164 2983 int.
180 2934 298 2999 papirium
313 2956 346 2976 =
362 2934 438 2996 legem
457 2933 540 2983 Iuliam
555 2932 688 2996 Papiriam,
707 2948 773 2997 quae
792 2934 836 2981 lex
854 2935 909 2981 iata
927 2948 952 2981 a.
967 2945 1007 2984 oet
1022 2932 1088 2997 (Cic.

121 3004 155 3053 de
169 3020 225 3069 rep.
235 3018 256 3069 a,
272 3015 306 3057 ao.
326 3005 384 3057 Liu.
394 3016 417 3067 4,
427 3002 464 3069 so)
479 3004 555 3054 etiem
568 3004 617 3054 boc
632 3004 736 3052 videtur
749 3005 878 3061 tamese,
893 3018 926 3052 ne
939 3018 1089 3053 sacrmen-

122 3152 124 3158 2
193 3108 219 3180 §-
235 3112 278 3163 96.
300 3111 339 3175 Cf.
354 3113 377 3173 ἓ.
393 3122 427 3162 sl.
446 3125 490 3175 per
508 3110 568 3172 tegis
587 3107 717 3179 actionem]
739 3110 825 3160 Antea
843 3111 920 3159 etiam
938 3111 997 3172 ipsu
1014 3109 1088 3158 bere-

120 3182 192 3233 ditas
207 3198 258 3247 per
277 3185 342 3249 lepis
356 3184 483 3233 actionem
495 3181 689 3231 uindicabatur.
715 3180 768 3231 Cic.
788 3179 865 3230 Verr.
880 3193 902 3242 1,
915 3191 950 3232 tt.
974 3181 1006 3230 de
1020 3187 1086 3231 orat.

122 3266 143 3316 t,
157 3265 184 3305 st
195 3256 240 3317 fin.
256 3255 327 3319 quod
339 3262 432 3318 postea
451 3251 588 3309 abolitum
607 3254 770 3317 nequeenim
788 3252 918 3302 vindicias
935 3250 1088 3301 hereditatis

120 3325 178 3375 diei
184 3328 297 3390 placuit,
310 3327 386 3376 euius
396 3327 493 3375 nullum
503 3324 655 3374 retinendae
661 3325 836 3387 possessionis
846 3323 1011 3373 interdictum
1020 3330 1086 3371 erat.

123 3395 162 3459 Os.
183 3395 403 3447 Vater.Prob.t.
459 3391 484 3464 ξ
501 3398 542 3448 97.
565 3394 603 3458 Cf.
619 3397 643 3457 ἓ.
658 3407 692 3447 stt.
714 3395 757 3443 Pr.
774 3394 891 3446 Vatttt.
946 3389 1030 3463 §ee
1048 3393 1087 3456 Os.

116 3481 162 3530 pr‚
181 3465 205 3515 Ι.
224 3467 249 3516 b.
269 3474 286 3515 t.
306 3468 337 3516 L.
353 3478 387 3519 ss.
407 3469 431 3529 §-
447 3480 468 3517 1.
487 3467 520 3519 L.
535 3478 569 3519 tte.
589 3468 612 3528 ἓ.
628 3479 648 3517 1.
673 3466 706 3514 I).
721 3467 753 3515 de
767 3481 844 3529 proc.
859 3464 895 3531 (t,
910 3464 941 3531 a).
963 3464 1006 3513 Fr.
1027 3461 1087 3513 Vat.

119 3548 168 3589 sss.
190 3536 303 3586 Consule.
318 3549 339 3589 s.
358 3537 390 3585 L.
406 3548 440 3587 ss.
461 3538 484 3598 5.
499 3549 519 3588 s.
540 3538 571 3585 D.
587 3543 671 3587 ranan
690 3552 744 3586 ren
759 3535 811 3603 (aa,
824 3536 857 3602 o).
876 3535 908 3584 L.
925 3549 958 3587 11.
973 3537 996 3598 ξ.
1012 3547 1033 3587 r.
1052 3535 1085 3583 Ι).

119 3607 153 3656 de
167 3622 226 3657 exe.
241 3609 282 3656 rei
296 3608 350 3665 iud.
365 3606 411 3672 (tt,
425 3606 457 3672 a).
