2542 3909
320 236 637 273 s.s1.rssvsmvs—
656 239 681 279 o.
700 238 794 275 sums
813 240 922 276 ussum.
1058 233 1097 289 99

400 358 435 422 P.
459 357 662 423 ALFENVS
686 358 833 425 VARVS

497 465 614 532 (eiusdem
629 470 733 535 aetatis).

464 574 485 627 ll
500 576 508 629 i
525 593 543 648 g
558 592 573 631 e
588 594 601 632 s
617 585 628 632 t
644 593 660 632 o
675 594 689 631 r
705 594 723 632 u
738 593 774 635 m.

193 686 215 746 L
239 688 355 744 Alienus
369 691 584 763 iureconsultus,
601 692 689 749 Seruii
703 690 815 766 Sulpicii
830 692 979 765 discipulus
995 708 1100 749 rerum-

131 789 183 847 que
199 775 374 846 antiquarum
389 790 444 829 non
459 776 624 843 incuriosus,
647 780 676 832 in
694 776 764 833 libro
780 776 948 850 digestorum
964 778 1099 832 tricesimo

130 865 158 912 et
173 866 283 931 quarto,
301 860 537 914 coniectaneorum
554 869 644 916 autem
660 861 780 916 secundo
797 859 837 916 ‘ln
853 859 986 930 loedere',
1001 861 1099 934 iuquit,

131 941 217 1014 ‘quod
238 942 312 997 inter
332 941 464 1015 populum
485 943 634 999 Romanum
656 953 684 1000 et
706 944 940 1015 Carthaginienses
963 943 1099 1014 factumst,

129 1028 263 1098 scriptum
284 1027 436 1097 inuenitur,
458 1035 488 1082 ut
509 1026 745 1101 Carthaginienses
769 1028 913 1099 quotannis
928 1026 1032 1099 populo
1048 1026 1099 1082 lio·

129 1125 210 1164 mano
231 1108 329 1164 darent
351 1117 456 1164 certum
475 1111 584 1183 pondus
606 1112 714 1185 argenti
730 1111 792 1183 puri
807 1111 876 1183 puti,
892 1110 1100 1183 quaesitumque

129 1202 182 1265 est,
198 1192 264 1265 quid
280 1202 354 1248 esset
368 1210 467 1265 purum
482 1194 598 1267 putum?
620 1193 780 1267 Respondi',
796 1195 895 1266 inquit,
911 1195 989 1266 ‘ego,
1004 1202 1099 1267 putum

130 1291 192 1331 esse
206 1275 287 1331 ualde
302 1293 410 1347 purum,
426 1278 496 1334 sieut
511 1294 614 1334 nouum
630 1280 767 1334 nouieium
782 1277 895 1334 dicimus
912 1286 939 1332 et
953 1278 1099 1351 proprium
1182 1328 1188 1332 .

129 1360 294 1432 propicium,
317 1377 419 1435 augere
441 1368 522 1434 atque
544 1361 686 1418 intendere
709 1362 834 1417 uolentes
855 1361 921 1417 noui
945 1368 972 1417 et
993 1362 1098 1434 proprii

132 1439 381 1515 significationem’.
401 1474 434 1484 —
454 1444 522 1501 Geli.
541 1444 558 1501 t
576 1441 629 1520 (6),
645 1444 675 1502 5.
692 1446 720 1517 3.
739 1446 766 1501 1.

375 1606 411 1670 Ρ.
434 1606 644 1672 AVFIDIVS
667 1605 852 1672 NAMVSA

496 1712 615 1780 (eiusdem
629 1712 734 1779 aetatis).

192 1817 217 1877 1.
241 1819 271 1875 P.
288 1818 425 1875 Aufidius:
450 1818 491 1875 ‘Si
512 1822 574 1893 quis
596 1821 649 1877 alio
672 1822 812 1879 uocitatur
826 1822 935 1877 nomine
950 1828 1019 1891 tum,
1036 1837 1097 1877 curn

79 1899 181 1967 [sellisl
204 1911 386 1975 contestatur,
409 1912 491 1977 atque
514 1904 578 1960 olim
602 1904 793 1961 uocitabatur'.
809 1936 851 1945 -
873 1905 1001 1960 Priscian.
1019 1903 1048 1971 8,
1066 1903 1095 1959 4.

131 1987 161 2058 S.
178 1987 225 2044 18.
241 2005 269 2060 p.
287 1987 360 2043 793.
378 1987 421 2044 ed.
438 1988 549 2044 Porsen,
565 2006 593 2061 p.
609 1987 681 2045 384.
698 1990 740 2045 ed.
756 1989 846 2045 Hertz.

409 2148 446 2225 Q.
469 2149 628 2215 AELIVS
652 2150 827 2215 TVBERO

486 2257 605 2319 (eiusdem
620 2252 743 2321 aetatis).²

193 2359 214 2420 l.
238 2357 344 2437 (Ateius
360 2359 465 2437 Capito)
489 2362 660 2419 Tuberonem
676 2363 766 2419 dicere
782 2365 828 2434 ait,
852 2363 957 2419 nullum
972 2372 1098 2421 senatus·

129 2446 284 2503 eonsnltum
308 2444 368 2502 lieri
391 2462 472 2518 posse
494 2463 549 2503 non
565 2447 733 2503 discessione
749 2449 829 2519 iacta,
850 2450 914 2520 quia
928 2450 954 2504 in
972 2448 1097 2505 omuibus

130 2530 388 2599 senatusconsultis,
403 2531 483 2585 etiarn
498 2532 525 2585 in
540 2532 584 2601 iis,
600 2548 669 2604 quae
684 2547 733 2604 per
748 2532 906 2587 relationem
921 2531 1028 2603 fierent,
1044 2532 1098 2589 dis·

130 2616 219 2670 cessio
233 2622 306 2670 esset
321 2615 483 2669 necessaria.
495 2643 537 2654 -
549 2614 618 2673 Geli.
632 2614 682 2686 14,
696 2614 722 2671 7.
736 2616 764 2687 3.
779 2614 827 2672 13.
852 2614 892 2670 Ci.
908 2617 978 2672 inira
991 2619 1097 2674 Ateium

130 2696 287 2772 Capitonem
303 2696 333 2754 3.
349 2695 379 2751 4.

190 2797 220 2857 2.
256 2794 289 2872 (1)
312 2796 418 2853 delium
447 2815 557 2871 quoque
579 2797 751 2855 Tuberonem
781 2798 850 2856 libro
873 2800 907 2855 ad
928 2800 957 2857 C.
982 2800 1096 2876 Oppium
1150 2875 1151 2879 Ἰ

128 2886 230 2957 scripto
253 2880 461 2939 ‘oececurrerit’
484 2884 644 2955 scripsisse,
675 2882 778 2939 Probus
802 2884 957 2958 aduolauit,
980 2894 1008 2942 et
1030 2887 1097 2943 haec

126 2969 185 3023 eius
206 2965 292 3023 uerba
307 2967 452 3038 apposuit:
486 2965 526 3022 ‘Si
542 2966 676 3040 generalis
692 2969 797 3041 species
814 2964 1040 3031 occeeurrerit’.³
1059 3005 1093 3015 -

127 3050 194 3107 Cell.
211 3050 242 3122 7,
258 3050 288 3110 9.
306 3050 336 3121 S.
354 3048 404 3105 11.
1143 3059 1145 3063 ’

129 3190 335 3201 ——---

203 3272 226 3341 ¹)
240 3273 280 3337 Cr.
298 3272 423 3323 Zeitccdr.
441 3273 562 3337 fipesclc.
583 3272 652 3322 RW
671 3274 698 3322 ll.
715 3290 743 3337 p.
759 3286 806 3326 sse.
845 3272 866 3341 ⁹)
881 3276 926 3325 Eo:
940 3274 1097 3339 ‘praeceptis

128 3348 201 3396 Aetia·
213 3344 360 3394 Tuberonis
368 3358 447 3406 super
457 3345 544 3407 officio
554 3341 672 3402 iudicis’‚
684 3360 749 3408 quae
762 3345 825 3395 Geli.
836 3358 870 3407 14,
879 3358 898 3396 a.
914 3349 936 3407 §-
950 3358 983 3396 ao.
998 3348 1097 3409 laudat,

128 3419 195 3467 utttt
200 3422 330 3480 superest.
360 3411 382 3479 ³)
396 3413 526 3464 Incertum
538 3421 584 3472 est,
596 3414 738 3465 Tuberonis
745 3417 925 3465 iurisconsulti
934 3432 968 3464 nn
978 3417 1099 3466 historici

126 3490 191 3540 daec
204 3489 267 3538 sint.
283 3484 324 3534 De
338 3486 422 3533 uariis
433 3484 608 3534 indemnibus
614 3486 666 3535 uid.
680 3485 777 3537 Kratas.
785 3486 882 3550 fragm.
897 3493 944 3534 vet.
954 3484 1013 3533 tiss.
1025 3485 1096 3535 Rom.

122 3568 295 3627 pm-m

846 3639 883 3683 7*
