2542 3909
169 224 229 288 744
379 245 476 280 sucu.
496 245 549 280 1vn.
567 244 628 280 nou.
648 245 733 282 sarrs.
753 231 866 280 83-87.

167 378 249 435 serui.
273 375 305 431 lit
320 378 357 431 ita
371 376 488 432 lulianus
503 391 612 449 quoque
627 374 674 432 lib.
689 374 786 429 XXXV.
803 371 861 444 big.
876 371 980 443 scribit,
996 371 1119 444 quamuis

167 459 295 516 Scaeuola
311 460 380 532 apud
396 459 548 516 ilar-cellum
564 459 688 515 dubitans
699 467 791 529 notet.
835 449 928 512 Nam¹
950 458 975 511 si
988 455 1038 511 sub
1054 472 1119 513 cou-

167 543 270 600 dicione
286 545 321 599 sit
336 543 459 613 legatus,
482 545 573 615 potius
589 559 621 598 cx
636 559 752 616 persona
767 542 869 598 domini
883 541 1012 595 constitui
1029 556 1119 595 usum·

164 627 293 699 fructum,
315 627 455 684 Marcellus
470 627 517 682 lib.
533 627 598 682 Xlll.
614 625 672 700 big.
691 624 799 694 scribii;
821 623 867 680 nbi
883 622 1012 679 Scaeuola
1027 633 1119 680 notat:

167 710 243 783 ‘quid
266 713 289 766 si
310 710 411 783 puref'
448 710 497 766 sed
517 709 640 766 dubitare
662 727 716 766 non
739 708 847 780 debuit,
869 724 930 764 cum
952 715 980 763 et
1001 707 1120 763 lulianus

166 793 275 863 scribat,
298 810 329 849 ex
354 809 469 867 persona
491 797 563 848 serui
587 795 724 850 constitui.
768 792 917 872 secundum
933 806 1000 864 quae
1016 793 1058 846 ius
1074 791 1120 846 ad-

165 877 304 935 crescendi
319 878 408 934 locum
424 876 534 933 baberet
546 879 574 933 in
591 876 697 932 duobus
712 878 809 946 seruis,
832 878 855 931 si
874 876 936 947 quis
958 877 1120 930 contrariam

165 954 339 1018 sententiam²
353 959 490 1033 probaret.
520 961 567 1016 sed
583 977 664 1030 nunc,
685 959 832 1016 secundum
847 959 942 1027 iuliani
958 961 1120 1014 sententiam

166 1053 193 1101 et
207 1044 319 1114 Neratii,
338 1053 425 1100 cessat
441 1046 572 1116 quaestio.

227 1124 277 1188 88.
300 1120 377 1184 ³llon
392 1127 481 1182 solum
497 1135 586 1183 antem
601 1130 625 1183 si
645 1126 751 1183 duobus
774 1125 826 1181 ‘do
842 1124 923 1199 lego'
947 1125 1122 1181 ususfructus

164 1213 283 1286 legetur,
299 1213 401 1268 eritius
414 1211 595 1276 adcrescendi,
614 1227 710 1267 uerum
724 1209 783 1284 iet)
797 1203 835 1264 si⁴
846 1209 923 1265 alteri
936 1209 1120 1279 ususfructus,

165 1297 242 1352 alteri
258 1297 425 1370 proprietam
446 1311 507 1350 nam
523 1297 663 1350 amittente
679 1293 876 1350 usumfructum
891 1293 988 1364 altero,
1004 1295 1047 1348 cui
1062 1302 1120 1348 erat

164 1379 283 1452 legatus,
299 1381 384 1453 magis
395 1380 453 1434 iure
466 1377 638 1434 adcrescendi
649 1377 681 1434 ad
693 1378 807 1434 alierum
818 1378 947 1450 pertinet,
959 1392 1037 1449 quam
1049 1376 1120 1432 redit

164 1464 196 1518 ad
212 1465 416 1537 proprietatem.
458 1461 513 1517 Nec
527 1477 650 1522 nouum:
668 1478 727 1516 nam
743 1470 770 1517 et
784 1461 808 1516 si
825 1460 931 1516 duobus
946 1458 1119 1535 ususfructus

164 1545 282 1619 legetur,
298 1553 325 1601 et
341 1546 410 1618 apud
426 1545 540 1600 alterum
556 1547 590 1600 sit
605 1545 799 1614 consolidatus,
817 1546 861 1599 ius
876 1543 1048 1600 adcrescendi
1063 1559 1119 1598 non

164 1631 250 1702 perit;
273 1645 324 1685 nec
338 1630 374 1699 ei,
396 1627 466 1701 apud
481 1644 562 1701 quem
577 1627 761 1684 consolidatus
777 1637 833 1695 est,
855 1643 944 1700 neque
966 1626 998 1682 ab
1021 1642 1068 1682 eo:
1091 1636 1119 1682 et

164 1714 222 1785 lpse
246 1710 343 1787 quibus
366 1711 452 1767 modis
474 1713 608 1766 omitteret
628 1720 690 1767 ante
710 1711 961 1782 consolidationem,
983 1710 1077 1766 iisdem
1092 1719 1120 1766 et

165 1813 236 1854 nunc
251 1799 311 1869 ipso
328 1795 435 1868 quidem
450 1797 509 1850 iure
523 1811 578 1850 non
601 1797 720 1869 amittet,
743 1795 789 1850 sed
813 1803 936 1867 praetor,
958 1792 1120 1850 subsecutus
1131 1797 1193 1845 [649]

165 1881 316 1953 exemplum
339 1880 404 1935 iuris
427 1878 525 1949 ciuilis,
548 1879 643 1933 utilem
659 1880 791 1935 actionem
809 1876 882 1933 dabir
905 1878 1070 1934 fructuario:
1092 1885 1121 1933 et

165 1967 202 2020 ita
217 1964 323 2020 Neratio
340 1971 367 2018 et
382 1963 502 2018 Aristoni
524 1961 643 2033 uidetur,
666 1971 693 2018 et
707 1962 872 2034 Pomponius
887 1961 993 2035 probat.
1029 1978 1120 2035 quam·

166 2064 244 2121 quam
259 2047 377 2103 lulianus
399 2046 445 2102 lib.
466 2044 565 2101 XXXV.
586 2045 644 2119 big.
668 2044 782 2114 scribat,
806 2045 858 2118 ipsi
882 2045 989 2117 quidem
1010 2047 1054 2100 ius
1076 2045 1121 2100 ‘ad-

165 2131 303 2188 crescendi
320 2123 324 2208 i
342 2137 508 2199 conpetere,
525 2145 581 2185 aaa
596 2145 666 2186 uero
679 2126 847 2199 fructuario
863 2129 899 2185 ab
915 2122 975 2185 co.⁵

370 2207 456 2276 [llaec
474 2216 519 2258 aut
537 2216 661 2272 quattuor
674 2210 789 2272 popinae
806 2206 919 2276 desunt]

233 2281 281 2340 84.
298 2283 331 2340 Si
342 2287 430 2340 alteri
443 2282 601 2354 usufructu
617 2287 704 2351 serui,
722 2285 809 2338 alteri
818 2297 905 2339 seruo
919 2285 1023 2356 leuato,
1039 2285 1123 2339 iscui

165 2383 269 2425 seruus
279 2370 391 2440 lepatus
399 2367 511 2438 fuerat,
525 2369 732 2436 manumiserit,
742 2367 842 2422 deinde
851 2370 973 2422 amissus
981 2368 1018 2422 ab
1028 2369 1122 2423 attera

165 2451 354 2522 ususfructus
367 2454 393 2508 ai
404 2457 565 2520 accrescat,
576 2453 825 2506 manumissionem
836 2464 875 2507 cx
883 2457 950 2521 post
958 2450 1043 2522 facto
1055 2467 1121 2506 con·

164 2527 343 2605 ualcscerc,⁶
357 2531 465 2588 difficile
477 2540 519 2588 est
532 2532 630 2589 dicere.
647 2549 806 2605 quamquam
818 2548 873 2588 non
888 2535 924 2591 sit
937 2533 1032 2607 longe,
1047 2532 1121 2606 quod

164 2617 304 2673 llarccllus
320 2616 366 2672 lib.
383 2608 464 2676 'Xll.⁷
480 2615 537 2689 big.
554 2616 657 2687 scribit,
681 2619 703 2671 si
720 2615 825 2671 duobus
841 2633 908 2689 pure
923 2615 1032 2673 Stichus
1047 2617 1121 2690 lege·

165 2709 219 2770 tur,
243 2709 270 2755 ct
288 2699 357 2756 alter
372 2702 552 2769 manumittat,
575 2699 643 2756 alter
658 2708 721 2773 post
737 2701 972 2757 manumissionem
987 2700 1122 2774 repudiet,

166 2784 211 2839 ubi
227 2799 282 2840 non
299 2781 329 2839 fit
345 2782 484 2854 caducum,
501 2783 652 2840 libertatem
667 2783 757 2840 locum
769 2783 877 2839 babere.
905 2783 1042 2857 idemque,
1056 2793 1084 2838 ct
1099 2785 1121 2838 si

166 2868 247 2924 heres
262 2867 427 2924 deliberante
443 2867 574 2941 legatario
590 2869 774 2935 manumittat,
799 2883 861 2923 mox
881 2867 1027 2941 legatarius
1043 2883 1123 2940 repu-

166 2951 295 3008 diaucrit:
311 2968 371 3008 narn
387 2951 440 3008 hoc
454 2967 519 3007 casu
533 2949 647 3006 liberum
663 2950 722 3007 fore
737 2952 783 3006 ait.

240 3149 259 3217 ¹)
276 3153 304 3202 ad
320 3151 379 3201 Vat.
395 3160 419 3201 at
433 3155 471 3202 cd.
483 3153 576 3202 Hollw.
588 3153 702 3202 Momms.
713 3161 803 3203 autea:
817 3153 929 3202 dubitare
938 3168 972 3202 sc.
1021 3149 1043 3218 ²)
1060 3153 1123 3202 Gon·

166 3224 277 3272 crurium
290 3225 432 3272 sententiae
446 3222 545 3271 Iuliani
558 3230 583 3272 et
599 3222 703 3272 Neratii
716 3225 754 3285 ἐξ.
770 3235 803 3274 tu.
819 3235 852 3275 ts.
904 3220 925 3288 ⁸)
941 3245 975 3265 ι·-
989 3223 1021 3272 L.
1032 3234 1053 3274 s.
1068 3225 1091 3284 §-
1102 3236 1122 3274 a.

166 3293 198 3342 D.
214 3292 247 3340 id.
299 3289 320 3358 ⁴)
335 3291 380 3341 Eae
394 3293 453 3357 usp.
469 3295 552 3356 suppl.
603 3291 625 3357 ⁶)
640 3292 733 3342 Hotlw.
748 3296 832 3357 suppl.
880 3289 960 3357 ³)Au
972 3295 1124 3342 sentenciam

165 3364 290 3424 supplevi.
323 3363 362 3410 Dc
381 3361 543 3425 sequentibus
562 3363 596 3425 cf.
616 3362 696 3414 J..1c.
720 3362 753 3411 D.
773 3363 804 3412 de
822 3362 876 3412 red.
895 3363 954 3412 dud.
970 3362 1019 3429 (84,
1038 3361 1070 3427 5).
1091 3363 1123 3413 L.

167 3443 255 3482 sd-tts
265 3447 309 3494 pr.
336 3431 367 3479 Ι).
388 3433 424 3481 ad
442 3434 457 3480 l.
479 3431 564 3495 Aquii.
581 3429 616 3496 (9,
631 3429 663 3495 2).
692 3431 818 3482 Extrema
836 3433 914 3481 verde
933 3440 1036 3482 exstant
1054 3432 1086 3483 L.
1102 3445 1124 3483 s.

167 3501 199 3547 D.
215 3502 247 3548 de
261 3516 369 3550 manum.
384 3502 453 3550 aiud.
469 3501 517 3563 (ao,
532 3499 554 3566 a)
573 3515 608 3550 car
626 3501 682 3564 [lap.
697 3502 739 3550 tia.
757 3501 850 3551 XVII.
870 3502 906 3551 ari
918 3501 977 3552 saa.
1044 3499 1124 3567 ⁷)An

167 3569 237 3616 Xlll?
258 3570 295 3633 Cf.
312 3570 344 3619 L.
359 3583 392 3620 ³1.
412 3571 444 3619 D.
460 3571 491 3620 de
506 3577 602 3620 testam.
617 3573 669 3620 mil.
685 3569 729 3636 (ss,
744 3571 775 3638 1).
