2542 3909
461 214 488 248 rr.
507 200 637 247 sensurus
655 211 762 249 enonas.
1034 205 1092 261 131

129 331 240 395 autem,
252 329 378 384 Probum
394 330 472 398 prius
490 331 621 384 notarum
635 346 725 401 genus
736 346 792 385 non
804 329 917 400 proprie
935 330 988 383 hoo
999 330 1096 384 libello

129 398 313 467 spectavisse.
356 397 463 450 Paucas
489 398 600 451 tantum
627 398 710 451 huius
737 399 849 466 generis
874 399 1041 466 tantumque
1067 399 1096 450 in

24 469 25 472 Ὗ
128 464 468 587 ruiueunu
609 468 640 586 r
659 464 1037 597 {errulum
1052 466 1096 585 u·

128 615 248 668 quoque
261 549 411 652 nonnulla}
421 600 502 652 notas
518 598 695 653 librariorum
708 599 753 653 cul
775 614 791 652 a
807 598 990 664 intercidisse,
1004 572 1097 652 eriem-

24 677 25 722 1
128 667 182 736 pla
199 667 313 744 tantum
330 682 365 719 er
382 664 436 718 boo
454 681 563 744 genere.
576 667 700 735 posuisse
711 618 855 744 rideatur.
882 667 1008 744 Accedit,
1020 666 1096 735 qnod

129 736 169 787 de
186 733 244 786 ilus
265 732 349 785 hume
372 748 483 801 generis
505 735 592 798 notis,
617 750 687 803 quas
708 750 737 786 in
760 733 816 787 fine
840 733 866 798 §i
883 738 907 785 2.
925 736 1096 787 d1versarum

128 802 210 853 vitae
226 799 317 853 oivilis
330 799 454 867 partium
468 799 508 851 ibi
522 803 803 854 commemoratarum
815 806 937 867 proprior
950 799 1026 864 dicit,
1039 817 1096 854 om-

128 867 200 920 nino
221 882 281 920 esse
301 865 438 920 eiusmodi
451 868 533 920 notas
547 867 639 921 dicere
654 867 720 922 satis
733 868 829 932 habet,
846 866 922 934 ipsas
937 883 994 920 non
1007 867 1096 933 effert,

128 934 210 989 haud
225 934 342 987 obscure
356 933 524 1001 significans,
540 950 587 989 eas
605 935 659 988 sibi
671 950 771 1003 parum
784 948 866 987 curae
879 949 948 999 esse,
964 935 1096 1001 quoniam

128 1000 271 1055 videlicet
286 1000 440 1069 pleraeque
457 1017 514 1055 non
531 1002 565 1054 ut
581 1002 690 1069 priores
708 1000 775 1054 illae
794 1015 954 1053 communes
970 1004 999 1052 in
1017 1000 1096 1055 libris

129 1068 260 1137 vulgaris
272 1067 446 1121 eruditorum
458 1067 597 1134 lectionis,
608 1084 678 1135 quos
687 1068 794 1120 Probus
806 1068 926 1120 maxime
939 1066 1096 1135 spectabat,

130 1136 215 1190 velut
231 1135 379 1200 historicis,
396 1136 617 1203 usurpabantur,
636 1135 731 1189 sedin
749 1134 982 1188 reconditioribns
999 1150 1096 1187 monu-

82 1210 123 1259 loe]
130 1201 238 1257 mentis
251 1201 462 1256 delitescebant,
497 1203 535 1254 At
551 1201 621 1255 haec
638 1203 701 1270 ipsa
716 1200 802 1255 Probi
819 1200 907 1255 verba
923 1200 997 1255 male
1015 1201 1097 1256 intel·

129 1270 210 1324 lecta
230 1284 287 1321 non
310 1268 408 1321 dubito
429 1268 522 1321 fraudi
544 1268 629 1321 fuisse
653 1268 719 1323 viris
743 1268 832 1322 doctis
860 1268 943 1322 medii
969 1269 1045 1335 aevi,
1065 1271 1098 1323 ut

128 1335 377 1391 Pseudo-Probum
396 1335 442 1388 hio
463 1334 649 1392 intruderent.
685 1334 758 1388 Dum
778 1336 852 1389 enim
870 1352 904 1389 ea
920 1336 1015 1401 rerba,
1035 1338 1096 1404 qni·

128 1405 185 1458 bus
205 1402 313 1457 Probus
330 1403 410 1471 quasi
428 1404 556 1468 excusat,
580 1418 630 1455 cur
647 1402 696 1455 hes
718 1403 800 1457 notes
820 1408 944 1471 proprias
963 1404 1096 1472 opusculo

129 1487 182 1525 suo
213 1486 271 1547 nori
293 1469 411 1547 inserat,
432 1471 567 1547 tapquam
590 1485 692 1523 novam
720 1470 923 1546 praefationem
948 1472 1096 1549 accipiunt,

129 1538 866 1681 ub,ztihttlttiutt”illitterati
883 1538 1096 1671 leretur

131 1673 181 1726 alii
204 1671 370 1739 opusculum
390 1670 436 1723 hrc
452 1670 606 1747 fimverunt
624 1672 655 1724 et
666 1673 814 1740 sequentes
831 1672 927 1739 partes
945 1672 1037 1725 denuo
1054 1673 1096 1725 in·

130 1740 239 1806 scripto
257 1738 343 1792 Probi
364 1738 477 1791 nomine
501 1737 646 1806 sigillatim
670 1738 889 1807 descripserunt,
913 1738 961 1791 alii
985 1739 1096 1793 aliunde

131 1805 348 1875 suppleverunt,
366 1806 416 1857 ubi
428 1806 509 1859 notas
520 1804 575 1858 huc
586 1805 723 1859 iacientes
735 1805 812 1858 nullo
830 1806 964 1874 inscripto
976 1809 1097 1861 auctoris

130 1871 1097 1941 nomineinvenerant.Longameamseriemessecpcrtere,persuade·

131 1941 184 1995 bat
192 1940 236 2006 iis,
254 1940 329 2006 quod
348 1938 456 1992 Probus
468 1940 583 2008 longum
598 1939 678 1992 illum
692 1940 812 1993 indicem
823 1945 963 2005 curiarum,
981 1944 1096 2007 tribuum,

131 2014 302 2071 comitiorum,
326 2012 529 2060 sacerdotiorum
558 2009 588 2060 et
616 2008 774 2061 ceterorum
804 2006 1041 2076 praescripsisset;
1070 2010 1098 2061 et

131 2072 420 2196 uremur
433 2073 1096 2195 uururururucuuuircruu-

156 2161 171 2196 r
209 2160 229 2194 u
1067 2160 1097 2194 n·

133 2209 292 2279 brogieam,
316 2207 392 2276 quod
415 2207 464 2260 illo
487 2209 610 2260 omnium
634 2206 708 2272 fere,
731 2221 800 2285 quas
821 2206 906 2259 index
928 2206 977 2260 ille
1001 2208 1096 2275 refert,

133 2293 228 2331 rerum
247 2276 332 2329 notae
356 2274 544 2340 continentur,
563 2275 616 2329 hae
634 2274 802 2353 praeprimis
820 2272 855 2326 ad
874 2273 959 2326 libros
975 2274 1043 2327 iuris
1061 2276 1097 2328 ci·

134 2344 200 2396 vilis
217 2343 355 2410 spectant.
391 2342 460 2395 Cum
478 2343 572 2396 tamen
592 2342 677 2395 etiam
700 2360 728 2394 m
751 2340 933 2409 subpositioia
954 2340 1003 2395 illa
1026 2343 1097 2396 serie

134 2413 265 2463 nol-arum
283 2425 415 2478 magnam
437 2410 547 2477 partem
570 2424 605 2462 ex
622 2409 683 2462 iure
706 2409 783 2462 civili
800 2408 919 2477 petitam
943 2424 1003 2463 esse
1021 2410 1097 2464 vide·

134 2478 207 2541 rent,
225 2475 396 2530 addiderunt
412 2475 498 2529 indici
510 2476 599 2554 verba
608 2481 672 2530 iuris
684 2482 772 2540 ciuilis,
791 2492 863 2545 quae
875 2476 1027 2530 subdititia
1038 2492 1097 2531 esse

86 2567 93 2579 ·
134 2545 221 2598 etiam
239 2543 416 2597 Momsenum
432 2559 489 2597 non
506 2543 589 2612 mpt.

186 2610 314 2665 Altemm
332 2626 429 2679 genus,
449 2626 518 2678 quas
536 2626 620 2678 supra
636 2612 718 2664 notas
730 2610 862 2663 iuridioas
881 2608 952 2675 dixi,
966 2612 1051 2665 etiam
1064 2628 1097 2666 eo

134 2677 1099 2809 tltttltffbtrtirlltiltlttldtbtttl{llll

135 2812 189 2868 hoc
206 2812 320 2879 quidem
340 2762 429 2891 gius
445 2811 566 2865 maxime
579 2810 701 2864 Probum
720 2790 888 2880 spectauisse
908 2786 937 2892 et
948 2784 1097 2892 executum

21 2970 22 2974 ¹
135 2878 1100 3025 ffi'oniffiibidzdieelfewildffisgriduolgirlsldgloesgiegggrieiiaslffdfftiirlrli:

136 3022 261 3069 eormum’
279 3013 327 3068 vel
345 3019 420 3067 ‘iuris
437 3022 572 3067 notarum&
609 3012 716 3066 Vereor
737 3016 832 3067 tamen
855 3030 884 3066 m
922 3030 954 3067 ac
972 3014 1100 3081 opuscuh

135 3083 215 3149 parte
232 3096 289 3135 non
307 3080 398 3135 solnm
417 3079 541 3149 singulas
562 3082 644 3134 notes
660 3081 736 3133 haud
761 3096 863 3150 paucas
882 3080 1030 3140 excidisse,
1050 3080 1099 3134 sed

137 3151 165 3203 et
181 3149 250 3202 alius
267 3149 358 3217 ipsam
377 3164 439 3201 eam
457 3148 568 3216 partem
585 3163 637 3201 nos
649 3148 791 3215 integram
809 3163 865 3200 non
882 3148 995 3201 habere.
1026 3147 1100 3199 Nam

136 3215 202 3281 riso
213 3223 236 3269 1.
254 3216 376 3270 alterum
393 3216 447 3267 hoo
458 3231 547 3294 genus
558 3215 652 3268 verbis
668 3220 694 3267 ia
706 3219 800 3281 lepidus
812 3221 924 3283 iurisque
937 3218 1018 3267 ciuilia
1027 3217 1101 3268 libris

136 3282 322 3353 significatum
345 3284 421 3347 erat,
445 3281 529 3335 video
552 3281 666 3350 quidem
689 3282 726 3335 ad
744 3289 811 3351 lepor
833 3282 969 3361 tanquam
990 3279 1098 3333 fontem

136 3348 202 3403 iuris
223 3351 313 3405 civilis
335 3352 451 3405 cunctas
466 3350 548 3403 notas
564 3350 603 3413 §is
619 3356 644 3404 3.
662 3354 686 3401 4.
700 3350 729 3402 et
741 3356 764 3403 5,
783 3352 943 3418 propos1tes
960 3346 1037 3399 recte
1056 3363 1098 3400 re·

136 3414 215 3483 lerri,
237 3435 300 3473 cum
322 3418 398 3486 legis
423 3416 547 3470 actiones
575 3418 604 3470 et
627 3416 721 3470 edicta
746 3419 885 3485 perpetua
910 3415 1019 3470 tantum
1046 3413 1100 3466 rivi

137 3484 248 3550 quidam
264 3486 311 3541 rel
333 3483 507 3556 propagines
530 3484 654 3551 ipsarum
677 3482 772 3553 legum
795 3484 859 3540 sint.
896 3482 952 3538 Sed
974 3480 1056 3533 notas
1074 3486 1099 3534 in

889 3560 938 3623 o*
