2542 3909
178 220 242 287 390
493 237 555 274 usu
573 237 672 275 rusrrr.
690 218 737 275 IV.
758 223 825 274 131¹.

119 394 121 399 ’
178 381 253 437 tione
276 388 332 451 est,
357 380 432 436 uelut
454 396 515 435 eum
535 380 564 437 in
590 378 715 453 singulos
741 395 827 435 anuos
847 377 893 435 uel
912 391 1020 433 menses
1041 382 1145 432 certem

178 464 319 539 pecuniam
334 463 455 537 stipulati
470 462 615 521 fuerimus:
638 481 699 519 nam
715 462 799 519 linitis
820 461 980 536 quibusdam
1001 462 1078 517 anuis
1096 469 1146 517 aut

179 548 327 617 mensibus,
344 548 423 605 buius
439 547 548 623 quidem
564 550 696 623 temporis
716 547 857 623 pennulam
873 547 1005 621 praestari
1021 554 1145 618 oportet,

178 633 335 689 futurorum
360 640 450 689 autem
472 649 604 689 annorum
626 632 690 689 sane
717 632 826 706 quidem
847 631 976 705 obligatio
1004 638 1146 687 contracta

177 717 355 792 intellegitur,
376 719 524 791 praestatio
546 734 613 775 uero
629 718 718 775 adbuc
732 716 806 773 nulla
822 726 878 780 est;
901 717 923 771 si
944 731 1012 789 ergo
1028 714 1146 771 uelimus

178 802 205 858 id
221 800 339 877 quidem,
361 800 435 874 quod
455 804 588 876 praestari
603 811 725 876 oportet,
745 810 838 876 petere
853 809 881 857 et
901 802 929 856 in
949 799 1078 856 iudicium
1097 799 1147 855 de·

178 886 292 965 ducere,
315 886 433 942 futuram
455 903 521 943 uero
538 886 711 961 obligationis
727 887 937 960 praestationem
957 884 994 940 'in
1014 877 1146 958 integro¹

178 969 347 1045 relinquere,
368 987 480 1028 neeesse
501 980 559 1043 est,
581 980 613 1029 ut
633 987 695 1028 cnm
717 972 767 1029 bac
788 970 1003 1044 praescriptione
1017 984 1147 1043 agamus:

177 1072 220 1113 na
234 1050 290 1114 urs
305 1072 449 1128 acerva,
470 1070 560 1115 ov1vs
576 1073 629 1115 nar
644 1070 719 1113 mss
734 1070 821 1115 rvtr:
845 1054 964 1128 alioquin
983 1056 1006 1110 si
1021 1055 1081 1109 sine
1095 1053 1148 1110 hac

178 1142 391 1215 praescriptione
413 1142 567 1216 egerimus,
595 1158 626 1198 ea
649 1140 751 1198 scilicet
774 1138 907 1211 formula,
936 1155 988 1212 qua
1010 1139 1146 1195 incertum

42 1248 44 1251 ·
109 1232 168 1281 233.
179 1226 307 1299 petimus,
332 1218 336 1303 1
361 1224 439 1282 ouius
454 1227 569 1282 intentio
585 1226 627 1282 his
645 1225 734 1281 uerbis
756 1232 886 1298 concepta
908 1231 963 1280 est:
988 1239 1145 1289 ovroovro

113 1298 280 1366 t⁴⁸·12annr
301 1325 464 1368 urunnrvu
487 1326 645 1370 nnurorvu
666 1326 749 1369 nvno
775 1324 893 1367 donaro
918 1323 1003 1365 oens
1021 1322 1146 1366 rannus

180 1408 360 1464 oronrnnn,
385 1401 471 1449 totam
487 1393 698 1471 obligationem,
721 1394 747 1451 id
763 1403 805 1450 est
820 1390 1033 1450 etlamiuturam
1049 1394 1077 1449 in
1092 1392 1148 1449 boo

177 1478 306 1534 iudicium
330 1478 503 1550 deducimus,
524 1473 595 1557 (set)
610 1473 654 1536 et²
670 1495 738 1551 quae
753 1488 815 1536 ante
836 1483 952 1551 temlpus
969 1477 1148 1551 obligationis

175 1578 357 1634 permensum
371 1565 415 1635 fit,
429 1561 507 1620 nullo
523 1562 604 1619 modo
620 1562 686 1619 lieri
694 1569 800 1635 potest,
819 1578 875 1620 nee
887 1570 893 1624 1
905 1568 999 1636 postea
1014 1561 1147 1635 permissa

176 1648 281 1719 reliqui
301 1650 402 1719 petitio
428 1654 480 1705 est.
525 1642 601 1705 181⁸.
631 1646 715 1714 Ittem
741 1650 763 1703 si
787 1647 864 1704 uerbi
886 1649 973 1722 gratia
995 1662 1027 1702 ex
1050 1652 1144 1719 empto
1159 1658 1220 1712 [sorr
1263 1637 1264 1718 i

177 1746 299 1803 agamus,
322 1738 353 1788 ut
372 1730 451 1787 nobis
472 1731 573 1789 landus
589 1734 721 1806 mancipio
738 1731 828 1804 detur,
851 1731 979 1788 debemus
994 1732 1048 1788 boe
1063 1732 1145 1787 modo
1263 1723 1264 1792 i

178 1813 378 1889 praescribere:
402 1832 444 1874 ns
463 1830 521 1873 aas
542 1832 670 1875 acerva
689 1833 732 1874 on
753 1831 858 1875 rvnno
873 1830 1092 1887 mensurno,
1113 1823 1147 1872 ut
1263 1833 1264 1896 t

177 1907 285 1973 postea,
302 1901 325 1956 si
341 1900 457 1957 uelimus
472 1917 584 1959 uacuam
600 1903 804 1975 possessionem
817 1900 894 1958 nobis
910 1900 989 1976 tradi,
1003 1900 1075 1957 ’eius
1090 1907 1146 1954 tra·
1240 1918 1244 1925 ·

252 2065 271 2136 1)
286 2068 390 2135 Scripsi
403 2086 438 2120 en
452 2073 485 2134 ci.
500 2088 523 2120 u.
538 2071 564 2121 d.
580 2070 686 2122 Hoeven
700 2071 838 2137 (Zeitscbr.
851 2071 873 2134 s.
885 2069 917 2119 li.
932 2069 961 2119 θ.
981 2068 1043 2120 VII.
1053 2086 1082 2133 p.
1092 2066 1144 2134 444)

177 2148 202 2191 44
218 2140 341 2206 liudorfii
349 2142 484 2206 probabili
497 2139 578 2208 (nunc
597 2141 624 2191 V
624 2137 647 2174 ⁸²
656 2139 772 2207 firmata)
787 2144 845 2192 coil.
864 2140 921 2191 Oai.
931 2152 953 2203 4,
963 2151 997 2192 44.
1014 2139 1046 2192 L.
1061 2151 1089 2192 44
1098 2155 1143 2204 pr.

177 2213 211 2262 D.
220 2214 283 2277 fam.
295 2228 348 2263 erc.
359 2213 405 2280 (to,
415 2211 448 2278 2).
464 2213 487 2262 in
497 2214 589 2264 incerto
602 2213 628 2263 0.
639 2213 698 2263 edd.
709 2214 785 2263 etiarn
797 2228 868 2262 meae
879 2224 898 2265 4.
909 2224 929 2262 2.
987 2208 1008 2277 ¹)
1023 2211 1144 2262 Priorem

176 2298 274 2344 earum,
288 2290 523 2349 praesequantur,
543 2286 570 2333 in
589 2284 629 2333 ed.
644 2295 659 2335 4
675 2285 862 2334 restitutionem
877 2284 993 2342 conexi,
1010 2289 1040 2331 ut
1052 2289 1078 2333 et
1096 2282 1125 2331 V
1124 2277 1145 2315 ⁸¹

177 2362 202 2405 et
216 2357 305 2405 sensui
314 2358 393 2419 plene
402 2354 576 2417 satisfaceret.
600 2354 755 2403 Parmensum
765 2356 836 2404 dixit
848 2353 937 2413 Gaius,
952 2355 1014 2418 quia
1023 2368 1144 2404 mensura

177 2428 255 2475 annis
271 2427 311 2475 uei
325 2424 452 2475 mensibus
467 2425 584 2488 sortasse
598 2426 775 2490 compluribus
789 2427 833 2490 fit,
852 2425 916 2475 nullo
934 2424 1005 2474 modo
1024 2426 1144 2491 intellege

176 2511 224 2545 nec
233 2511 285 2560 per
299 2496 426 2545 incertam
441 2496 614 2545 intentionem.

176 2686 260 2721 uacua
270 2674 436 2735 possessione
450 2671 579 2723 tradenda
594 2673 629 2737 (i.
645 2671 729 2740 1t1⁸.),
744 2681 850 2737 poterat
865 2675 897 2723 de
909 2673 1011 2737 suturis
1020 2679 1142 2736 praesta-

176 2741 291 2793 tionibus
303 2744 380 2792 simnl
393 2743 430 2792 ad
442 2744 657 2808 interponendam
671 2746 815 2796 cautionem
826 2747 871 2811 api
884 2744 927 2812 (L.
937 2756 974 2795 44.
989 2745 1022 2792 D.
1032 2744 1064 2795 de
1075 2743 1142 2794 iudi·

177 2814 227 2863 ciis
236 2824 258 2876 o,
269 2825 289 2863 1.
310 2813 362 2864 (lic.
373 2830 426 2880 pro
437 2813 514 2865 liosc.
527 2815 593 2865 Gom.
603 2826 625 2879 4,
636 2814 672 2880 44)
687 2817 795 2881 ideaque
803 2818 981 2881 praescriptio
992 2814 1143 2866 necessaria

116 2885 125 2898 ”
176 2899 227 2935 non
243 2892 308 2935 erat.
334 2900 361 2935 ea
376 2901 410 2935 sc.
427 2886 495 2935 lorm.
511 2902 534 2950 q.
550 2883 608 2954 inc]
625 2888 661 2950 ef.
676 2886 708 2938 L.
724 2897 757 2939 tt.
772 2889 796 2949 ξ.
811 2900 831 2939 4.
851 2886 883 2937 D.
899 2888 931 2937 de
948 2886 1016 2936 uerb.
1032 2884 1081 2936 obl.
1097 2884 1142 2953 (44,

177 2954 209 3021 4).
228 2971 310 3021 supra
325 2958 365 3019 ξς,
380 2968 414 3008 44.
430 2966 463 3009 44.
537 2953 563 3027 ξ.
580 2959 655 3010 131⁸.
677 2958 715 3021 Os.
731 2958 763 3007 L.
778 2970 811 3009 44.
831 2959 855 3021 i.
871 2971 892 3011 t.
915 2958 948 3008 D.
963 2959 995 3008 de
1008 2957 1087 3007 aedil.
1102 2956 1142 3006 ed.

176 3025 222 3094 (44,
233 3025 265 3091 4),
276 3027 328 3088 ubi,
339 3030 400 3093 qnia
411 3030 438 3078 in
446 3029 546 3092 sactum
556 3031 625 3080 actio
636 3036 695 3078 erat
703 3036 728 3079 et
742 3030 834 3079 iterum
843 3032 932 3095 agenti
940 3030 996 3079 doli
1004 3028 1143 3092 replicatio

172 3100 329 3163 proficiebat
342 3100 387 3167 (cf.
403 3101 440 3150 ad
452 3101 476 3163 i.
492 3099 551 3165 444),
565 3103 622 3151 sota
632 3100 783 3163 praedictio
796 3099 956 3164 srrsstciebat,
972 3115 1003 3150 ne
1017 3100 1049 3150 de
1063 3100 1142 3150 omni·

177 3168 224 3221 bus
237 3172 309 3222 vitiis
322 3179 406 3223 actum
421 3186 476 3222 esse
490 3172 631 3222 videretur.
651 3169 750 3220 Similis
764 3175 844 3221 estin
861 3187 919 3221 rem·
929 3172 998 3223 ectio
1014 3170 1063 3235 (uel
1077 3170 1145 3219 certi

177 3242 309 3292 condictio
324 3244 347 3304 ἓ.
358 3243 407 3295 5³⁸.
421 3242 458 3308 ts)
473 3258 508 3292 erc
521 3244 632 3306 speciali
646 3257 736 3293 eausa.
755 3241 787 3292 L.
802 3254 836 3292 44.
856 3244 880 3305 ξ.
895 3256 916 3295 e.
935 3243 968 3291 D.
982 3242 1015 3292 de
1029 3256 1087 3291 erce.
1102 3242 1145 3290 rei

176 3313 231 3362 iad.
246 3312 292 3378 (44,
306 3312 338 3378 e).
363 3313 426 3363 Item
439 3314 465 3363 ai
478 3313 542 3378 qaid
555 3320 632 3363 entra
647 3313 764 3363 ordinent
775 3314 885 3377 petitur.
909 3312 942 3364 L.
957 3325 983 3366 ’44
993 3328 1037 3377 pr.
1064 3312 1097 3362 D.
1111 3312 1144 3361 de

176 3385 225 3449 lep.
240 3396 261 3435 4.
281 3391 307 3433 ut
316 3392 400 3447 postea
410 3379 471 3450 ete]
488 3398 544 3434 cum
554 3383 626 3446 sorte
641 3384 769 3442 conuenit,
784 3391 812 3434 ut
822 3391 915 3447 postea
929 3384 1089 3442 traderetur,
1104 3384 1144 3432 nel

177 3470 234 3504 enm
253 3455 358 3503 interim
376 3456 504 3503 intererat
517 3456 629 3513 actoris,
649 3469 681 3504 ne
691 3454 803 3519 pipnori
815 3453 944 3520 obligaret
957 3454 1085 3513 uenditor,
1104 3456 1144 3503 uei

177 3540 209 3573 ne
228 3525 372 3574 creditores
391 3525 447 3575 eius
466 3525 663 3573 immitterentur
678 3531 702 3574 et
720 3525 867 3575 venderent.
897 3523 951 3574 Nec
971 3526 997 3573 in
1017 3524 1145 3575 eiusmodi

177 3593 280 3643 caribus
295 3594 402 3645 nocebat
416 3596 534 3657 exceptio
550 3596 604 3644 litis
619 3594 748 3645 dividuae.
770 3594 809 3658 Of.
824 3597 847 3657 i.
863 3607 910 3647 444.
