2542 3909
165 221 226 277 102
373 228 398 262 A.
418 227 582 262 cessaturus.
602 236 635 251 -.-
654 224 678 259 u.
697 224 785 259 rvurvs
804 222 910 259 cussa.

485 380 524 444 A.
548 374 810 444 CASCELLIVS

525 468 644 532 (eiusdem
658 468 761 533 aetatis).

224 568 250 628 1.
273 568 418 625 Cascellius
432 569 642 624 iurisconsultus
666 566 824 623 urbanitatis
840 567 924 623 mirae
937 565 1126 639 libertatisque

162 654 326 722 habebatur3
349 653 495 726 praecipue
517 660 606 708 tamen
628 653 651 707 is
667 653 743 708 iocus
759 653 817 707 eius
832 652 965 706 innotuit:
982 649 1126 723 lapidatus

162 738 296 811 apopulo
311 737 441 808 Vatinius,
457 753 518 792 cum
533 735 721 808 gladiatorium
733 752 831 791 munus
843 734 944 804 ederet,
961 734 1127 805 obtinuerat,

164 832 193 878 ut
215 821 316 878 aediles
339 823 486 891 edicerent,
508 836 543 875 ne
565 821 626 892 quis
648 820 676 874 iu
698 835 803 875 arenam
826 819 878 874 uisi
899 834 1010 891 pomum
1022 819 1128 873 misisse

162 905 257 962 uellet.
273 905 345 961 iorte
360 906 402 960 his
417 903 511 960 diebus
527 902 672 959 Cascellius
687 903 828 960 consultus
844 919 858 957 a
875 903 999 975 quodam,
1023 918 1056 957 an
1072 918 1128 957 nux

162 992 240 1064 pinea
262 1006 373 1061 pomum
395 997 478 1059 esset,
500 987 653 1060 respoudit:
686 985 726 1043 ‘Si
748 990 775 1042 in
792 986 924 1042 Vatinium
939 988 1071 1042 missurus
1087 1003 1128 1057 es,

162 1089 273 1148 pomum
289 1067 373 1129 est'.1
389 1104 429 1112 —
446 1071 562 1128 llacrob.
578 1071 681 1142 Sat.·2,
698 1071 726 1127 6.
744 1068 772 1144 S.
790 1071 817 1128 1.

226 1153 254 1214 2.
278 1157 419 1213 llercatori
441 1156 547 1225 deinde,
569 1155 795 1228 quemadmodum
816 1171 876 1210 cum
892 1155 967 1210 socio
983 1155 1072 1209 nauim
1088 1153 1128 1208 di·

162 1242 280 1311 uideret,
302 1242 480 1311 interroganti
502 1239 676 1310 respondisse
696 1238 824 1302 traditum
847 1238 953 1293 ‘Nauim
974 1240 997 1293 si
1017 1237 1128 1308 diuidis,

162 1340 213 1380 nec
229 1333 259 1379 tu
273 1340 324 1379 nec
338 1324 429 1378 socius
445 1321 577 1377 habebis'.
594 1354 636 1364 —
648 1322 764 1379 llacrob.
779 1322 815 1377 ib.
834 1318 860 1395 §.
876 1312 924 1377 2.²

433 1467 494 1531 *n
516 1466 663 1532 nunnus
687 1466 859 1533 unusne
1137 1480 1183 1529 [aar

527 1554 771 1622 (cossa-uos
1255 1579 1256 1613 t

476 1648 816 1720 Auspiciorum.

225 1755 249 1813 1.
273 1756 356 1812 lulius
368 1755 465 1812 Caesar
475 1765 553 1812 sexto
565 1756 669 1812 decimo
685 1758 866 1830 auspiciorum
878 1754 946 1813 libro
957 1766 1048 1830 negat,
1060 1773 1130 1813 uun·

164 1843 236 1897 diuis
251 1842 406 1897 contionem
417 1839 544 1896 aduocari
558 1855 650 1913 posse,
673 1840 700 1895 id
715 1850 766 1912 est,
784 1857 844 1896 cum
859 1840 962 1915 populo
977 1842 1032 1914 agi,
1052 1840 1128 1897 ideo·

164 1943 217 1999 que
227 1924 353 1981 nundinis
365 1924 548 1981 Romanorum
560 1923 651 1980 haberi
662 1926 769 1981 comitia
781 1941 836 1980 uon
847 1940 937 1998 posse.
953 1954 995 1965 -
1010 1923 1127 1980 llacrob.

164 2011 220 2068 Sat.
238 2010 267 2081 1,
284 2009 333 2065 16.
350 2006 378 2083 §.
394 2008 445 2066 29.

227 2088 255 2149 2.
281 2092 377 2149 Caesar
402 2094 430 2148 in
456 2092 645 2166 auguralibus:
676 2092 716 2148 ‘Si
743 2094 847 2148 sincera
873 2108 956 2165 pecus
983 2090 1063 2153 erat’‚
1087 2120 1129 2133 --

164 2177 289 2233 Priscian.
307 2178 336 2248 6,
354 2178 403 2235 16.
421 2173 449 2251 S
466 2176 517 2234 86.
534 2196 562 2251 p.
580 2177 641 2235 719
655 2176 765 2234 Putsch.
780 2193 807 2250 p.
825 2176 887 2233 270
898 2176 989 2231 Hertz.

228 2258 257 2318 3.
280 2260 310 2315 Ι..
326 2262 435 2317 Caesar:
463 2260 623 2334 ‘certaeque
638 2278 682 2317 res
699 2259 877 2335 augurantur’
894 2257 1130 2319 οἰωνοσκοποῦν·

164 2364 222 2401 ται.
241 2377 279 2386 -
295 2345 426 2401 Priscian.
442 2344 472 2416 8,
487 2344 517 2400 4.
534 2341 562 2417 S.
581 2340 630 2401 15.
648 2362 675 2417 p.
693 2344 752 2401 791
770 2344 880 2403 Putsch.
895 2361 922 2417 p.
939 2344 1002 2403 380
1016 2346 1108 2403 llertz.

227 2425 256 2484 4.
279 2428 407 2484 llaiorem
425 2428 565 2483 consulem
584 2426 613 2487 t.
630 2428 727 2483 Cacsar
748 2437 826 2501 putat
848 2426 919 2486 dici⁴
934 2427 979 2485 uel
994 2446 1067 2505 eum,
1082 2448 1130 2504 pe·

165 2529 214 2568 nes
231 2526 310 2584 quem
324 2510 411 2567 lasccs
426 2512 490 2573 siut,
507 2511 552 2566 uel
567 2528 640 2583 eum,
656 2513 703 2583 qui
718 2513 793 2586 prior
809 2513 896 2570 iactus
912 2515 960 2575 sit:
976 2522 1130 2588 praetorem

165 2604 255 2652 autem
270 2596 398 2649 maiorem
414 2592 554 2663 urbanum,
570 2595 688 2651 minores
700 2603 817 2654 ceteros.
830 2625 869 2637 -
883 2597 954 2653 lieet.
966 2614 990 2651 v.
1003 2597 1130 2655 llaiore'm

164 2698 193 2753 p.
210 2679 281 2736 161.

168 2793 371 2801 ---

240 2839 261 2908 ¹)
277 2841 315 2905 Cf.
333 2841 384 2891 Cic.
400 2843 429 2890 in
448 2842 535 2891 Vatin.
550 2853 583 2894 15.
599 2870 632 2880 -
648 2843 680 2891 Ι..
695 2854 741 2895 205.
769 2844 801 2893 Ι).
817 2846 842 2894 d.
858 2844 927 2895 verb.
942 2848 1008 2911 sign.
1024 2844 1069 2912 (50,
1084 2846 1129 2912 15).

168 2915 381 2975 Plin.1tt‚oetsn.
411 2909 600 2978 ¹)Eleqantius
614 2913 720 2973 Quintil.
735 2914 758 2963 Ι.
775 2913 803 2963 0.
819 2927 840 2977 a,
852 2928 872 2967 a.
887 2917 910 2976 ὅ.
926 2928 959 2967 st.
981 2913 1130 2975 ‘Cascellim

166 2986 211 3048 qui
225 2986 368 3034 consultori
381 2985 493 3033 dicenti:
507 2982 601 3033 Nauim
610 2986 729 3034 diuidere
740 2988 806 3035 uolo.
819 2982 1064 3051 ‘Perdes’,inquit’.
1087 2987 1131 3037 Ce-

166 3062 249 3103 terum
260 3054 402 3104 Cascellius
411 3054 570 3118 haeesaeeta
583 3070 709 3119 responsa
716 3055 782 3105 libro
791 3054 982 3107 benedictorum
989 3059 1131 3107 inseruisse

167 3125 254 3174 uideri
267 3132 361 3189 potest.
383 3125 420 3188 Cf.
436 3125 468 3173 L.
483 3136 503 3175 s.
519 3127 541 3186 ξ.
552 3136 587 3177 45.
615 3126 648 3174 D.
664 3127 695 3175 de
709 3128 775 3191 oriy.
793 3128 844 3175 iar.
864 3127 895 3192 (1,
906 3126 937 3193 s).
972 3124 992 3192 8)
1007 3127 1061 3177 Hie
1075 3145 1132 3178 cum

166 3197 233 3245 idem
241 3196 324 3259 fuisse
343 3197 472 3254 uideatur,
487 3198 532 3260 qai
540 3204 647 3247 auctore
658 3195 774 3246 Maerob.
785 3195 839 3246 Sat.
850 3208 871 3259 s,
883 3210 903 3249 9.
932 3197 1069 3248 Lentulum
1081 3200 1131 3264 sla·

166 3268 258 3316 minem
272 3266 421 3316 Martialem
435 3268 605 3332 inauguravit
619 3268 664 3332 (cf.
677 3267 811 3317 Drnmann
825 3268 913 3318 Gessit.
926 3268 1037 3318 Romsll.
1044 3284 1071 3333 p.
1082 3280 1127 3321 551,

166 3337 207 3386 111.
214 3352 241 3402 p.
251 3335 309 3403 123),
322 3352 373 3387 non
384 3336 479 3396 dubito,
490 3339 553 3402 quin
567 3340 592 3387 ei
607 3338 636 3386 1ιί
643 3340 785 3402 auyurales
797 3338 860 3388 libri
873 3338 1005 3389 tribuendi
1013 3341 1073 3388 sint.
1105 3339 1130 3390 C.

169 3406 277 3458 Caesari
294 3409 419 3458 dictatori
436 3408 518 3458 tridui
536 3425 586 3459 non
601 3423 688 3472 passe,
705 3411 782 3458 etiam
800 3410 866 3460 uidit
885 3409 1035 3475 Nipperdey
1050 3412 1078 3459 in
1092 3411 1131 3460 ed.

169 3477 290 3528 Caesaris
299 3494 324 3542 p.
335 3490 382 3530 ast.
411 3476 434 3544 ⁴)
449 3480 518 3530 Puta
532 3482 560 3528 in
575 3480 702 3544 anynrt'is.
731 3479 797 3529 Fest.
808 3496 830 3529 o.
843 3480 957 3530 Remissa
972 3483 1092 3530 exercitu
1103 3497 1131 3546 p.

167 3559 215 3599 teo.
230 3549 304 3611 infra
317 3551 344 3598 in
360 3550 396 3600 M.
412 3550 508 3601 Antist.
522 3549 644 3599 Labeone
657 3560 691 3601 ts.
