2542 3909
446 228 621 268 os111ns‘r1r.
639 211 674 265 II.
694 218 837 270 182-186.
1066 218 1129 283 263

159 375 331 432 stitutionem
346 371 434 446 palam
450 371 555 444 lacere,
578 373 604 428 id
626 382 668 429 est
684 390 717 430 eo
733 374 811 445 loco,
832 392 887 448 quo
903 375 1035 450 pupillum
1051 377 1129 433 here-

159 460 220 515 dem
236 458 418 530 instituimus3
436 453 525 531 (nom)
542 457 665 532 uulgaris
679 458 839 516 substitutio
855 463 891 516 ita
908 470 989 518 uocat
1004 462 1036 517 ad
1051 462 1129 518 bere·

158 545 270 600 ditatum
286 542 483 614 substitutum,
509 543 533 596 si
549 544 659 598 omnino
674 544 793 617 pupillus
817 545 897 602 heres
912 562 967 602 non
991 547 1129 617 extiterit3

160 627 233 703 quod
257 627 369 696 accidit,
392 643 452 682 cum
476 628 542 682 uloo
565 637 678 700 parente
700 629 830 701 moritur,
861 646 916 702 quo
939 648 1003 687 casu
1025 631 1130 687 nullum

158 712 301 769 substituti
324 709 484 767 maleficium
507 713 640 786 suspicari
660 728 824 786 possumus,
853 731 914 770 oum
937 715 1040 772 scilieet
1063 715 1129 772 uiuo

158 805 292 854 testatore
308 797 412 867 omnis,
434 813 503 870 quae
520 799 547 851 in
569 804 734 853 testamento
750 799 853 870 scripta
869 800 935 871 sint,
951 801 1127 873 ignorentur:

159 882 231 938 illam
246 889 336 936 autem
352 879 591 952 substitutionem,
613 897 664 955 per
679 899 775 955 quam,
791 884 896 938 etiarnsi
912 883 992 940 heres
1007 886 1130 942 extiterit

160 965 290 1042 pupillus,
307 973 350 1022 set
361 967 432 1021 intra
443 965 615 1039 pubertatem
628 966 786 1034 decesserit,
796 966 975 1023 substitutum
988 986 1127 1039 nocemus,

160 1052 304 1124 separatim
334 1051 362 1105 in
390 1049 563 1106 interioribus
593 1049 692 1106 tabulis
715 1050 872 1123 scribimus,
902 1069 1001 1126 easque
1024 1052 1129 1108 tabulas

71 1168 74 1176 ·
161 1137 272 1210 proprio
299 1135 354 1191 lino
384 1137 548 1209 propriaque
571 1141 632 1191 cers
655 1136 864 1233 consignamus,
891 1145 918 1192 et
941 1139 968 1191 in
991 1137 1129 1211 prioribus

161 1219 260 1276 tubulis
276 1235 420 1290 canemus,
443 1236 478 1275 ne
500 1219 645 1276 inferiores
662 1218 767 1276 tabulae
783 1221 848 1277 uiuo
871 1218 927 1277 fibo
944 1229 971 1276 et
986 1222 1096 1277 adhue
1089 1238 1129 1277 tn·

160 1305 264 1380 pubere
280 1306 443 1378 aperiantur.
475 1313 516 1360 set
531 1305 614 1378 longe
631 1304 715 1360 tutius
731 1313 773 1360 est
775 1314 947 1380 ,utrumque
962 1323 1051 1382 genus
1066 1305 1130 1361 sub-

161 1390 313 1445 stitutionis
334 1381 500 1462 ’separatim
517 1391 543 1444 in
559 1387 734 1444 inferioribus
750 1348 848 1446 tabulis
863 1392 1029 1464 consignari,
1046 1390 1130 1465 quod,

163 1476 187 1530 si
198 1477 234 1530 ita
250 1473 434 1572 ’consignatae
447 1467 508 1530 uel¹
522 1481 662 1547 separatae
673 1473 775 1530 luerint
786 1474 1008 1545 substitutiones,
1021 1483 1051 1531 ut
1063 1475 1130 1530 disi·

163 1553 234 1630 runs,
257 1575 296 1615 em
316 1559 408 1632 priore
429 1566 522 1632 potest
537 1558 690 1632 intellegi
683 1575 712 1614 in
724 1553 841 1616 ’altera²
857 1577 967 1634 quoque
984 1560 1053 1615 idem
1070 1576 1130 1616 esse

163 1643 338 1700 substitutus.
359 1641 364 1713 Ι
382 1639 448 1704 182.
465 1643 524 1700 Non
546 1643 634 1699 solum
657 1651 746 1700 eutem
769 1643 915 1700 heredibus
936 1646 1070 1702 institutis
1090 1642 1202 1700 iu·101·

97 1739 154 1794 [ise]
163 1727 309 1803 puberibus
333 1727 424 1784 liberis
447 1729 484 1784 ita
500 1726 668 1784 substituere
685 1746 848 1802 possumus,
869 1737 901 1784 ut
916 1731 938 1785 si
954 1738 1016 1786 aute
1031 1729 1130 1803 puber·

162 1822 245 1870 tatem
261 1814 362 1868 mortui
377 1812 490 1886 luerint,
512 1814 584 1868 sitis
600 1813 691 1883 heres,
712 1831 792 1887 quem
808 1830 859 1871 nos
876 1814 1060 1884 uoluerimus,
1083 1813 1131 1869 sed

163 1901 241 1955 etiam
259 1897 443 1954 exheredatis:
466 1899 557 1971 itaque
574 1913 606 1953 eo
622 1915 686 1954 oasu
702 1901 725 1954 si
742 1899 806 1972 quid
827 1898 932 1972 pupillo
949 1915 981 1955 en
995 1898 1130 1954 heredlta·

163 1983 235 2040 tibus
265 1983 398 2056 legatis-ue
426 1991 472 2037 aut
500 1983 690 2038 donationibus
719 1984 937 2057 propinquorum
965 1983 1130 2055 adquisitum

164 2068 260 2139 luerit,
282 2067 309 2122 id
331 2083 410 2122 omne
431 2069 467 2123 ad
485 2066 663 2123 substitutum
684 2068 811 2141 pertinet.
848 2063 914 2125 188.
936 2065 1131 2140 Quaecumque

164 2151 279 2208 diximus
300 2151 334 2206 de
354 2151 550 2208 substitutione
570 2150 732 2225 inpuberum
749 2150 915 2225 liberorum,
939 2151 981 2207 uel
1000 2151 1132 2206 heredum

165 2239 353 2293 institutorum
377 2237 420 2292 uel
444 2235 686 2309 exheredatorum,
716 2235 809 2291 eadem
832 2237 911 2291 etiam
941 2236 973 2290 de
997 2236 1131 2308 postumis

165 2321 365 2393 intellegemus.
410 2317 477 2378 184.
495 2320 628 2378 Extraneo
653 2337 720 2376 uero
743 2319 835 2376 heredi
858 2320 985 2376 instituto
1007 2321 1045 2375 ita
1069 2317 1132 2374 sub·

165 2409 278 2462 stituere
298 2423 353 2461 non
374 2422 537 2480 possumus,
561 2415 591 2462 ut
612 2407 635 2461 si
655 2406 733 2462 heres
749 2406 871 2461 extiterit
887 2414 914 2460 et
935 2407 1006 2460 iutra
1022 2403 1131 2477 aliquod

165 2499 274 2564 tempus
289 2491 447 2563 decesserit,
464 2489 531 2547 alius
544 2493 568 2546 ei
579 2491 660 2547 heres
676 2492 727 2559 sit;
743 2490 791 2546 sed
807 2490 860 2546 hoo
871 2489 959 2546 solum
976 2490 1053 2546 nobis
1069 2506 1131 2563 per-

166 2576 278 2631 missum
295 2584 351 2648 est,
372 2586 403 2632 ut
419 2593 480 2631 eum
500 2591 550 2650 per
566 2573 801 2632 fideicommissum
819 2573 984 2650 obligemus,
1009 2584 1039 2630 ut
1055 2574 1132 2630 here·

165 2660 277 2717 dilatem
294 2669 414 2717 nostram
430 2659 475 2716 uel
490 2669 581 2718 totam
589 2660 633 2716 uel
647 2659 657 2732 (
660 2657 728 2735 pro)
745 2668 821 2733 purte
837 2659 978 2754 restituat3
1002 2659 1097 2733 quod
1090 2675 1132 2714 rus

165 2745 245 2820 quale
260 2747 309 2817 sit,
327 2763 378 2802 suo
393 2745 454 2802 loco
471 2745 618 2801 trademus.

227 2827 291 2888 185
308 2831 384 2887 Sicut
399 2839 488 2886 eutem
509 2829 586 2887 liberi
607 2829 747 2902 homines,
767 2830 805 2884 itu
820 2837 849 2885 et
863 2830 953 2900 serui,
975 2787 1029 2886 tarn
1045 2829 1133 2884 nostri

166 2932 245 2987 quam
262 2916 356 2987 alieni,
372 2915 486 2971 heredes
502 2914 583 2971 scribi
599 2923 727 2987 possunt.
769 2908 836 2971 186.
857 2913 910 2970 Sed
925 2924 1133 2970 nostersenuus

167 2999 246 3054 simul
267 3010 294 3057 et
315 2999 383 3056 liber
405 3007 433 3056 et
455 2999 535 3056 heres
551 3015 611 3055 esse
627 2999 713 3054 iuberi
735 2998 832 3069 debet,
856 2999 940 3055 idest
961 3000 1014 3054 hoo
1036 2998 1132 3054 modo:

241 3129 260 3200 ¹)
275 3135 349 3186 Haeo
364 3151 420 3184 oum
435 3133 590 3184 Mommseno
605 3134 710 3183 delendi
724 3132 805 3198 (quod
814 3134 884 3196 facit
898 3133 947 3182 Kr.
959 3131 999 3182 ed.
1014 3130 1037 3196 2)
1052 3147 1133 3181 causo

165 3208 238 3256 nullu
252 3215 297 3256 est.
364 3203 384 3270 ²)
400 3206 473 3255 altera
489 3205 548 3254 alter
564 3205 590 3254 0.
605 3206 646 3254 ed.
660 3205 709 3271 Bg.

236 3310 618 3383 §.182.=§.4.I.tit.ott.
641 3311 679 3375 Cf.
699 3311 838 3375 Ulpses.
907 3307 933 3380 8.
951 3312 1097 3372 183.--§.
1111 3322 1133 3360 4.

164 3385 187 3435 I.
203 3387 247 3451 cit.
268 3386 306 3449 Cf.
324 3385 377 3436 Oto.
391 3385 423 3436 de
438 3391 504 3435 orat.
521 3395 545 3446 1,
560 3393 594 3434 eo.
614 3385 637 3445 §-
653 3393 693 3434 1eo
716 3395 740 3444 s,
755 3396 781 3435 es
792 3385 839 3447 fio.
854 3383 886 3432 de
900 3385 951 3432 inv.
966 3393 1039 3445 mr.
1060 3383 1083 3443 t.
1098 3393 1133 3432 oe.

165 3473 186 3507 c.
202 3470 236 3508 42.
257 3459 279 3520 ξ.
296 3467 342 3508 122.
404 3451 430 3526 ᾗ
447 3457 505 3507 184.
522 3477 555 3498 =-
570 3456 593 3516 5.
608 3465 629 3506 9.
649 3453 672 3502 Ι.
687 3455 725 3502 tit.
741 3457 784 3505 eit.
800 3453 836 3520 (2,
851 3453 896 3520 16).
920 3469 964 3503 suo
979 3451 1044 3521 loco]
1060 3454 1083 3514 §-
1095 3463 1134 3504 itt

164 3535 254 3594 etseq.
324 3523 368 3596 ἐξ.
385 3529 445 3578 185.
461 3529 520 3578 186.
538 3526 576 3590 Cf.
590 3542 632 3589 pr.
648 3524 670 3575 I.
685 3526 717 3574 de
731 3526 786 3575 her.
802 3528 862 3575 inat.
878 3524 909 3592 (u,
925 3523 969 3590 14).
993 3524 1048 3589 vtp.
1064 3536 1099 3590 22,
1113 3537 1133 3577 t.

166 3599 242 3650 Paul.
258 3613 279 3664 a,
294 3610 308 3650 s
321 3597 352 3648 B.
368 3601 391 3661 ἓ.
407 3612 426 3653 r.
441 3613 523 3663 sopra
538 3599 560 3660 ς.
576 3608 623 3648 nse.
645 3609 665 3660 1,
680 3607 713 3647 st.
