2542 3909
428 225 495 263 1v1a1
513 224 608 261 rursu
626 226 698 261 saur.
716 206 763 261 IV.
784 214 826 262 11.
1039 206 1101 271 521

65 362 136 413 [42⁶1
148 355 273 429 legitima
287 354 380 411 matris
396 354 540 411 intestatae
554 354 689 411 hereditas
704 356 841 429 pertinere
856 370 911 412 non
922 363 1028 429 potest3
1044 357 1105 429 quia

149 454 240 513 neque
255 438 329 495 serui
344 454 433 511 neque
447 436 536 494 liberti
552 447 664 495 matrem
680 437 785 495 ciuilem
797 438 896 495 habere
906 439 1104 514 intelliguntur.

148 520 180 581 8.
203 521 244 577 Ad
259 521 405 595 legitimam
426 522 569 579 intestatae
588 524 682 579 matris
702 522 878 580 hereditatem
898 522 945 579 filii
965 526 1040 579 ciues
1054 523 1106 579 lto·

149 607 236 677 mani,
258 620 314 662 uon
330 608 410 661 etiam
424 598 541 677 Latini,¹
564 606 756 675 admittuntur,
778 608 852 663 ciues
868 615 957 663 autem
972 607 1106 663 llomauos

151 706 185 747 eo
203 698 326 763 tempore
342 705 401 745 esse
418 697 542 762 oportet,
559 707 612 763 quo
633 688 676 745 'iis
692 689 814 746 defertur
828 699 856 746 et
871 690 904 747 ab
919 683 971 746 iis²
986 690 1107 764 legitima

152 773 289 830 hereditas
305 772 381 828 ’adiri
395 766 519 846 potest,³
533 772 656 848 'proinde
673 771 747 847 (oum
761 771 806 846 de)
822 767 929 830 morte⁴
944 776 1034 829 matris
1049 790 1107 832 aer-

151 858 238 914 tiores
248 855 295 912 filii
308 854 387 927 liunt,
403 872 458 912 non
470 859 565 913 nuntio
578 866 701 931 eccepto,
716 857 763 912 sed
779 873 828 931 pro
841 856 943 929 liquido
955 864 1106 930 comperto,

152 940 226 1015 quod
241 938 371 996 intestata
386 934 558 997 decesserit.⁶
598 938 629 998 4.
653 934 754 997 ⁶lilius
768 948 914 997 maternam
929 939 1106 997 hereditatem

153 1022 327 1099 eamdemque
342 1022 491 1097 legitimam
506 1025 557 1081 nisi
572 1024 696 1080 adeundo
713 1040 844 1098 quaerere
858 1040 914 1081 nos
928 1031 1030 1098 potest.

439 1185 502 1227 uir.
518 1186 560 1225 xr.
590 1186 632 1227 us
649 1183 816 1226 oasmsva.

306 1272 352 1354 [t.
369 1278 398 1336 9.
421 1279 456 1337 tt.
473 1280 508 1337 de
521 1281 603 1353 prad.
619 1285 647 1335 el
662 1279 747 1351 assiu.
765 1276 828 1351 (38,
846 1272 952 1356 10).]*

153 1462 255 1498 smum
265 1460 300 1495 em
308 1454 388 1509 paeto
399 1462 497 1511 parere
507 1455 603 1511 posset,
612 1450 722 1498 alterum
731 1449 863 1504 remansit,
873 1455 901 1497 ut
909 1455 935 1497 et
943 1462 971 1497 se
980 1455 1005 1496 et
1013 1446 1109 1497 liberos

149 1525 230 1584 paeto
246 1518 273 1567 in
288 1516 434 1567 libertinam
449 1519 620 1569 conditionem
638 1519 704 1568 dare
718 1520 821 1576 liceret,
842 1533 920 1583 eoque
934 1525 1022 1567 noster
1036 1521 1110 1569 loeus

153 1594 253 1653 spectat
266 1594 291 1636 et
304 1585 335 1636 L.
351 1598 371 1638 a.
391 1590 413 1651 ξ.
429 1599 449 1638 a.
469 1588 500 1637 tt.
516 1589 540 1638 b.
555 1597 573 1639 t.
588 1589 632 1653 (aa,
647 1588 692 1654 11).
757 1585 787 1655 11)
802 1588 871 1637 Puta
885 1604 919 1639 es
932 1589 1030 1640 Latina
1043 1591 1109 1647 nati,

154 1674 220 1725 quae
235 1673 291 1708 cum
304 1665 358 1708 tres
368 1659 440 1720 filios
450 1660 603 1722 peperisset,
618 1659 764 1710 sibialiam
776 1660 852 1722 sacta
865 1660 916 1708 iam
926 1661 1043 1710 decessit.
1069 1660 1107 1722 Cf.

153 1742 175 1789 1,
190 1742 210 1781 s.
229 1731 270 1791 ἃς.
280 1739 300 1779 ’1.
310 1738 331 1779 8.
356 1727 465 1778 Multum
479 1731 561 1794 ipitur
575 1732 602 1778 in
616 1730 666 1779 dae
680 1745 761 1780 eausa
770 1732 909 1789 intererat,
919 1746 954 1779 ear
968 1733 1023 1795 lepe
1032 1730 1109 1779 Aelia

154 1799 245 1850 Sentis
259 1800 298 1848 ael
312 1801 414 1849 erroris
428 1815 531 1849 eausam
541 1800 662 1863 probari.
684 1800 741 1849 Gai.
757 1813 777 1858 1,
787 1812 814 1851 so
823 1815 874 1864 seq.
926 1797 1004 1864 ²)Ita
1018 1800 1107 1849 Kienz.

154 1886 189 1921 eas
205 1869 276 1927 cdd,
292 1869 344 1917 nisi
357 1870 426 1932 quod
440 1870 469 1918 iis
479 1885 531 1932 pro
546 1870 584 1919 his
598 1872 703 1933 scripsi.
731 1871 761 1919 al>
776 1871 861 1919 iisdem
875 1870 932 1919 edd.
994 1866 1015 1934 ⁸)
1031 1871 1111 1919 aditur

154 1940 218 2007 (pro
234 1938 320 2005 sdirip,
335 1946 363 1988 ut
372 1939 448 2004 puto)
464 1940 525 1989 Cdd.
541 1939 585 1988 Kl.
595 1940 654 1990 edd.
700 1936 723 2004 ⁴)
736 1940 836 2003 perinde
850 1946 928 1989 antem
940 1939 1003 1988 Gdd.
1013 1939 1057 1989 Kl.
1067 1941 1108 1989 ed.

154 2011 229 2061 Haeo
243 2018 268 2060 et
281 2024 347 2075 quae
360 2017 502 2073 sequuntur
517 2024 595 2074 usqae
609 2010 646 2061 ad
655 2011 731 2072 finem
746 2012 773 2071 §i
786 2012 813 2059 iu
827 2010 885 2059 edd.
900 2024 951 2059 nan
965 2016 1063 2059 extant.

155 2080 177 2149 ⁶)
192 2081 235 2131 Ita
253 2080 344 2131 Kleuz.
363 2096 398 2129 eu
419 2080 480 2129 Cdd.
496 2082 603 2143 paulum
620 2081 756 2130 correctis.
787 2080 827 2129 De
845 2094 874 2129 re
892 2080 927 2141 as.
947 2079 980 2128 t.
994 2091 1028 2131 11.
1048 2082 1072 2141 ξ.
1087 2093 1107 2131 1.

154 2152 187 2203 L.
202 2163 236 2204 19.
251 2161 277 2202 st
285 2167 331 2215 pr.
355 2151 387 2200 D.
402 2151 434 2201 de
447 2166 504 2214 aaa.
520 2166 542 2199 a.
558 2165 604 2202 ant.
619 2149 673 2199 ber.
688 2148 733 2214 (aa,
748 2148 779 2215 2).
853 2146 874 2214 ⁶)
890 2149 929 2212 Cf.
943 2148 976 2197 L.
991 2160 1012 2199 a.
1033 2150 1059 2199 0.
1073 2152 1113 2199 ad

153 2221 202 2273 SC.
220 2218 319 2285 Orpbit.
333 2219 365 2285 (a,
379 2218 424 2287 ot).

197 2330 199 2335 .
227 2290 253 2357 *)
271 2290 418 2351 Quaeritur,
433 2306 467 2340 an
476 2290 525 2341 boo
535 2292 592 2341 loeo
602 2290 767 2340 inserendum
773 2290 808 2339 sit
816 2296 919 2338 stemma
928 2291 1110 2354 cognationum

155 2362 187 2413 ab
202 2363 258 2426 ipso
274 2363 367 2412 Paullo
381 2361 442 2412 buia
456 2362 530 2412 titulo
545 2362 681 2411 adiectum.
704 2360 744 2411 De
753 2375 803 2424 quo
817 2360 917 2423 quidem
927 2362 1013 2409 nuilus
1024 2361 1109 2410 addus

155 2434 242 2483 editor
255 2448 287 2483 ne
302 2433 424 2497 capitanii
437 2432 546 2494 quidem,
561 2448 618 2481 aum
632 2433 719 2480 nullus
733 2431 760 2481 in
773 2432 957 2479 sententiarum
969 2430 1030 2481 Cdd.
1042 2432 1108 2480 eius·

156 2504 225 2555 modi
238 2510 340 2553 stemma
354 2503 491 2565 repererit.
514 2501 567 2552 Sed
576 2502 644 2551 Lud.
658 2502 810 2552 Charondas
823 2503 851 2550 in
865 2501 925 2551 edit.
939 2516 988 2551 sua
1002 2501 1108 2552 Institu-

156 2574 252 2624 tionum
262 2570 376 2638 (adieota
385 2572 550 2637 Digestorum
561 2573 631 2634 edit,
642 2588 708 2637 quae
717 2573 821 2635 prodiit
834 2571 958 2635 Antuerp.
969 2573 1066 2639 1111)]1.
1075 2583 1110 2624 aa.

151 2645 300 2709 praefatus,
311 2644 423 2707 formam
435 2643 564 2707 praduum
578 2645 605 2693 in
616 2645 669 2706 fine
680 2642 741 2693 Cod.
751 2643 909 2706 Dionysiani
917 2642 1111 2694 institutionum

156 2717 284 2764 inuentam
303 2713 490 2777 subiiciendam
510 2728 565 2763 esse
585 2727 613 2763 se
638 2715 800 2763 existimasse
820 2711 906 2778 (quam
927 2714 1039 2776 formam
1059 2713 1108 2763 Ed.

155 2783 289 2835 Sebrader
303 2784 339 2833 ad
352 2783 436 2833 Instit.
447 2799 476 2848 p.
490 2794 538 2835 tas.
559 2785 644 2836 alieno
659 2786 715 2834 loeo
729 2785 860 2848 quaesisse
878 2784 1004 2849 uidetur),
1023 2785 1112 2834 addit:

158 2852 290 2919 ‘illamque
303 2854 489 2912 adiiciendum,
509 2869 583 2917 quam
602 2868 638 2905 em
649 2838 722 2903 iibro
736 2861 828 2917 quarta
842 2852 1033 2904 Sententiarum
1047 2854 1112 2905 Iulii

157 2926 247 2976 Paulli
261 2926 335 2974 titulo
350 2926 382 2974 de
389 2924 516 2988 prodibus
526 2924 608 2974 edidit
619 2920 745 2974 Contine!
770 2923 862 2987 Itaque
870 2939 899 2988 p.
909 2936 944 2975 aa.
963 2924 1031 2974 duae
1042 2926 1110 2974 eius·

156 2996 226 3046 modi
236 2996 339 3059 formae
353 2994 535 3054 subiiciuntur,
550 2995 686 3044 interiecto
698 2994 747 3044 boa
761 2995 837 3057 quasi
850 2996 926 3043 titulo
937 2991 1111 3043 ‘drauum

155 3065 201 3115 Em
211 3065 277 3116 libro
285 3072 378 3129 quarto
387 3066 572 3115 sententiarum
578 3064 643 3114 Iulii
651 3065 740 3113 Paulli
748 3066 787 3113 tit.
797 3065 830 3114 de
836 3063 972 3129 praelibas,
982 3080 1110 3127 nunquam

155 3136 280 3187 haetenus
294 3138 321 3185 in
335 3138 416 3185 lucem
430 3132 520 3186 edita?
549 3134 688 3198 Superiori
697 3135 800 3197 formae
814 3136 904 3184 notula
916 3135 1028 3196 adiecta,
1043 3136 1111 3192 infe-

142 3208 225 3267 ,riari
238 3206 286 3256 boe
304 3205 350 3255 sub
369 3207 458 3256 titulo:
474 3212 622 3255 ANTONIVS
633 3212 754 3254 cottut's
766 3212 888 3253 statutt!
906 3205 964 3253 item
982 3204 1019 3253 ad
1036 3206 1110 3254 intel·

155 3279 248 3327 lectum
261 3283 416 3326 stemmatum
427 3277 562 3339 pertineas
575 3276 716 3325 admonitio
729 3274 853 3325 subiecta.
876 3273 952 3324 Haeo
962 3276 1054 3333 omnia,
1069 3290 1110 3325 re-

150 3348 236 3411 petita
254 3362 271 3396 a
289 3345 494 3412 Seuelcenberpio
513 3348 540 3394 in
559 3346 599 3395 ed.
618 3344 779 3410 Braobplopi
797 3356 856 3396 stes.
872 3345 908 3394 ad
922 3361 949 3408 p.
965 3356 1025 3402 101..
1043 3346 1111 3395 unde

157 3417 309 3467 Charondae
328 3418 448 3481 petierit,
474 3417 520 3466 diu
543 3423 568 3465 et
586 3417 613 3465 in
633 3416 787 3466 lectionibus
807 3415 948 3465 subsecivis
969 3416 1111 3479 ceterisque

157 3487 242 3537 Cantii
260 3486 382 3551 operibus
400 3494 424 3536 et
443 3488 470 3536 in
489 3486 645 3536 editionibus
664 3488 783 3550 eorporis
801 3487 869 3536 iuris
883 3486 981 3548 ciuilis,
995 3491 1056 3549 quot
1070 3487 1111 3535 in-

153 3559 257 3623 spicere
266 3559 355 3621 patui,
372 3555 518 3616 Candauia,
531 3556 578 3607 sed
591 3558 697 3621 frustra
715 3558 838 3621 quaesiui.
865 3555 992 3619 Suspicor
1004 3561 1110 3615 tantum,
