2542 3909
351 203 409 239 oen
427 204 527 239 rnsrrr.
546 185 594 241 IV.
615 191 733 241 tm-nt.
961 190 1023 254 351

83 343 117 403 7³.
134 388 141 403 .
160 390 166 402 .
183 345 387 405 ’obseruabaat
404 338 407 423 l
426 346 496 401 enim
516 348 636 403 ciendam
662 348 735 420 diem
755 353 783 404 ct
805 347 948 421 aequalem
967 366 1025 405 mo·
1044 360 1102 411 191.

83 436 128 486 'unu
149 430 269 504 capiendi
293 429 390 486 iudicis
413 432 642 503 conldicendr'que
664 434 750 499 diem,
773 450 829 505 quo
856 431 888 488 atl
910 432 1025 489 iudicem

83 514 214 589 ¹apiendum
231 524 341 588 praesto
358 532 417 571 esse
434 509 600 579 delborent.¹
641 516 786 573 condicere
808 525 899 572 nutem
921 516 1026 573 denun-

83 603 130 657 lare
145 608 186 655 est
200 601 288 673 prisea
304 598 405 672 lingua.
423 608 428 663 1
445 594 489 661 18.
506 599 600 673 ltaque
620 600 688 658 haee
703 601 811 674 quidem
828 602 898 658 actio
914 604 1026 675 proprie

83 684 196 741 ondiotio
212 682 375 742 uocabatur:
395 700 454 740 nam
472 692 548 741 actor
563 685 721 741 aduersario
737 684 926 757 denuntiabat,
947 694 978 742 ut
993 685 1027 741 atl

83 770 177 826 idicem
192 769 350 843 capiendum
372 769 415 825 die
435 784 509 826 xxa.
525 769 650 838 adesset3
674 787 747 826 nuno
762 786 829 826 uero
844 786 899 826 non
915 773 1027 844 propria

83 854 259 911 ondiotionem
275 853 388 910 dicimus
403 854 440 909 ’in
455 870 599 927 personam
611 856 757 925 actionem,
772 848 845 927 qua²
860 854 1027 910 intendimus

84 943 123 994 ari
145 937 221 994 nobis
248 947 391 1012 oportere:
426 938 498 994 nulla
527 940 598 995 enlm
625 940 679 995 hoc
706 948 830 1012 tempore
857 954 890 993 eo
917 940 1027 995 nomine

85 1023 230 1079 enuntiatio
252 1020 290 1081 fit.
327 1018 371 1078 10.
389 1022 460 1079 Haec
476 1033 565 1079 autem
585 1022 655 1097 legis
670 1025 741 1079 actio
757 1024 906 1079 constituta
921 1030 962 1077 est
977 1038 1027 1095 per

83 1124 152 1181 egem
163 1106 252 1163 Siliam
267 1116 294 1163 et
306 1106 489 1180 Calpurniam,
505 1108 566 1181 lege
585 1107 695 1181 quidem
707 1106 771 1163 Silia
783 1115 874 1164 certae
886 1108 1026 1180 pecuniae,

83 1208 125 1265 ege
140 1208 204 1247 uero
220 1191 362 1265 Calpurnia
377 1192 411 1247 tle
427 1194 500 1248 omni
516 1200 589 1248 certa
605 1209 645 1249 re.
683 1188 735 1250 20.
751 1190 839 1260 Quare
855 1199 945 1247 autem
961 1192 1028 1247 haec

83 1277 133 1331 ctio
149 1274 299 1333 desiderata
315 1278 363 1349 sit,
378 1294 440 1333 oum
455 1277 489 1332 do
504 1294 555 1347 eo‚-
568 1276 644 1350 quod
658 1278 737 1334 nobis
752 1276 810 1333 dari
825 1284 945 1350 oportet,
968 1276 1027 1350 'po-

83 1361 198 1417 nerimus
213 1354 274 1415 aru³
287 1370 455 1418 sacramento
471 1370 518 1418 aut
533 1377 583 1435 per
599 1362 694 1418 iudicis
709 1362 922 1435 postulationem
934 1377 1027 1436 agere,

85 1444 143 1499 alde
159 1446 311 1517 quaeritur.

127 1524 170 1587 21.
191 1529 247 1584 Per
261 1546 354 1587 manus
370 1531 542 1587 iniectionem
558 1546 644 1603 aeque
654 1522 719 1609 (dc)
733 1531 775 1586 his
791 1529 871 1587 rebus
886 1529 1028 1604 agebatur,

83 1665 261 1713 indicationem
268 1663 436 1727 pertinebant
446 1663 522 1729 (Geli.
533 1676 567 1727 99,
579 1677 611 1716 19.
630 1664 682 1715 Cic.
689 1680 741 1728 pro
752 1664 823 1715 Mur.
834 1665 870 1731 12)
885 1665 1028 1722 addidisse,

83 1737 155 1784 eiade
174 1736 210 1784 ad
228 1736 294 1800 lepis
312 1737 452 1793 actionem,
471 1750 536 1799 quae
551 1750 602 1799 per
617 1737 714 1785 iudicis
730 1739 930 1799 postulationem
941 1734 1029 1798 fiebat,

83 1808 209 1865 ’ansiisse
219 1807 246 1855 in
257 1820 307 1869 qua
317 1813 342 1855 et
348 1806 437 1868 forma
446 1807 543 1871 apendi
552 1807 754 1856 demonstranda
764 1806 869 1874 (Vater.
877 1806 975 1858 Prode
981 1807 1027 1868 fia.

83 1877 131 1927 ‘'est.
144 1893 167 1926 o.
181 1877 293 1927 monum
299 1892 326 1940 p.
338 1876 390 1941 119)
400 1884 425 1926 et
434 1878 537 1941 quando
548 1880 630 1927 locum
641 1878 770 1937 habuerit,
778 1886 803 1927 et
812 1880 876 1943 quid
884 1878 917 1927 ad
927 1876 1028 1926 arbitro

84 1950 105 1997 u·
119 1949 293 1997 aestimandae
307 1948 483 2011 similibusque
497 1948 607 1997 arbitris
622 1951 714 2012 petitia
727 1950 872 2007 distulerit,
891 1948 1029 1998 dicendum

83 2026 136 2073 rat‚·
146 2021 232 2082 itaque
241 2020 297 2068 sine
308 2018 385 2069 dubio
395 2021 472 2068 etiam
481 2021 611 2082 exposuit,
621 2021 649 2068 in
657 2035 711 2068 rem
718 2022 835 2070 actiones
843 2020 892 2069 hoc
899 2019 973 2069 modo
979 2034 1030 2081 per

83 2092 224 2139 sensionem
234 2092 382 2153 explicatas
392 2105 446 2139 esse
457 2089 503 2156 (cs.
516 2087 621 2139 ‘Gaius’
630 2106 660 2153 p.
669 2089 728 2154 18⁸).
748 2090 865 2154 Denique
875 2092 903 2138 in
913 2097 1030 2139 emtrema

83 2162 715 2225 lterapapinaadcondictionemtransitumfecit.
755 2158 775 2224 ¹)
784 2161 858 2210 Haec
866 2175 1031 2224 quaesecun-

83 2248 122 2279 um
134 2230 227 2281 Sclzed.
240 2233 405 2281 restituerem
419 2230 477 2295 (sed
489 2229 551 2281 ‘non
564 2231 596 2281 de
610 2246 762 2295 unoquoque
776 2231 853 2281 aerbo
867 2226 1030 2295 spondena')‚

83 2309 120 2351 ost
134 2304 264 2367 capnitum
283 2298 328 2350 W
337 2305 419 2365 paulo
433 2309 531 2352 mutata
545 2304 621 2352 etiam
635 2318 705 2351 nunc
719 2304 806 2366 quoad
818 2317 921 2352 sensum
934 2308 959 2350 et
973 2302 1030 2351 cod.

83 2375 174 2437 estipia
184 2374 295 2421 manime
303 2374 456 2424 verisimilia
463 2389 517 2423 esse
525 2375 599 2423 duco.
615 2372 666 2423 Kr.
674 2374 714 2422 ed.
723 2385 735 2423 s
745 2381 843 2422 tantum
850 2372 927 2422 habet
936 2372 1031 2436 qualern

83 2452 86 2487 f
95 2451 159 2507 post
169 2459 222 2507 pro
237 2444 350 2506 capiendi
364 2445 451 2494 indicis
466 2460 513 2511 con
532 2441 536 2512 l
548 2446 648 2508 partim
661 2459 697 2493 aa
705 2443 805 2493 Blulrm.
821 2443 914 2494 selred.
934 2443 1031 2506 capien-

83 2530 117 2563 rm
133 2514 222 2563 iudicio
241 2510 243 2581 l
260 2514 361 2565 Deinde
375 2514 463 2565 Sidus
477 2517 574 2579 priora
588 2517 615 2564 in
630 2516 732 2565 incerto
745 2517 896 2580 relinquens
910 2514 1032 2564 malebat:

83 2587 103 2634 ie
118 2581 232 2651 XX(X)
243 2585 273 2634 nd
283 2586 386 2635 iudicem
401 2587 543 2649 sapiendum
557 2593 654 2650 praesto
669 2602 723 2635 esse
738 2586 869 2637 debellant.
893 2585 925 2635 In
938 2586 1032 2649 apost

83 2658 125 2705 rim
137 2657 239 2719 fuerit:
253 2657 323 2705 eund.
335 2657 397 2706 diem
413 2664 436 2705 et
449 2658 565 2721 equalem
579 2659 643 2707 mod.
654 2656 890 2724 oapiendiudici(s)c’
903 2654 907 2726 Ι
919 2656 1032 2721 ἀίοθιιάἰᾷ

86 2736 124 2791 eq.
136 2728 167 2777 ad
179 2728 283 2777 iudicem
298 2728 440 2792 capiendum
451 2736 498 2780 etc.
525 2729 724 2779 Praecesserint
732 2745 793 2780 ocra
802 2731 862 2793 sere
871 2730 951 2779 lraee:
965 2725 1032 2777 ‘Per

83 2800 252 2849 indictionem
267 2806 365 2849 tantum
379 2799 506 2864 apebatur
520 2800 552 2849 de
561 2800 602 2850 dis
611 2800 698 2859 rebus,
713 2817 777 2865 quae
791 2801 864 2852 nobis
878 2802 941 2850 dari
954 2815 1032 2863 opor·

84 2878 103 2928 t,
119 2886 197 2934 quam
211 2872 338 2920 actionem
353 2872 429 2921 etiam
439 2886 508 2920 nune
518 2872 707 2921 condictionem
721 2887 850 2922 uocamur.
873 2872 909 2921 Et
919 2869 1032 2935 perinde

83 2957 116 2990 re
127 2942 177 2991 lroc
188 2942 263 2992 modo
273 2942 392 3006 opedani.
403 2943 521 2993 detracto
528 2950 611 2991 tamen
622 2943 679 3005 ipso
686 2950 858 3000 sacramento,
868 2958 901 2992 ae
908 2945 933 2991 si
939 2957 1031 2991 sacra-

83 3020 143 3062 ento
160 3014 187 3060 in
200 3027 340 3075 personam
350 3008 494 3077 operetur!
548 3008 569 3077 ²)
580 3014 698 3062 actionem
708 3013 732 3061 in
742 3028 870 3077 personam
879 3013 955 3078 (esse,
970 3011 1032 3077 qua)

83 3098 92 3130 c
110 3083 136 3134 0.
153 3090 179 3132 et
194 3082 259 3132 Iust.
274 3082 339 3133 Iast.
354 3084 394 3134 ed.
410 3082 457 3149 Bp.
481 3083 535 3134 Sed
548 3086 586 3134 ed.
602 3094 622 3135 o.
639 3091 667 3134 ut
681 3098 735 3134 nos.
790 3080 812 3150 ³)
822 3084 959 3148 potuerita
978 3078 1032 3132 W.

131 3204 157 3275 ᾗ.
176 3210 233 3258 17⁸.
256 3207 293 3271 Cf.
310 3210 333 3269 ξ.
349 3218 382 3259 15.
403 3215 427 3257 et
446 3208 483 3257 ibi
497 3215 547 3257 nat.
563 3220 583 3258 9.
599 3205 741 3275 condicere]
757 3209 879 3269 =§.1tu
899 3205 968 3256 Lde
983 3214 1032 3258 act.

83 3315 88 3339 ,
104 3278 138 3343 6).
197 3274 223 3347 ξ.
241 3282 282 3330 18.
304 3279 342 3343 Cf.
358 3290 380 3341 4,
395 3290 415 3331 5.
431 3290 464 3331 tt.
483 3280 507 3341 ξ.
518 3290 551 3330 15.
566 3280 588 3329 I.
604 3281 635 3329 de
651 3288 702 3330 act.
714 3281 746 3345 (4,
755 3279 788 3345 6).
804 3279 870 3328 Fert.
882 3294 921 3341 ep.
931 3295 954 3327 u.
968 3277 1032 3329 Con-

83 3350 149 3399 'ctio
173 3350 318 3400 Condiaere
329 3366 356 3413 p.
372 3362 405 3401 94.
417 3362 451 3403 ou.
468 3350 520 3400 Cic.
527 3366 579 3413 pro
597 3350 682 3410 Quint.
698 3363 719 3402 8.
734 3353 758 3413 ξ.
769 3363 804 3403 uo.
823 3350 917 3400 Donat.
933 3350 969 3398 ad
986 3348 1031 3398 Te-

83 3427 125 3469 nt.
148 3420 257 3471 Pliorm.
273 3434 294 3483 1,
309 3432 329 3471 9.
350 3438 372 3470 a.
388 3433 421 3474 rt.
441 3420 513 3471 Sero.
529 3422 565 3471 ad
578 3422 644 3471 Aen.
659 3434 681 3485 a,
696 3435 744 3473 111.
799 3417 824 3489 §⁴
840 3423 883 3472 21.
904 3420 943 3483 Cf.
958 3418 1031 3469 Seru.

83 3492 92 3540 i
107 3490 177 3541 Aen.
195 3504 294 3553 1ο,119.
315 3492 358 3541 Fr.
380 3492 438 3542 Vat.
454 3506 473 3544 o.
497 3489 606 3561 indicati]
622 3494 658 3556 cf.
680 3494 744 3543 dett.
759 3504 793 3555 9ο,
809 3506 829 3543 1.
848 3487 983 3558 uindicem]
997 3491 1031 3551 cf.

91 3574 127 3614 46.
140 3564 190 3625 fin.
208 3563 275 3614 Fest.
290 3579 312 3613 u.
333 3563 440 3613 Vindex
450 3580 478 3627 p.
486 3575 533 3616 916.
548 3562 638 3614 Baeti.
651 3566 687 3614 ad
698 3564 751 3614 Gie.
766 3563 827 3627 Tap.
838 3576 858 3614 1.
874 3565 897 3626 5.
909 3574 942 3614 19.
954 3578 983 3626 p.
993 3572 1032 3613 191
