2542 3909
471 234 495 270 1,.
515 234 783 271 communemve.
1046 227 1108 287 105

206 356 248 415 11.
272 359 415 430 Pecunia,
436 376 505 433 quae
527 368 658 434 erogatur
679 364 709 416 in
730 365 910 433 spectacula,
924 402 1013 420 .....
1021 356 1032 395 ¹
1048 364 1110 419 ideo

91 451 187 510 [latest
207 444 322 500 'lucaris
342 435 442 514 dicta‚²
461 445 539 517 quod
558 448 588 499 in
607 447 673 500 luco
694 445 829 501 dabatur.
863 445 943 501 Idem
965 452 1061 501 tamen
1082 448 1110 502 in

143 527 238 583 eodem
253 525 324 582 libro
339 529 426 584 lucar
441 543 500 591 aes,
517 529 594 600 quaet
607 544 647 584 ec
657 530 732 585 lucis
743 532 890 601 capiatur,
902 529 953 586 ‹lioi
966 531 1109 601 existimat,

143 614 227 667 cuins
247 613 389 681 opinionis
406 618 449 667 est
470 619 497 667 et
521 612 654 668 Valerius
668 611 797 668 Messalla
811 614 839 667 in
855 613 1042 685 explanatione
1057 632 1109 671 au·

140 687 323 768 puriorum.³
341 724 377 733 —
393 693 466 753 test.
482 712 507 749 v.
524 695 656 751 Pecunia
671 713 698 768 p.
715 694 785 752 253.

205 808 252 869 12.
284 805 362 866 ὅθεν
387 803 403 867 ὁ
433 809 600 879 Mareotae
658 813 882 869 UndeMessalla
897 830 1109 873 cumesseaeo·

144 899 250 951 τοῦτον
267 892 316 968 (se.
331 887 440 963 Ἰανὸν)
455 884 534 951 εἶναι
549 889 602 951 τὸν
653 898 902 959 nemarlritratur5
918 902 1019 954 etenim
1028 902 1109 971 quin·

143 976 238 1036 αἰῶνα
260 974 385 1052 νομίζει.
408 974 533 1055 καὶγὰρ
555 972 602 1034 ἐπὶ
653 986 681 1036 to
707 981 792 1036 huius
818 984 924 1036 mensis
947 983 992 1037 die
1015 981 1111 1051 sericis

142 1068 195 1138 τῆς
209 1057 343 1136 πέμπτης
359 1067 412 1119 τοῦ
425 1059 520 1137 μηνὸς
532 1058 601 1119 τού·
655 1064 761 1121 Aeonis
773 1064 961 1121 celebrabant
970 1061 1111 1121 veteres.⁴

143 1164 195 1203 tou
210 1140 316 1222 ἑορτὴν
327 1144 436 1214 αἰῶνος
448 1141 603 1203 ἐπετέλουν

143 1229 174 1289 οἱ
190 1226 291 1292 πάλαι,
312 1262 350 1271 -
373 1231 412 1287 lo.
432 1229 512 1289 Laut.
536 1230 602 1304 Lyd.

143 1315 278 1371 demens.
295 1314 327 1387 4,
344 1315 372 1371 1.

366 1509 427 1575 *11.
451 1508 697 1575 CORNELIVS
721 1508 892 1575 BALBVS

443 1633 559 1696 (pontifex
573 1634 681 1683 eiusdem
697 1630 819 1695 1111ῑί5).ὅ

521 1748 730 1831 Ἐξηγητικῶν.

202 1873 227 1933 1.
251 1875 285 1931 Et
308 1874 449 1930 Cornelius
471 1855 567 1929 Balbos
590 1858 773 1949 ἕξηγητὶκαῖν
795 1873 863 1931 libro
888 1884 981 1932 octavo
1005 1875 1109 1933 decimo

143 1962 180 2015 ait
199 1959 269 2033 apud
291 1975 366 2014 axam
388 1959 525 2014 maximam
547 1957 721 2014 obseruatum
737 1974 771 2014 ne
785 1958 982 2015 lectisternium
998 1958 1052 2016 ilat.
1071 1990 1108 2001 -

142 2042 258 2100 llaoxob.
275 2042 334 2099 Sat.
353 2041 382 2112 3,
399 2042 428 2098 6.
444 2038 472 2115 S.
487 2042 536 2102 16.

213 2271 236 2342 ¹)
254 2273 370 2323 Recidit
382 2272 407 2321 h.
423 2274 440 2321 l.
459 2274 576 2323 auctoris
596 2289 694 2331 nornen,
709 2274 784 2322 cuius
801 2274 928 2322 sententia
944 2272 1067 2335 refertur,
1083 2279 1110 2322 ut

137 2350 218 2407 puta:
234 2343 320 2407 Opilio
335 2350 451 2393 auctore.
484 2341 506 2408 ²)
520 2342 625 2406 Scripsi
627 2361 638 2401 ,·
652 2344 727 2392 lucari
742 2344 819 2393 edicta
836 2343 880 2393 Od.
891 2344 948 2392 edd.
983 2339 1005 2405 ³)
1023 2342 1110 2393 Totum

141 2417 223 2465 locum
237 2417 317 2464 aliter
331 2420 407 2477 atque
418 2414 513 2471 editur,
525 2415 635 2463 Paulum
646 2431 683 2463 να.
695 2414 811 2463 Lucanis
821 2416 936 2478 pecunia
950 2420 974 2462 et
983 2413 1075 2463 Lucan
1082 2430 1108 2478 p.

140 2498 188 2537 119.
201 2493 316 2543 secutus,
326 2486 437 2533 restitui.
459 2483 534 2533 Nune
548 2499 612 2535 uero
625 2482 768 2534 Scliltium
787 2487 835 2549 lep.
851 2485 892 2533 Xll
906 2482 958 2535 tab.
977 2486 1023 2533 rel.
1034 2501 1061 2549 p.
1074 2496 1107 2537 35.

139 2564 243 2606 secutus
261 2551 456 2620 ‘cupariorum'
474 2556 572 2618 scripsi
582 2570 633 2618 pro
647 2552 699 2603 ‘llll
714 2552 809 2605 tab.’et
827 2556 863 2604 ad
876 2556 944 2604 nune
960 2555 1109 2605 Meesallant

140 2627 240 2676 rettuli.
258 2625 330 2675 Idem
344 2624 405 2673 San.
420 2626 489 2688 quod
503 2627 653 2687 suspicatur
663 2641 691 2688 p.
710 2637 753 2682 91,
774 2641 808 2674 ea
822 2626 908 2675 eodem
928 2625 995 2676 libro
1007 2628 1109 2691 plossas

139 2703 254 2760 sumptae
263 2711 318 2746 esse
330 2696 401 2745 Festi
406 2711 434 2758 p.
445 2707 491 2746 161.
506 2709 529 2743 ν.
540 2695 672 2745 Minaeum
681 2696 833 2759 pontificum
848 2703 872 2745 et
879 2696 1023 2745 Maximum
1028 2712 1108 2760 prae·

139 2775 220 2818 torem
229 2770 312 2831 plane
332 2768 459 2815 incertum
473 2773 517 2814 est.
556 2764 579 2830 ⁴)
593 2765 661 2814 Edd.
679 2778 699 2815 1.
716 2778 735 2816 1.
752 2766 891 2815 Messallae
905 2768 981 2815 etiarn
996 2782 1061 2830 quoe
1074 2782 1108 2816 ea

145 2838 248 2889 Valerii
260 2837 397 2887 cuiusdam
411 2838 595 2899 explanatione
610 2836 651 2884 llll
666 2835 716 2885 tao.
731 2842 757 2884 et
775 2836 806 2886 cle
821 2836 900 2885 dictis
915 2839 1027 2887 involute
1041 2838 1108 2888 libro

139 2909 210 2973 apud
225 2908 292 2957 Fest.
308 2924 332 2956 u.
347 2905 459 2955 Sanates
469 2922 496 2969 p.
507 2918 555 2957 821.
570 2914 595 2955 et
608 2923 631 2955 u.
647 2906 763 2970 Tapuria
772 2922 801 2969 p.
816 2916 863 2958 365.
879 2915 991 2966 exstant,
1006 2909 1107 2958 adscri-

135 2994 249 3043 pserant,
260 2993 408 3042 quanquam
416 2978 530 3026 eiusdem
541 2992 593 3027 non
602 2978 687 3025 uideri
697 2992 807 3026 monens.
829 2976 904 3027 Nune
914 2994 944 3028 ea
960 2994 991 3027 ne
1006 2979 1109 3028 Valerii

139 3051 240 3113 quidem
250 3049 393 3099 Messallae
405 3062 469 3106 esee,
481 3048 572 3097 docuit
585 3045 681 3096 Soliti.
700 3048 716 3095 l.
733 3062 754 3095 c.
762 3062 790 3110 p.
804 3060 837 3098 st.
868 3047 928 3097 Corn
940 3063 1002 3099 vero
1012 3064 1059 3098 nea
1073 3050 1109 3097 ad

142 3120 278 3171 Valerium
297 3118 387 3167 Ictum
400 3124 519 3181 spectare
533 3117 680 3175 uideantur,
696 3118 732 3165 ad
744 3133 816 3181 quern
832 3116 884 3167 Cio.
899 3120 936 3167 ad
946 3120 1009 3183 sam.
1025 3131 1046 3179 1,
1061 3121 1105 3167 ult.

138 3194 195 3241 coll.
206 3204 228 3253 s,
239 3196 331 3241 arear.
342 3189 459 3251 scripsit,
469 3188 517 3236 sed
525 3188 561 3236 ad
573 3186 600 3246 Q.
612 3190 683 3237 illum
699 3187 832 3237 Valerium
841 3187 970 3237 Soranum
978 3204 1106 3252 prauma-

136 3264 214 3312 ticurn
225 3269 250 3311 et
258 3260 444 3324 antiquitatum
452 3264 632 3316 scrutatorem,
643 3259 674 3307 de
689 3272 738 3322 quo
752 3259 804 3307 oid.
816 3258 907 3322 Meper
922 3259 957 3307 ad
968 3256 1019 3306 Cic.
1031 3257 1106 3306 Brut.

135 3343 180 3395 te,
189 3348 259 3382 nunc
269 3332 336 3381 llaec
347 3332 406 3379 loca
420 3329 559 3379 omittenda
574 3343 628 3377 esse
639 3328 783 3377 arbitratus
797 3343 859 3376 sunt.
895 3326 916 3392 ⁶)
929 3328 966 3409 Os
986 3327 1074 3376 Vellei.
1085 3340 1107 3387 n,

136 3412 169 3453 11.
188 3402 290 3453 Eckliel
309 3401 327 3449 i.
338 3414 367 3462 p.
384 3410 418 3450 11.
434 3399 568 3448 Drumann
590 3398 679 3448 Gesclz.
697 3398 774 3448 Romo
788 3398 816 3446 ll.
827 3413 855 3461 p.
872 3408 918 3447 sos.
946 3390 1106 3460 Εξηγητικά

135 3481 194 3525 eunt
206 3473 419 3539 indipitamenta.
