2542 3909
427 194 463 230 on
482 196 515 230 un
534 194 634 231 vxomt
652 194 686 228 tc
704 195 825 232 oonmvs.
1042 176 1101 243 753

211 320 273 381 112.
298 321 385 396 ‘Apud
402 315 589 398 magistrumn
611 323 644 379 de
660 322 740 397 plano
755 323 794 380 ’L.
812 317 911 380 'iilius²
927 325 970 381 his
986 323 1076 380 uerbis
1091 341 1106 380 a

147 409 243 462 morito
266 408 378 479 repetit:
403 403 522 463 ‘Anicius
539 404 633 462 Vitolis
657 406 737 463 dixit:
766 406 914 475 ‘Quoniam
930 418 1039 482 praesto
1062 417 1104 464 est

149 489 189 545 ii.
207 490 288 544 Vetus
303 491 402 561 iunior,
419 498 482 563 peto
498 490 545 546 ’ne
562 483 565 568 i
584 531 591 546 .
608 532 616 548 .
632 507 707 564 quae
722 507 799 548 uxor
814 496 876 548 eins
887 492 955 564 fuit,
974 484 1211 555 nomiminis-[21]

149 572 290 629 abeodem
306 573 458 647 exlegibus
475 583 502 630 et
518 570 627 630 etlictis⁴
643 574 734 630 dotem
750 583 778 631 et
789 571 949 648 peculium.⁶
986 576 1108 634 Mando·
1126 559 1198 628 {1²⁰¹

74 653 136 702 [⁶5⁸]
149 664 205 714 tum
221 657 275 714 sili
290 657 326 713 ul
342 673 376 713 ea
393 650 468 714 esse6
483 660 550 714 dixit
566 657 663 714 tubulis
680 660 805 732 signatis,
828 675 878 714 neo
900 660 1026 732 protulit.
1065 659 1105 717 lii.

146 741 230 796 Vetus
241 741 332 796 iunior
343 741 423 796 dixit:
440 741 538 799 ‘Nullo
550 746 614 800 iure
626 743 678 798 alos
690 749 717 798 te
729 744 896 813 postulatus
908 741 991 803 sum.’
1009 743 1107 800 linum·

149 826 189 880 uir
212 823 290 881 diiii:
316 823 427 880 ‘Sermo
445 833 536 882 uester
557 827 585 882 in
608 827 674 884 notis
697 824 770 881 crit?
816 824 942 892 Quaero,
965 827 1108 898 defunctu

147 911 276 978 muliere,
298 923 336 966 on
352 909 388 964 od
403 910 516 966 heredes
533 911 589 966 nius
605 911 646 965 rei
661 911 771 966 uxoriae
791 911 860 965 actio
877 911 1024 982 transierit,
1046 927 1108 968 cum

146 986 240 1067 ’[h]is,
259 993 305 1064 qui
320 986 477 1066 repetisset⁷
493 998 555 1050 eius
566 997 687 1063 nomine,
704 996 767 1049 eius
779 1008 872 1065 neque
883 1002 1003 1064 cunctor,
1019 1010 1108 1067 neque

146 1083 323 1149 procurator,
347 1092 436 1150 neque
458 1079 599 1151 cognitor,
625 1085 672 1132 aut
693 1080 758 1150 quis
780 1079 852 1132 alius
872 1077 994 1148 fuisset,
1025 1080 1108 1134 cuius

145 1163 366 1231 postulationem
388 1168 483 1217 ratam
506 1158 634 1217 heberet?
680 1159 791 1216 Paullus
812 1160 965 1234 respondit,
987 1160 1107 1216 mulieris

147 1245 255 1298 nomine
281 1243 463 1315 postuletum'
495 1236 615 1313 uirum,8
644 1243 800 1315 sufficere,·
825 1259 882 1314 per
909 1260 1107 1317 quemcunque

148 1330 221 1382 enim
235 1342 318 1398 posse
334 1328 467 1383 actionem
482 1328 521 1382 rei
537 1327 646 1383 uxoriae
661 1321 840 1400 perpetuari.⁹

211 1407 274 1466 its.
299 1403 362 1465 ¹⁰..
381 1451 387 1465 .
405 1409 563 1466 Paternum
578 1412 657 1467 laedi
671 1410 871 1482 uerecundiam,
894 1412 946 1468 hoo
961 1420 1014 1484 est,
1032 1413 1103 1468 uitae
1114 1409 1213 1488 iiiiii·

221 1556 241 1625 ¹)
257 1559 306 1610 Rei
320 1561 497 1623 testificandae
510 1564 607 1625 pratia.
623 1561 656 1610 L.
667 1572 702 1612 22.
716 1561 749 1610 1).
764 1562 796 1610 de
810 1568 867 1611 tesl.
882 1562 926 1625 (22,
936 1560 968 1627 5).
1022 1558 1107 1627 Με-

144 1632 254 1696 pandum
269 1631 371 1681 uidetur
386 1631 477 1680 Anitius
498 1633 536 1680 uel
555 1632 581 1680 L.
598 1633 699 1680 Asilius,
774 1627 924 1697 ⁸)Restilui
943 1631 1011 1682 lunc
1030 1640 1054 1681 el
1066 1648 1106 1683 se·

147 1709 251 1764 quentes
265 1717 363 1759 uersus,
374 1704 469 1765 paucio
479 1709 540 1764 post
560 1703 587 1751 V
588 1701 608 1751 ὅ.
624 1709 778 1766 compertum
793 1704 904 1753 mutatis.
929 1702 991 1752 Alia
1004 1705 1106 1766 supple·

146 1778 230 1819 mento
249 1771 362 1820 Momms.
378 1772 461 1828 dedit,
481 1773 512 1820 de
527 1772 618 1834 quibus
632 1773 667 1835 cs.
685 1773 816 1836 Wiedinp.
831 1772 1010 1836 Libellproces
1019 1789 1047 1836 p.
1059 1785 1105 1824 sito.

147 1840 179 1888 In
197 1841 246 1888 ltoo
265 1855 341 1889 uersu
360 1855 410 1890 non
429 1841 517 1889 dubito
532 1842 565 1889 Re
581 1879 586 1890 .
603 1879 608 1890 .
625 1876 630 1889 .
648 1879 653 1890 .
674 1843 776 1890 initium
790 1856 846 1891 esse
866 1845 977 1892 nominis
990 1845 1105 1906 proprii,

147 1912 215 1959 uelut
228 1909 356 1974 liernipiae
371 1912 410 1959 uel
424 1911 570 1960 Restitutoe.
599 1913 638 1960 rel
651 1913 763 1961 uxoriae
777 1913 879 1960 actione
893 1911 992 1961 Buoltlt.
1008 1915 1040 1975 ej.
1056 1927 1106 1961 reru

147 1981 268 2032 notorium
283 1980 321 2028 ed.
338 1979 450 2030 Momms.
525 1977 546 2044 ⁴)
561 1981 631 2030 Hinc
646 1988 768 2044 oppuret,
788 1983 915 2031 actionem
934 1984 975 2032 rei
993 1985 1105 2032 uaeoriae

143 2052 241 2114 parlim
256 2049 355 2114 lepidus
369 2047 427 2114 (XII
434 2049 482 2098 talo.
494 2057 518 2099 el
529 2049 646 2116 Maenia)
657 2053 819 2100 constitutam
830 2066 893 2110 esse,
904 2054 1002 2115 partim
1013 2053 1105 2102 edictis
1189 2072 1191 2075 ·

143 2128 303 2184 praetorum,
318 2122 386 2169 uelut
400 2119 431 2169 de
445 2122 571 2171 alterutro
586 2129 611 2171 et
624 2123 649 2170 si
662 2123 754 2170 mulier
769 2122 800 2170 de
809 2136 856 2171 suo
866 2123 955 2172 dotata
965 2122 1040 2172 lieres
1050 2138 1104 2171 ma-

147 2193 199 2240 rito
214 2189 246 2240 ab
260 2192 380 2240 intestato
395 2205 445 2240 non
460 2199 524 2240 erut.
579 2189 599 2255 ⁶)
616 2191 655 2251 af.
671 2193 694 2253 ς.
704 2201 752 2242 tot.
771 2191 803 2239 L.
814 2204 834 2242 2.
850 2194 873 2254 5.
884 2203 905 2242 2.
924 2193 956 2241 D.
972 2193 1004 2242 de
1019 2195 1037 2242 i.
1051 2193 1103 2243 dot.

146 2260 192 2326 (22,
207 2259 238 2325 2).
264 2261 359 2310 Petilio
374 2261 436 2310 liaeo
451 2277 480 2310 eo
495 2261 635 2324 spectabat,
650 2263 720 2325 quod
732 2263 773 2311 rei
787 2264 899 2312 uaoriue
912 2264 981 2313 actio
996 2269 1047 2313 tum
1060 2264 1104 2313 de·

146 2349 212 2380 onum
227 2331 390 2394 competebat,
404 2347 460 2381 oum
477 2329 545 2395 ‘post
554 2333 694 2382 diuortium
704 2332 735 2382 de
744 2333 803 2382 dote
814 2335 943 2383 contentio
954 2331 1002 2383 esl'
1014 2332 1102 2384 Boetli.

147 2404 174 2450 in
191 2401 242 2452 (tto.
262 2401 322 2464 Top.
337 2413 371 2459 li,
386 2413 419 2454 to.
431 2417 459 2464 p.
474 2415 513 2453 tis
530 2400 573 2452 Or.
626 2399 647 2467 ο)
662 2403 717 2452 Iam
731 2401 829 2453 Bucillt.
841 2405 968 2468 pleraque
982 2406 1103 2453 restituit.

147 2473 185 2522 De
200 2471 303 2530 tabulis,
319 2471 410 2536 quibus
423 2473 569 2531 mundatur,
586 2473 620 2537 cf.
637 2472 724 2522 Plaut.
741 2473 815 2522 Cura.
834 2473 885 2533 IV,
900 2486 965 2536 nit,
1024 2471 1044 2540 ⁷)
1059 2473 1105 2524 Sic

147 2559 182 2592 eu
201 2543 228 2591 V
229 2541 250 2591 ἃ.
266 2541 378 2593 Momms.
394 2543 433 2592 ed.
448 2543 485 2591 his
500 2557 560 2606 qnae
574 2557 600 2592 tc
696 2543 755 2593 Vol.
807 2541 828 2609 8)
844 2544 920 2593 videri
934 2544 973 2594 ed.
989 2545 1103 2595 Momms.

148 2609 222 2678 ⁹)I)e
237 2629 266 2663 re
281 2613 316 2676 cf.
331 2613 363 2661 L.
378 2624 411 2663 24.
428 2614 450 2674 §-
466 2623 485 2662 2.
510 2611 912 2680 1).deusor.(u,1)et§.om.
940 2614 973 2664 Iu
988 2617 1104 2680 marpine

147 2687 249 2734 lemno:
264 2685 292 2732 it.
303 2683 376 2733 Posse
391 2698 434 2747 per
449 2698 612 2748 quemcunque
627 2685 745 2734 actionem
762 2723 767 2736 .
784 2721 789 2732 .
805 2722 811 2734 .
828 2721 833 2733 .
850 2684 896 2751 (nei
910 2686 1006 2735 uxoriae
1020 2689 1103 2750 suppl.

147 2753 305 2820 Meyerseld)
319 2756 462 2818 perpetuari.
495 2752 568 2813 Quod
583 2757 746 2818 praemittitu
776 2755 817 2804 llis
830 2756 937 2806 scholiis
951 2757 980 2806 ii.
996 2756 1103 2822 (Belias-

146 2841 208 2876 seno
223 2829 303 2875 uisum
317 2824 343 2892 h)
358 2840 409 2875 non
423 2823 510 2873 dubito
525 2827 587 2888 quin
601 2827 729 2890 sipnifioel
743 2771 787 2874 fiio
805 2841 841 2875 so.
857 2828 985 2885 traditur,
1004 2830 1045 2877 uel
1063 2844 1104 2877 re·

147 2898 228 2960 quire.
262 2895 322 2944 Vid.
337 2897 420 2945 simile
433 2894 557 2944 solatium
572 2897 598 2943 ln
616 2895 727 2945 Consult.
744 2903 803 2945 ante
819 2912 840 2945 c.
857 2908 877 2947 t.
954 2893 985 2962 ¹⁰)
1001 2897 1050 2946 Est
1063 2913 1103 2947 re·

146 2967 271 3029 scriptum
286 2966 423 3028 inferioris
441 2966 534 3013 aetatis
553 2966 718 3028 imperatoris
737 2966 772 3014 od
786 2965 882 3015 Renati
899 2968 975 3015 simul
993 2967 1104 3016 libellum

146 3043 183 3093 et,
199 3051 254 3084 cuno
268 3036 291 3083 is
305 3037 460 3098 appellasset
473 3051 490 3084 o
505 3034 617 3084 Mauimi
630 3037 770 3094 sententia,
790 3037 826 3084 od
842 3037 899 3085 eius
918 3037 1068 3086 relationem
1081 3052 1102 3086 s.

147 3105 358 3156 consultationem
378 3106 464 3154 dutum
484 3102 530 3168 (os.
549 3104 666 3168 Gothosr.
682 3106 717 3155 ad
730 3106 762 3154 L.
778 3118 798 3156 o.
824 3105 868 3154 iit.
885 3105 910 3154 θ.
925 3106 958 3155 de
971 3109 1064 3170 appell.
1079 3116 1104 3157 et

142 3190 219 3239 poen.
234 3187 255 3233 s,
269 3186 304 3226 2ο.
319 3183 343 3224 et
357 3175 388 3224 de
402 3177 503 3225 iteratis
513 3175 638 3239 precibus
653 3177 726 3239 infra
740 3177 763 3238 ξ.
774 3176 840 3242 ssu).
868 3175 1053 3236 Quaerebatur,
1068 3194 1103 3228 an

146 3248 170 3294 si
179 3253 258 3309 paler
273 3245 358 3296 libello
373 3262 390 3295 u
402 3261 497 3311 ponera
512 3246 667 3310 subscripto,
678 3262 727 3310 quo
737 3262 780 3296 res
790 3248 889 3297 dotales
900 3258 1102 3307 enumeraverat,

147 3317 178 3365 de
192 3316 232 3365 lis
242 3317 315 3380 filiae
328 3332 391 3366 suae
405 3317 572 3366 restituendis
586 3319 703 3380 cavisset,
715 3318 761 3367 dos
772 3319 845 3380 filiae
855 3318 951 3368 donato
961 3319 1102 3378 uideretur,

147 3394 174 3436 at
188 3402 219 3436 ea
233 3395 257 3436 et
271 3395 387 3450 repetere
397 3388 479 3438 dotem
489 3402 523 3436 eoo
533 3395 612 3450 pacto
623 3395 735 3451 paterno
746 3396 842 3451 posset,
858 3404 904 3439 nec
917 3390 1038 3452 conferre
1047 3407 1103 3439 euru

144 3457 274 3520 frutribus
288 3473 391 3507 neeesse
404 3457 515 3508 luberet.
542 3459 649 3508 Guetero
659 3474 694 3508 eoo
706 3461 877 3519 restitutione,
893 3475 967 3524 quum
977 3461 1102 3525 informa·

146 3530 235 3587 aimus,
251 3543 397 3593 oopnosces.

203 3629 305 3660 tmsen.
320 3630 401 3663 anum.
416 3631 469 3662 sun.
487 3632 526 3663 un.
550 3634 574 3663 v.
858 3621 892 3670 48
