2542 3909
163 198 229 265 410
513 218 570 253 oen
589 219 648 255 nen
667 219 765 256 ressa.

161 336 383 417 Ἀθηναίων’
348 364 457 420 νομους
470 348 534 415 τοῖς
550 340 622 403 δέκα
656 349 860 422 praefuturos,
875 366 996 421 quornm
1005 352 1120 421 primus

164 420 456 527 δέλτοιςᾶναλάβωοι,
471 424 542 486 bena
550 448 622 505 προ
659 441 756 489 custos
768 434 848 490 urbis
858 435 953 489 dictus
969 441 1010 488 est
1022 427 1118 506 (quem

164 504 283 587 εβάλετο
295 505 550 605 ὁδῆμοςοῖνδρας
542 506 621 573 ἆνθ·
658 533 736 573 nunc
748 517 934 589 praefectum
954 518 1019 572 arbi
1033 533 1118 573 voca·

166 590 319 699 εξομὲνοος
346 602 406 654 noio
433 589 621 701 πραγμάτων,
659 595 746 674 mos).
758 604 1117 674 insipnanaatempotesta

165 668 210 737 oio
237 673 253 737 ὁ
279 685 395 757 πρῶτος
429 687 481 755 τῆς
513 675 622 748 πόλεως
659 688 747 743 tisiili
759 683 1118 756 erantduociecimfosces;

165 759 263 836 φύλαξ
274 758 510 842 προσηγορεύθη,
524 758 620 822 ὁκαθ’
660 776 690 825 at
705 772 809 825 ceteris
823 785 881 824 non
896 772 975 833 item,
996 770 1046 824 scel
1059 771 1117 823 sin·

163 840 243 923 ἡμᾶς
258 846 424 951 πολίαρχος.
447 844 576 940 ἐπίσημα
590 843 623 907 δὲ
658 855 733 926 palis
754 866 829 908 unus
850 858 961 907 lantum
977 860 1116 908 armatas.

166 938 217 1008 τῆς
239 922 409 1003 ἔξουσίας
389 953 429 1008 ην
448 921 533 1013 αὑτῳ
555 930 622 990 boo·
657 936 810 1009 praefccto
832 937 913 992 urbis
939 951 1006 992 vero
1032 940 1118 991 eliam

164 1012 288 1074 bolbona
281 1009 426 1116 ῥάβδοι,
442 1034 504 1086 τοις
511 990 552 1073 δὲ
568 1016 624 1074 loe·
660 1021 765 1076 cohors
777 1027 935 1092 topatoram
947 1022 1118 1076 ciliciorum

164 1103 233 1169 ποῖς
253 1093 307 1173 οὐχ
323 1096 433 1175 οὕτως,
453 1094 624 1197 ὁπλοφόρος
661 1112 688 1159 et
703 1107 818 1159 vincola
840 1111 868 1159 et
889 1119 965 1177 qaae
986 1106 1047 1159 otia
1062 1106 1117 1160 sci·

165 1176 235 1241 δε’
217 1177 268 1241 ον’
293 1178 416 1240 ἕκαστον
429 1174 479 1253 εἷς
500 1181 551 1241 καὶ
571 1181 623 1259 μό·
661 1203 734 1258 mus,
750 1189 883 1243 aderant.

166 1285 226 1335 νος.
250 1274 290 1323 eoi
304 1258 626 1366 γὲμήνπολιοὶρχῳκαὶ

165 1344 246 1421 τάξις
270 1326 398 1425 ἀνδρῶν
435 1346 625 1430 inflamari·

165 1453 225 1508 ρων
236 1454 285 1491 και
277 1430 458 1537 ραβδοῦχοι
470 1431 520 1491 nai
552 1431 624 1510 εσμᾶ

164 1514 214 1576 noi
230 1514 286 1577 ὅσοι
301 1516 403 1592 ἴσμεν,
419 1524 567 1597 παρῆσαν.
585 1550 626 1561 -

164 1603 203 1663 Ιο.
220 1602 298 1659 Laus.
314 1602 380 1677 Lyd.
397 1604 429 1659 de
445 1620 514 1676 mag.
533 1606 561 1674 1,
574 1603 624 1664 34.

534 1737 745 1747 —————-

226 1840 255 1903 2.
279 1844 376 1901 Uerum
391 1847 419 1901 in
441 1847 652 1919 compositione,
675 1855 705 1901 ut
726 1846 797 1918 opud
817 1840 944 1915 ’Gaium,¹
967 1848 1116 1919 reperimus

87 1882 97 1903 ι
164 1928 253 1985 ‘elios'
267 1923 392 1987 (limum.²
401 1958 437 1971 -
451 1930 568 1986 Diomed.
582 1929 628 1985 lib.
641 1929 661 1988 1.
674 1947 702 2003 p.
715 1928 786 1986 3ib.
804 1929 914 1987 Putsch.
925 1946 952 2003 p.
965 1930 1036 1990 379.
1047 1928 1115 1986 Keil.
1127 1942 1190 1992 [sm]

237 2096 257 2165 ¹)
276 2098 372 2150 Civium
392 2099 455 2149 cdd.
474 2100 513 2149 ed.
533 2098 601 2148 Keil.
635 2096 718 2146 Caium
735 2097 793 2147 edd.
814 2100 982 2161 antiquiores.
1014 2097 1118 2147 Keilias

163 2172 311 2233 suspicetur
321 2169 422 2219 Calvum
433 2168 582 2235 (Liciniam,
593 2167 726 2218 Ciceronis
732 2168 872 2232 aequalem)
878 2169 1032 2233 sipnificari,
1042 2170 1117 2217 enias

164 2246 246 2289 tamen
256 2241 416 2291 orationibus
426 2247 523 2289 tantum
533 2238 669 2289 Diomedes
678 2253 739 2287 usas
748 2253 803 2287 esse
813 2238 922 2297 videtur,
937 2254 984 2289 nec
994 2238 1118 2289 credibile

164 2317 209 2369 est,
223 2310 291 2360 banc
300 2325 385 2360 vocem
395 2312 447 2359 nisi
455 2326 471 2359 a
481 2312 561 2372 poi'ta
571 2316 615 2357 aot
625 2308 782 2371 informabis
791 2310 906 2372 antiquis
916 2308 994 2375 (velat
1002 2324 1118 2375 anpara-

164 2382 197 2429 iis
211 2380 375 2444 disciplinae)
390 2396 406 2429 a
417 2382 545 2443 scriptore
555 2380 646 2427 relatis
656 2386 805 2443 usurpatam
814 2393 883 2427 esse:
901 2392 951 2443 qao
964 2381 1040 2429 etiam
1051 2380 1118 2428 iliad

164 2450 226 2513 apud
238 2457 357 2513 spectare
371 2450 480 2498 videtur.
508 2447 594 2497 Simili
612 2450 644 2497 de
658 2464 739 2497 caasa
757 2450 788 2498 de
805 2448 885 2499 Gavio
898 2449 982 2500 Basso
1001 2452 1118 2515 copitare

164 2534 215 2569 non
230 2519 315 2569 licebit
330 2517 387 2585 (nec
395 2521 573 2583 cogitaverant
582 2518 666 2569 haur.
676 2519 784 2570 Lerscb.
799 2520 826 2568 in
837 2519 931 2573 Pbiioi.
946 2520 969 2569 J.
976 2536 1005 2583 p.
1015 2530 1055 2572 mi
1063 2535 1117 2585 seq.

164 2596 189 2640 ei
206 2586 233 2637 0.
248 2588 322 2638 labo.
338 2589 374 2637 ad
387 2589 461 2639 Pers.
472 2605 500 2653 p.
511 2587 579 2655 ms),
594 2590 704 2646 maxime
717 2590 786 2655 qaod
800 2591 823 2639 is
836 2606 853 2639 a
864 2593 1032 2655 prammatico
1041 2592 1118 2641 semel

163 2666 261 2709 tantam
270 2659 391 2709 laudatas
400 2662 510 2709 visosine
520 2662 670 2725 copnominc
677 2662 807 2710 nominari
812 2661 936 2723 potnerit.
950 2659 1004 2710 Sed
1012 2660 1119 2710 librarii

164 2731 280 2793 copitare
295 2736 444 2794 potuerant,
459 2732 486 2779 in
500 2731 568 2781 nodo
580 2731 750 2794 praenomine
761 2730 819 2780 Caii
831 2732 871 2779 oei
882 2729 943 2779 Gaii
951 2731 1117 2795 offendentes,

164 2801 238 2850 onias
255 2798 320 2849 Osca
334 2807 431 2849 tantam
442 2801 529 2864 forma
545 2799 643 2851 Gavius
655 2808 773 2864 sequente
783 2803 884 2850 nomine
898 2803 974 2850 etiam
986 2817 1000 2851 c
1014 2803 1117 2852 diverso

164 2886 220 2920 eom
233 2870 332 2919 Latina
345 2885 421 2936 saepe
435 2876 587 2921 commutata
597 2878 635 2921 est
649 2871 695 2937 (cf.
705 2870 826 2921 Lactant.
837 2884 857 2931 1,
867 2881 901 2923 22.
920 2871 988 2937 Lyd.
999 2872 1031 2921 cie
1040 2887 1116 2921 mens.

164 2953 184 2999 1,
193 2938 223 3006 ο).
246 2940 395 3005 Quanquam
403 2943 485 3006 ipitnr
494 2956 537 2991 res
546 2944 648 2992 incerta
658 2949 703 3000 est,
713 2949 796 2991 tamen
803 2943 940 2991 maacimam
945 2942 1117 3006 probabilita-

164 3018 212 3061 tem
226 3011 312 3070 babet,
330 3011 420 3061 Gaiam
434 3012 566 3078 lependom
580 3019 605 3062 et
618 3013 814 3077 inteltependam
827 3026 889 3062 csse.
976 3009 998 3079 ²)
1010 3012 1042 3063 Si
1054 3014 1118 3063 boec

164 3083 200 3132 ad
210 3082 301 3133 Gaiam
315 3090 429 3132 nostram
438 3090 563 3146 spectant,
573 3085 619 3133 oio:
628 3091 675 3145 est,
685 3090 714 3132 nt
722 3085 801 3132 aliam
813 3081 873 3133 Gaii
882 3082 975 3133 libram
983 3084 1119 3133 Diomedes

163 3155 288 3203 tractarit
296 3160 405 3216 praeter
418 3153 608 3212 Institutiones,
623 3160 649 3203 et
661 3155 689 3202 in
708 3153 761 3212 bis,
782 3159 810 3202 ot
823 3154 876 3204 aiio
889 3155 947 3205 loeo
961 3169 984 3203 ο.
1002 3154 1062 3204 elior
1075 3153 1117 3205 ob·

163 3226 263 3273 venerit
272 3230 348 3287 atque
358 3225 386 3272 in
396 3223 548 3275 solemnibus
558 3222 642 3273 verbis
650 3225 807 3274 sacramenti
815 3225 935 3274 actionis.
956 3224 1047 3289 Itaque
1054 3238 1076 3283 4,
1084 3234 1118 3275 15.

164 3295 191 3343 in
211 3296 383 3357 supplemento
402 3308 424 3343 o.
444 3304 554 3356 2044..
576 3293 699 3358 quodibi
716 3296 743 3343 in
762 3300 824 3344 nota
842 3294 993 3359 informavi,
1012 3296 1048 3345 acl
1065 3296 1120 3344 titis

164 3365 372 3414 contestationem
386 3378 441 3412 eam
454 3365 545 3425 retati,
560 3378 625 3427 qaae
640 3365 716 3428 quasi
732 3362 794 3413 belli
808 3364 934 3429 quaedam
947 3365 1057 3416 indictio
1069 3366 1120 3416 bos

161 3433 260 3497 fortias
274 3448 349 3498 quam
363 3434 401 3481 sio
415 3432 518 3483 oerbam
532 3434 682 3483 desiderare
692 3435 786 3496 potuit.
