2542 3909
433 235 491 271 om
508 236 600 272 meris.
619 217 666 272 IV.
688 225 835 274 145-150.
1045 219 1110 286 395

154 366 254 437 sciens,
270 364 303 420 ad
318 381 349 420 se
364 381 418 421 non
434 367 580 439 pertinere,
596 365 733 439 possidet:
750 367 811 424 ideo
822 376 913 425 antem
924 367 1110 442 adipiscendae

154 449 337 523 possessionis
366 459 482 505 uocatur
510 441 754 526 'isitterdistum),¹
782 453 845 526 qnia
872 453 1022 510 sitantum
1046 451 1110 509 utiie

155 541 208 604 est,
232 534 279 606 qui
301 549 374 590 nune
388 534 503 606 primum
517 542 632 589 conatur
646 534 760 608 adipisci
772 537 812 592 rei
827 538 1044 610 possessionem
1059 535 1110 592 ita·

155 631 209 690 que
223 618 248 672 si
262 618 323 690 quis
339 617 454 691 adeptus
470 618 670 691 possessionem
686 620 817 692 amiserit,
833 619 932 676 desinit
947 622 971 676 ei
986 619 1013 676 id
1027 622 1111 678 inter·

74 700 259 761 [sorididum
275 700 343 757 utile
357 716 426 757 esso.
470 698 536 758 les.
559 701 696 758 Bonorum
718 719 828 777 qnoque
849 705 965 777 emptori
987 705 1112 762 similiter

156 786 320 858 proponitur
341 784 532 856 interdictum,
558 785 632 858 qnod
659 785 765 859 quidam
781 788 981 860 possessorium
1003 796 1112 844 uocant.

154 863 221 925 140.
244 868 310 925 item
325 870 362 940 ei,
378 869 426 943 qui
440 862 578 942 ‘pubttce2
593 868 663 926 bona
679 872 790 943 emerit,
810 869 929 927 eiusdem
945 870 1111 929 condicionis

155 952 327 1008 interdictum
355 954 533 1027 proponitur,
566 953 641 1027 quod
667 953 817 1026 appellatur
844 955 1006 1025 sectorium,
1038 953 1112 1028 quod

154 1045 278 1093 sectores
295 1046 438 1109 uocantur,
454 1038 502 1111 qui
522 1036 630 1110 publice
645 1037 715 1094 dona
735 1046 898 1098 mercantur.
942 1033 1004 1094 14⁷.
1026 1037 1111 1094 inter·

155 1119 256 1177 dictum
272 1136 398 1194 qnoque,
420 1121 495 1195 quod
509 1120 661 1194 appellatur
675 1120 845 1191 Saluianum,
866 1121 1026 1195 apiscendae
1047 1136 1111 1196 pos·

154 1206 285 1260 sessionis
310 1199 453 1278 'insuendi
478 1212 653 1278 conparatum
679 1214 736 1275 est,
762 1221 849 1278 euque
876 1207 964 1262 utitur
984 1204 1110 1262 dominus

156 1287 232 1344 iundi
247 1287 280 1345 de
295 1287 376 1346 rebus
391 1288 492 1358 coloni,
509 1304 576 1362 qous
590 1291 616 1344 is
631 1282 712 1364 (pro)
725 1288 893 1346 mercedibus
909 1288 986 1346 iuudi
1001 1287 1111 1363 pignori

156 1371 261 1428 futuras
275 1374 433 1447 pepigisset.
476 1370 543 1433 148.
565 1371 730 1429 detinendae
751 1375 931 1446 possessionis
947 1389 1025 1429 cansa
1040 1372 1112 1430 solet

155 1455 329 1513 interdictum
348 1457 441 1529 reddi,
460 1473 521 1513 oum
542 1456 574 1512 ab
595 1464 715 1531 utraque
735 1465 812 1530 parte
833 1457 866 1513 de
881 1458 1047 1531 proprietate
1063 1455 1111 1514 aii·

155 1541 232 1596 onius
248 1541 287 1596 rei
301 1542 488 1598 controuersia
503 1549 560 1613 est,
576 1532 681 1598 etauio
697 1543 850 1614 quaeritur,
866 1549 928 1597 nter
942 1557 974 1598 ex
990 1541 1110 1616 litigato·

154 1623 229 1680 ribus
245 1624 386 1697 possidere
404 1633 434 1681 et
448 1634 510 1681 uter
529 1633 623 1699 petere
646 1623 755 1682 debeat:
778 1627 855 1681 cuius
875 1626 915 1681 rei
935 1626 1019 1698 gratia
1039 1641 1112 1684 com·

154 1716 247 1781 parata
273 1715 339 1764 sont
360 1725 414 1768 vri
432 1723 619 1767 rossrnnrrs
643 1717 671 1765 et
691 1723 816 1766 vrnvm.
859 1704 926 1767 149.
949 1710 990 1766 iit'
1004 1708 1112 1783 quidem

155 1807 212 1850 vri
224 1807 410 1851 eossmsrrs
426 1793 598 1849 interdictum
613 1792 648 1848 de
663 1792 739 1848 fundi
755 1792 799 1849 nei
815 1792 920 1850 aedium
935 1796 1112 1868 possessione

153 1868 491 1948 iis⁴reddiiur,vrnv131
512 1891 579 1932 uero
600 1877 635 1932 de
654 1892 747 1933 rerum
768 1876 907 1933 mobilium
928 1879 1111 1950 possessione.

153 1954 218 2019 150.
235 1958 266 2015 iit
281 1959 414 2034 siquidem
431 1960 463 2016 de
477 1959 562 2016 fundo
577 1958 624 2016 uel
639 1958 748 2016 aedibus
767 1953 772 2034 Ι
791 1960 972 2031 interdicitur,
988 1976 1049 2017 eum
1061 1978 1110 2035 po·
1120 1976 1181 2028 238,

155 2045 252 2099 tionem
267 2059 328 2100 esse
342 2053 452 2118 praetor
472 2042 563 2115 iubet,
587 2045 634 2117 qui
649 2059 682 2099 eo
703 2051 839 2116 tempore,
864 2061 918 2117 quo
938 2043 1111 2102 interdictum

153 2126 288 2199 redditur,
303 2143 354 2185 nec
368 2129 396 2183 ni
411 2144 462 2184 nec
476 2127 544 2185 ciam
556 2143 606 2184 uec
616 2128 738 2200 precario
751 2127 784 2182 ab
793 2126 948 2184 aduersario
959 2126 1110 2202 possideat3

154 2212 178 2266 si
193 2227 260 2269 uero
275 2211 309 2268 de
329 2227 360 2268 re
381 2212 488 2284 mobili,
510 2205 591 2269 enm⁶
606 2212 740 2285 potiorem
757 2225 816 2266 esse
831 2208 921 2282 iubet,
943 2211 988 2284 qui
1010 2212 1110 2268 maiore

154 2303 231 2368 parte
252 2297 310 2351 eins
332 2297 394 2351 enni
414 2311 465 2352 nec
485 2297 512 2351 ui
533 2311 584 2352 nec
604 2295 672 2351 ciam
694 2309 744 2350 neo
766 2295 887 2368 precario
908 2293 940 2350 eb
956 2294 1110 2352 aduersario

154 2379 320 2453 ’possederit
329 2373 352 2448 θ
366 2379 448 2453 idque
460 2380 525 2437 satis
537 2380 602 2454 ipsis
614 2377 705 2434 uerbis
717 2377 921 2434 interdictorum
934 2375 1110 2453 significatur.

153 2513 366 2534 ,..-..-.....

226 2597 247 2666 1)
262 2599 365 2651 Addidi
382 2616 417 2650 ex
430 2597 494 2650 Inst.
569 2597 590 2668 ¹)
609 2601 704 2663 publice
721 2599 746 2650 0.
761 2600 819 2650 edd.
834 2599 884 2666 Bp.
898 2607 923 2650 et
937 2599 1023 2659 stud,
1043 2601 1113 2665 qnod

153 2671 270 2735 defendit
284 2671 390 2722 Luciam
422 2670 477 2721 Sed
489 2670 629 2722 donarunt
643 2673 829 2731 damnatorum,
843 2686 909 2736 quae
921 2667 1043 2735 ‘publice’
1060 2673 1077 2721 i.
1088 2687 1110 2721 e.

149 2741 256 2805 publicu
270 2744 426 2792 auctoritate
435 2742 580 2791 venduntur
593 2749 618 2790 ei
627 2749 753 2801 emuntur,
768 2742 826 2791 dum
837 2742 980 2792 creditores
986 2743 1111 2805 privatim

153 2813 266 2862 cendunt
284 2812 317 2862 L.
337 2823 362 2864 tt
381 2813 415 2862 D.
434 2813 467 2862 de
485 2813 563 2862 aedil.
583 2812 622 2861 ed.
642 2811 688 2877 (et,
708 2811 743 2877 1),
762 2827 813 2862 non
827 2812 948 2875 publico,
967 2827 1016 2877 quo
1034 2827 1110 2862 sensu

155 2881 237 2932 Gaius
251 2884 320 2933 dixit
334 2895 359 2946 a,
379 2894 411 2934 ιο.
427 2894 549 2942 11.4,18.
576 2881 615 2946 Cf.
630 2882 708 2932 uerbo
722 2897 773 2947 seq.
788 2889 814 2932 et
827 2894 851 2940 1,
866 2892 900 2933 27.
952 2878 973 2948 ³)
988 2881 1033 2932 Ex
1046 2882 1110 2934 Inst.

153 2953 253 3002 addidi.
317 2950 339 3019 ⁴)
353 2954 521 3017 possessioriis
538 2952 564 3003 0.
582 2953 737 3016 possessione
752 2953 809 3002 edd.
876 2950 896 3017 ⁶)
912 2966 979 3001 eoum
991 2967 1042 3016 pro
1057 2967 1111 3004 eum

152 3023 280 3074 librarius
293 3025 430 3089 irrepsisse
445 3024 555 3074 uidetur.
608 3020 629 3090 ⁶)
643 3023 752 3086 possidet
767 3022 793 3072 0,
808 3023 848 3072 ed.
862 3021 910 3088 Bp.
926 3023 960 3086 cf.
976 3024 999 3085 5.
1015 3032 1061 3074 ltu.

224 3214 250 3287 ξ,
267 3219 326 3268 146.
347 3217 385 3283 Of.
399 3229 421 3277 o,
435 3229 470 3270 td.
520 3214 546 3287 ἕ.
562 3219 621 3269 146.
644 3217 683 3280 (if.
699 3229 719 3275 ³,
734 3229 767 3270 so.
785 3216 836 3267 Cic.
847 3231 900 3281 pro
917 3214 991 3265 Rose.
1008 3213 1065 3266 Am.
1075 3227 1109 3267 as.

152 3289 177 3350 3.
192 3299 239 3340 1os.
255 3289 325 3338 Pdii.
339 3298 361 3348 s,
376 3299 409 3340 eo.
425 3298 459 3340 se.
473 3286 559 3339 Sedet.
582 3287 634 3338 iic.
654 3288 732 3339 Verr.
746 3287 783 3340 II.
803 3301 829 3346 1,
844 3298 877 3338 so.
897 3287 919 3348 ς.
935 3295 1017 3337 enm.
1036 3287 1060 3347 §-
1075 3298 1109 3338 ei.

153 3357 221 3408 Fesi.
235 3375 258 3408 o.
273 3357 394 3410 Sectores
410 3374 436 3423 p.
451 3370 498 3410 set.
581 3354 606 3427 §-
622 3361 682 3409 147.
701 3379 736 3402 ==
753 3360 776 3421 ἕ.
791 3370 812 3410 s.
830 3357 853 3408 1.
872 3357 897 3406 It.
912 3353 980 3421 1.,(4,
1000 3355 1044 3421 15).
1071 3355 1108 3419 Os.

155 3428 267 3493 ideopd.
282 3428 315 3479 id.
369 3424 414 3498 βξ.
431 3430 490 3480 148.
505 3431 565 3480 149.
580 3449 614 3470 =
628 3430 653 3490 θ.
667 3440 688 3479 4.
708 3427 730 3479 I.
745 3429 778 3478 ib.
796 3429 834 3491 Cf.
848 3443 929 3493 supra
944 3428 967 3488 ἕ.
982 3437 1016 3477 sn.
1032 3426 1109 3476 Paul.

151 3508 173 3558 ⁶,
187 3511 208 3550 o.
223 3501 247 3562 9.
263 3512 283 3550 1.
300 3499 367 3550 Fest.
382 3515 421 3564 ep.
436 3516 458 3549 o.
480 3499 614 3550 Possessio
624 3515 653 3562 p.
669 3511 716 3551 stu.
731 3498 763 3548 L.
777 3512 787 3550 1
799 3514 843 3562 pr.
853 3501 876 3561 §-
887 3509 907 3550 s.
922 3497 951 3546 ti.
963 3498 1001 3546 uti
1008 3497 1102 3557 possid

152 3568 197 3636 (es,
214 3568 258 3636 nr),
273 3569 304 3619 L.
321 3582 341 3620 1.
351 3585 396 3633 pr.
411 3571 444 3619 D.
460 3568 759 3636 utrubi(ss,s1),·infra
774 3581 795 3627 4,
809 3581 856 3620 roo.
