2542 3909
442 986 697 1040 (eauuaarnnws
711 985 855 1036 rcnrrrs.)

98 1133 136 1171 de·

85 1185 148 1233 ΡΜ
226 1197 251 1258 1.
269 1195 489 1258 ¹Intestatcrum
501 1201 679 1256 hereditates
690 1195 751 1274 (en)
763 1201 826 1272 tepe
837 1209 886 1252 ιη
897 1199 1063 1256 tabularum
1071 1203 1134 1271 pri·
1150 1217 1207 1271 [sos]

164 1303 239 1342 mum
255 1286 295 1341 ad
309 1300 378 1341 suos
392 1285 515 1342 heredes
526 1288 684 1357 pertinent.
716 1281 745 1340 2.
767 1284 820 1340 Sui
835 1293 930 1342 antem
945 1283 1068 1360 heredes
1083 1300 1136 1340 eoo-

163 1372 328 1427 istimantur
340 1370 435 1440 liberi,
456 1373 549 1441 quiin
562 1375 707 1440 potestate
722 1373 872 1442 morientis
890 1368 1025 1440 fuerunt,
1047 1371 1138 1426 ueluti

162 1457 242 1527 filias
254 1456 366 1527 filicae,
382 1469 474 1526 nepos
488 1457 620 1525 neptisue
634 1469 674 1510 en
688 1455 765 1525 filio,
782 1470 933 1528 pronepos
944 1457 1136 1526 proneptisae

165 1556 205 1596 eo:
226 1546 330 1610 nepote
351 1541 411 1610 filio
433 1545 502 1594 noto
522 1544 686 1612 propnatns
705 1547 906 1612 propnetaue:
927 1554 982 1594 nec
1003 1542 1134 1607 interest,

165 1630 261 1680 utrum
281 1626 433 1680 naturales
452 1627 510 1679 sint
529 1623 614 1679 liberi
634 1639 672 1678 an
689 1625 831 1696 adoptini:
851 1629 894 1682 ita
913 1625 1023 1680 demum
1039 1627 1135 1677 tomen

131 1701 133 1706 ’
164 1723 256 1779 nepas
265 1711 396 1778 neptisue
408 1713 436 1764 et
443 1721 593 1779 pronepos
599 1711 791 1779 proneptisue
802 1724 921 1767 snorum
932 1708 1069 1764 heredum
1081 1723 1134 1762 nu·

165 1809 243 1849 mero
255 1799 332 1863 sune
342 1792 371 1849 si
379 1793 562 1864 praecedens
571 1807 700 1864 persana
708 1795 826 1851 desierit
832 1799 862 1851 in
870 1798 1015 1867 potestate
1025 1807 1134 1865 poren-

165 1881 201 1934 tis
223 1891 295 1947 esse,
320 1880 382 1932 siue
404 1883 495 1933 morte
516 1877 547 1932 id
569 1878 710 1933 acciderit
731 1880 868 1935 sinantia
890 1881 1019 1950 ratione,
1044 1879 1136 1934 ueluti

164 1963 413 2036 emancipatione;
432 1979 499 2017 nom
520 1964 546 2017 si
563 1977 620 2034 per
639 1963 670 2018 id
689 1968 815 2036 tempus,
839 1966 980 2037 qusquis
1003 1965 1133 2030 moritur,

163 2049 242 2120 filius
256 2051 286 2104 in
299 2052 443 2120 potestate
458 2049 520 2103 eius
535 2049 582 2119 sit,
597 2047 689 2118 nepos
704 2063 744 2104 ea
759 2064 792 2104 eo
808 2065 879 2106 suus
894 2050 981 2106 iteres
996 2062 1061 2104 esse
1076 2062 1134 2102 uon

163 2138 265 2204 potest.
300 2135 374 2189 idem
389 2135 462 2188 etin
479 2134 584 2188 ceteris
599 2132 737 2204 deinceps
754 2134 910 2190 liberorum
924 2135 1060 2205 personis
1074 2131 1134 2187 die·

164 2224 223 2273 tum
240 2221 446 2290 inteltepemus.
480 2213 508 2273 3.
530 2217 611 2273 onr
622 2231 746 2289 quoque,
762 2235 837 2290 puae
853 2222 883 2275 in
898 2235 987 2275 mann
999 2221 1061 2274 eius
1076 2218 1137 2288 (qui

164 2299 370 2378 moritur‚)est,
383 2305 411 2357 ei
420 2317 475 2357 sua
486 2301 631 2370 hereses,
644 2304 800 2375 putatitiae
810 2305 874 2360 loco
886 2309 943 2359 est:
954 2305 1133 2374 itemnurns‚

164 2385 1133 2460 quaeinfitiimannest‚ucmetnaeoneptistocoest;seditadcmam

239 2552 259 2622 ¹)
275 2555 391 2604 Primum
408 2555 486 2604 nnius
505 2557 682 2605 commentarii
696 2557 791 2620 folium
809 2558 971 2620 deperditum
988 2571 1023 2606 ea
1042 2556 1132 2606 Coit-ot.

164 2639 203 2689 16,
221 2639 242 2678 2.
262 2627 301 2689 §5-
323 2637 392 2678 l-s.
416 2633 441 2675 et
459 2625 523 2676 Just.
543 2627 707 2691 atiquatenus
725 2635 823 2678 tanturn
841 2631 941 2679 sarciri
954 2629 1056 2692 potuit:
1075 2643 1132 2676 nom

163 2700 283 2761 suppleta
302 2699 349 2746 nni
368 2697 428 2760 fere
451 2703 549 2747 tantum
571 2698 706 2761 sufficiunt
731 2699 834 2750 Codicis
857 2700 953 2751 Veron.
968 2700 1085 2763 popinae
1108 2705 1132 2746 et

164 2769 268 2818 dubium
282 2784 332 2819 non
347 2776 396 2827 est,
416 2770 478 2833 quin
492 2771 606 2832 primam
624 2771 714 2835 aliquo
728 2773 924 2834 praecesserint
941 2770 1069 2819 transitus
1087 2768 1131 2829 sa-

165 2841 253 2889 ciendi
264 2842 362 2905 pratia.
393 2840 432 2903 Cf.
447 2851 472 2902 2,
486 2852 521 2892 ss.
537 2852 584 2891 too.
612 2840 714 2892 Deinde
729 2858 774 2906 pr.
788 2842 810 2891 I.
826 2843 851 2893 a.
866 2849 883 2894 t.
897 2857 932 2891 ecc
948 2840 1013 2890 Gaio
1028 2839 1131 2888 videtur

161 2912 269 2974 petitum
283 2926 337 2962 esse
356 2918 381 2960 et
397 2920 525 2975 postremo
541 2913 564 2960 is
582 2926 652 2962 more
665 2927 712 2962 sao
726 2915 924 2977 praemonuisse
936 2911 1072 2976 putandus
1086 2917 1131 2968 est,

164 2984 302 3043 interesse,
326 2987 412 3032 unuin
430 2985 558 3048 inpensus
577 2998 611 3031 an
635 2983 742 3034 libertus
761 2986 909 3036 decesserit.
940 2983 978 3046 Of.
993 2984 1032 3046 ἐξ.
1048 2994 1081 3034 18.
1097 2993 1131 3034 29.

164 3054 246 3104 Prius
260 3070 287 3104 se
301 3055 333 3104 de
348 3057 519 3120 inpenuornm
532 3054 719 3105 hereditatibus
733 3065 859 3106 acturum.
890 3053 1078 3122 ‘inpensarum
1093 3055 1131 3102 in·

163 3122 324 3177 testatorum'
340 3134 388 3176 etc.
423 3125 540 3176 Ceterum
554 3126 586 3174 de
600 3126 752 3177 lectionibus
766 3128 818 3177 vid.
833 3127 869 3176 od
885 3127 975 3177 Callet.
990 3133 1087 3176 notato.

235 3282 260 3354 ξ.
278 3289 301 3336 1.
316 3309 350 3328 =
365 3289 387 3348 ς,
403 3298 423 3336 1.
443 3285 512 3334 Lde
526 3285 614 3334 iered.
630 3301 652 3350 q.
667 3286 699 3335 ab
713 3287 759 3336 int.
775 3286 812 3354 (s,
827 3287 858 3353 1).
887 3287 925 3352 Cf.
941 3287 1012 3351 Epir.
1028 3296 1049 3347 2,
1064 3296 1130 3348 spr.

168 3357 224 3421 Uip.
240 3369 309 3420 22,1.
327 3357 417 3406 Cottat.
433 3368 466 3419 ts,
481 3368 500 3407 s.
516 3355 770 3424 §.s.tegex11tab.]
787 3359 821 3422 cs.
837 3359 950 3408 Dirlosen
966 3369 986 3420 o,
1001 3369 1022 3408 t.
1042 3354 1130 3406 Senta

159 3445 188 3493 p.
203 3440 250 3479 128.
323 3423 349 3496 ξ.
364 3430 390 3477 2.
405 3449 439 3468 =
453 3429 475 3489 5.
491 3438 511 3477 2.
532 3426 554 3475 Ι.
570 3428 626 3477 eod.
643 3427 681 3491 Cf.
698 3428 767 3491 Epit.
788 3429 842 3494 Utp.
854 3433 880 3479 a.
894 3447 932 3480 cc.
955 3429 1044 3479 Gallae.
1060 3439 1096 3490 16,
1109 3437 1129 3476 s.

164 3501 203 3560 ἐξ.
217 3511 238 3549 s.
252 3510 274 3550 s.
337 3494 363 3565 ξ.
379 3501 403 3549 3.
425 3497 463 3560 Cf.
478 3510 499 3559 1,
514 3510 561 3548 114.
577 3493 639 3549 nob.
654 3511 701 3550 ns.
721 3511 741 3560 2,
757 3512 803 3554 sss.
819 3513 865 3554 159.
890 3501 945 3564 tltp.
961 3511 995 3563 os,
1010 3510 1043 3550 14.
1059 3510 1094 3561 ss,
1109 3508 1128 3548 o.

163 3580 233 3631 22,1,
255 3568 318 3618 Geli.
334 3580 368 3634 18,
382 3580 402 3620 t.
422 3567 495 3618 Sero.
510 3568 546 3617 ad
559 3570 624 3618 Aen.
640 3582 661 3631 t,
674 3581 722 3621 424.
747 3571 853 3636 Dionps.
870 3583 890 3632 2,
905 3582 938 3623 25.
