2542 3909
335 217 396 253 uos.
415 219 448 252 un
466 218 528 253 sora.
548 217 639 254 nussia
656 217 764 252 cosma.
785 198 844 252 XV.
866 205 889 252 1.
1031 190 1092 256 691

143 342 294 415 iniungitur
315 336 496 415 ’(sestertium
520 358 537 399 o
557 338 683 415 milium).
720 340 748 397 Si
763 357 859 397 seruus
881 332 1027 396 insciente¹
1048 337 1096 392 do·

144 427 216 480 mino
232 424 336 496 fecerit,
357 424 481 481 dominus
497 427 555 481 eius
576 418 759 480 ’sestertium²
780 425 976 498 quinquaginta
990 420 1097 476 milibus

144 509 239 565 eodem
262 510 348 581 eapite
375 502 512 581 punitur.³
554 505 582 565 5.
606 502 751 565 ⁴Eiusdem
779 508 848 582 legis
870 509 957 580 capite
979 504 1097 562 secundo

145 601 266 662 tenetur,
298 594 344 665 qui
367 591 453 650 alieno
477 609 558 650 seruo
582 594 761 667 persuaserit,
790 600 821 648 ut
842 591 980 648 dominum
1003 590 1098 663 fugiat,

145 677 226 749 quiue
249 675 365 732 alienum
387 693 497 732 seruum
519 678 604 733 inuito
627 676 737 733 domino
760 675 905 746 oeiauerit,
935 673 1098 742 uendiderit,

145 761 239 816 emerit
254 759 318 816 doio
335 759 416 830 maio,
432 761 513 832 quiue
528 763 555 816 in
567 777 597 816 ea
609 776 639 816 re
653 762 745 816 socius
760 758 853 815 iuerit:
872 757 1035 830 iubeturque
1050 774 1099 830 po·

144 842 208 916 puio
232 837 417 899 'sestertium5
439 843 634 917 quinquaginta
649 844 722 899 milia
742 843 814 898 dare.
859 843 896 898 iit
919 841 1067 912 reliqua.

70 935 133 984 [59⁵]
175 991 182 1003 ¹
206 922 236 984 6.
259 926 441 983 Sciendum
465 937 572 983 tamen
595 936 664 997 est,
686 936 721 982 et
743 926 899 982 noueiiis
922 925 1099 981 constitu-

144 1004 1099 1086 tionibusicapttaltsententiapragiaroresproatro·

144 1095 252 1150 citate
273 1093 358 1151 iacti
380 1094 590 1169 puniendos:
607 1097 763 1168 quamuis
784 1092 955 1149 etPauius
975 1091 1099 1147 relatis

144 1193 247 1251 supra
269 1177 587 1251 speciebuscrucis
610 1177 793 1234 etmetalii
811 1175 1007 1233 huiusmodi
1029 1175 1099 1231 reis

143 1263 366 1334 inrogauerit
388 1277 537 1334 poenam.

427 1342 531 1404 Explicit
543 1343 626 1392 titulus
641 1343 671 1391 de
684 1342 815 1404 plagiariis,
844 1411 849 1422 Ι

573 1533 671 1568 INCIPIT

145 1622 223 1700 (mr.)
234 1620 300 1684 xv.⁷
327 1643 368 1682 nn
383 1641 630 1697 unsnsnanrcrs,
647 1622 831 1700 (narmensi
845 1643 887 1684 su
897 1641 1099 1684 maurensem.

208 1753 273 1827 iiap.
295 1762 320 1809 1.
359 1753 491 1826 Moyses
513 1747 631 1809 dicit:8
668 1751 692 1811 1.
715 1753 774 1810 Non
789 1755 942 1810 inueniatur
956 1756 985 1809 in
1001 1764 1036 1825 te,
1054 1757 1100 1828 qui

145 1838 244 1894 lustret
266 1835 350 1892 filium
370 1843 447 1892 tuum
462 1843 508 1891 aut
523 1834 603 1892 filiam
619 1844 704 1909 tuam,
727 1854 777 1893 nec
792 1837 910 1907 diuinus,
933 1837 1004 1911 apud
1020 1853 1100 1913 quem

145 1930 234 1979 sortes
250 1921 344 1976 tollas:
368 1935 419 1975 nee
433 1921 585 1976 consentias
602 1923 754 1977 uenenariis
771 1919 976 1994 impostoribus,
999 1922 1045 1993 qui
1061 1921 1100 1977 di·

145 2014 221 2075 cont,
237 2003 301 2077 quid
312 2011 473 2076 conceptum
485 2001 579 2059 habeat
590 2004 695 2073 mulier,
712 2006 838 2076 quoniam
853 2003 959 2059 iahulae
974 2003 1100 2061 seducto·

145 2089 200 2146 riae
216 2095 291 2144 sunt.
327 2085 381 2142 Nec
395 2080 541 2142 ’attendas9
563 2087 698 2160 prodigia,
720 2104 772 2144 nec
792 2089 945 2160 interroges
966 2097 1099 2146 mortuos.

144 2168 173 2230 2.
192 2173 251 2228 Non
266 2171 420 2227 inueniatur
434 2171 462 2225 in
477 2178 504 2225 te
520 2177 683 2243 augurator,
706 2187 756 2226 nec
769 2172 909 2244 inspector
923 2173 1030 2244 auium,
1050 2188 1100 2228 nec

146 2255 293 2325 maleficus,
316 2262 362 2310 aut
384 2255 548 2323 incantator,
577 2269 626 2310 nec
648 2252 798 2326 Pythonem
821 2254 921 2310 habens
944 2255 971 2310 iu
993 2264 1099 2327 uentre,

146 2357 196 2396 uec
217 2354 347 2412 aruspex,
372 2353 422 2393 nec
443 2339 628 2410 interrogator
650 2345 819 2393 mortuorum
840 2355 891 2395 nec
911 2347 1038 2412 portenta
1059 2341 1100 2395 in-

146 2426 270 2498 spiciens.
314 2419 343 2480 3.
367 2419 458 2476 Omnia
481 2437 596 2494 namque
617 2422 668 2475 ista
689 2420 832 2477 aliomino
848 2423 898 2478 deo
915 2431 962 2478 tuo
978 2422 1100 2478 damnata

146 2516 220 2580 sunt,
244 2516 271 2563 et
291 2509 337 2579 qui
360 2503 454 2562 iecerit
476 2505 550 2564 haec.
587 2503 704 2577 Propter
725 2504 773 2561 has
796 2507 866 2562 enim
888 2505 1101 2563 abominationes

146 2591 212 2646 deus
235 2590 380 2647 eradicaoit
403 2581 614 2644 ’Girananaeos¹⁰
637 2587 734 2643 aiaeie
756 2582 860 2657 'tua;¹¹
904 2586 935 2646 4.
959 2599 988 2645 tu
1010 2599 1100 2647 autem

145 2675 282 2747 periectos
306 2674 358 2729 eris
382 2680 444 2728 aute
459 2671 599 2728 Dominum
622 2670 702 2727 deum
724 2679 814 2727 tuum:
858 2669 885 2728 5.
910 2681 1006 2747 gentes
1029 2676 1100 2731 enim

219 2839 240 2905 1)
254 2841 275 2889 si
294 2855 378 2890 seruus
398 2841 438 2904 qui
457 2841 547 2890 sciente
568 2841 629 2890 odd.
654 2841 676 2888 si
693 2855 778 2889 seruus
796 2841 887 2888 sciente
906 2842 946 2892 ed.
964 2841 1006 2892 Bi.
1040 2843 1099 2895 Vini.

147 2911 270 2960 Zeitscdr.
289 2910 368 2960 XIII.
379 2927 406 2974 p.
422 2923 456 2962 42.
510 2908 530 2975 ²)
544 2911 664 2960 sestertiis
678 2910 709 2961 B.
729 2911 844 2959 rencertis
859 2911 901 2959 Vi.
920 2913 1038 2962 sestertiis
1054 2914 1099 2962 Ve.

146 2983 185 3030 ed.
201 2980 242 3030 Bi.
306 2976 328 3046 8)
345 2981 383 3044 Of.
399 2982 431 3029 L.
447 2992 480 3032 12.
501 2981 701 3030 lidentonam.
717 2985 761 3044 (4⁰,
777 2978 808 3046 1).
827 2980 859 3028 L.
876 2983 947 3044 125.
963 2996 996 3036 ts.
1020 2982 1053 3036 D.
1069 2984 1100 3032 de

146 3059 213 3116 capt.
230 3049 274 3116 (49,
289 3049 332 3117 15).
347 3066 419 3116 supr.
435 3064 455 3110 2,
470 3063 491 3102 s.
547 3049 568 3115 4)
585 3051 623 3114 Cf.
642 3050 693 3100 Cic.
705 3066 756 3114 pro
773 3051 798 3100 0.
815 3050 905 3100 Radia.
920 3065 941 3103 a.
956 3053 989 3103 L.
1004 3066 1023 3104 1.
1039 3055 1063 3115 ἕ.
1078 3065 1099 3103 a,

146 3121 178 3172 D,
193 3123 224 3171 de
235 3122 314 3187 sopit.
329 3120 374 3187 (11,
387 3120 420 3188 a).
435 3122 549 3185 L.spr.
564 3123 587 3183 ξ.
603 3134 622 3170 1.
638 3121 670 3169 L.
685 3133 706 3172 s.
721 3132 769 3172 so
779 3136 823 3184 pr.
838 3123 860 3182 ς.
876 3134 896 3171 1.
916 3123 947 3171 D.
963 3124 987 3172 n.
1003 3130 1020 3174 t.
1035 3123 1067 3176 L.
1079 3138 1099 3175 1.

145 3204 166 3242 2.
181 3205 201 3244 t.
217 3205 237 3244 e.
255 3205 286 3243 ιο.
304 3193 329 3242 0.
344 3193 400 3242 eod.
478 3191 498 3257 5)
514 3193 636 3241 entertiam
652 3191 681 3240 B.
702 3191 746 3240 Ve.
767 3193 878 3240 sestertia
897 3192 939 3240 Vi.
954 3194 994 3242 ed.
1008 3192 1050 3243 Bt.

147 3260 168 3326 ὃ)
183 3262 215 3312 L.
230 3274 249 3314 r.
265 3275 298 3314 lo.
320 3263 344 3312 0.
359 3263 383 3311 It.
400 3270 416 3312 t.
433 3263 465 3312 L.
481 3279 523 3316 nn.
542 3262 586 3312 I'd.
603 3263 628 3312 0.
644 3263 700 3312 eod.
716 3260 1101 3328 (o,1s),qnoeanntDioct.et

146 3332 221 3382 Maso.
236 3340 261 3382 et
276 3333 444 3383 Constantini.

219 3400 239 3468 ⁷)
254 3402 284 3452 B.
300 3419 346 3453 om.
361 3403 405 3452 Ve.
422 3403 463 3452 Vi.
516 3400 537 3470 8)
551 3404 691 3454 Deuteron.
707 3404 1055 3462 18,1o-14.,sedsententio
1064 3405 1100 3453 od

146 3487 218 3522 rasum
228 3475 348 3536 temporis
358 3475 434 3522 Istius
440 3474 562 3536 fortunio.
605 3472 626 3541 9)
635 3475 744 3523 intendas
754 3475 815 3523 odd.
823 3474 881 3524 edd.
921 3469 953 3536 ¹⁰)
964 3473 1059 3522 caldeos
1066 3473 1097 3522 B.

146 3543 258 3592 chaldeos
278 3543 322 3592 Ve.
342 3543 383 3592 Vi.
409 3541 540 3592 Chaldaeos
554 3545 612 3593 edd.
681 3542 713 3609 ¹¹)
727 3551 790 3594 tuam
810 3545 851 3594 Vi.
871 3559 913 3593 sua
927 3542 958 3592 B.
979 3543 1024 3592 Ve.
1039 3545 1097 3594 edd.

831 3635 886 3685 44*
