2542 3909
502 194 537 228 aa
556 192 717 230 versarere.
1022 174 1084 240 739

133 323 165 380 ud
182 339 260 379 usum
276 339 354 378 suum
371 328 399 378 et
413 324 501 379 uillae
511 315 611 393 posse¹
625 320 726 393 ferre,¹
745 337 800 378 nec
815 326 939 380 materia
955 338 1087 396 cumpro

131 410 207 481 liqna
223 421 353 477 usurum,
368 407 394 462 si
408 405 511 471 haheat,
528 405 597 461 uude
614 413 705 461 ututur
719 404 810 478 liqna:
832 407 962 479 idemque
977 422 1040 464 csse
1057 411 1087 464 in

133 491 295 546 ’arboribus
316 493 346 546 ui
367 497 519 547 uentorum
543 491 661 559 euulsis,
683 483 745 544 uel²
767 489 846 545 etiam
862 489 984 550 deiectis.
1017 490 1086 546 Puto

132 583 236 644 tamen,
257 572 294 630 'et
309 576 338 630 in
359 575 433 630 silua
448 573 503 629 boe
522 574 720 646 probandum,
742 564 794 628 ne³
815 576 842 630 si
862 579 938 630 totus
960 590 1031 648 aper
1052 577 1089 632 sit

131 658 209 714 bunc
231 671 322 714 cusum
344 672 453 729 passus,
477 671 573 714 omnes
595 657 716 715 arbores
737 652 869 729 'auferre
888 657 1088 728 fructuarium

128 755 216 810 posse
231 742 379 796 dicendum
394 733 456 800 sit.⁴
491 740 629 798 materiam
645 751 735 796 tumen
750 739 809 812 ipsc
820 741 980 812 succidere,
996 759 1088 815 quan·

133 830 190 882 tum
205 825 245 881 acl
258 826 346 881 uillae
361 825 556 896 refectionem,
570 827 686 894 poterit,
702 829 734 880 ul
744 830 831 894 putot
843 823 972 880 Neratius
984 815 1030 880 lib.
1043 825 1086 881 ill.

131 907 377 972 nemoranamm
391 909 632 981 quemadmodum,
649 908 752 979 inquit,
767 910 876 965 calcem
891 923 1025 981 coquere,
1041 910 1089 966 uel

133 1007 253 1050 arenam
270 991 389 1064 fodere,
413 993 528 1048 aliudue
543 990 608 1064 quid
623 989 744 1047 aedilicio
759 994 949 1048 accessorium
964 1006 1086 1049 sumere.

25 1105 31 1116 κ
133 1117 262 1132 ......
279 1075 348 1148 apud
363 1074 512 1132 Labeonem
528 1067 636 1148 'agitat5
651 1113 784 1131 ......
800 1075 949 1147 pertinere,
965 1077 1088 1148 quamuis

132 1158 262 1216 Proculus
277 1175 332 1216 uon
343 1199 352 1216 .
408 1197 454 1216 ...
475 1153 540 1231 ὅθ.)
561 1157 638 1214 Nunc
652 1156 814 1228 uidendum,
837 1160 860 1214 si
872 1159 994 1230 fructus
1007 1162 1090 1216 serui

131 1248 168 1301 sit
182 1247 303 1318 loqutus,
320 1244 388 1315 quid
397 1246 579 1320 continemur
594 1240 694 1314 iegato.
709 1241 841 1315 quidquid
857 1243 879 1296 is
891 1258 923 1298 ex
936 1258 1018 1315 opera
1032 1257 1088 1299 sua

132 1330 269 1400 adquirit,
284 1329 331 1382 uel
347 1341 386 1383 eac
401 1341 433 1381 re
445 1324 617 1397 fructuarii,
635 1327 697 1382 siue
712 1317 874 1396 ’mancipio⁷
890 1326 1009 1398 accipiat,
1028 1326 1087 1381 siue

131 1413 291 1484 stipuletur,
307 1413 369 1466 siue
383 1412 482 1464 emerit
498 1415 525 1466 et
540 1412 567 1465 ei
579 1411 722 1479 possessio
734 1407 828 1478 suerit
842 1409 961 1480 tradita,
981 1411 1087 1483 leqata·

131 1497 172 1552 rio
181 1493 307 1566 adquirit.
330 1485 389 1549 ’ΜΒ
398 1493 422 1548 si
432 1493 513 1548 heres
523 1495 671 1549 institutus
681 1495 727 1563 sit,
737 1495 785 1550 uel
795 1493 919 1565 loquium
928 1496 1088 1565 acceperit,

60 1589 121 1639 [aaa]
128 1581 252 1651 placuit,
267 1577 320 1634 boc
335 1577 445 1634 domino
461 1577 568 1648 quaeri;
585 1576 709 1650 quamuis
724 1573 813 1632 Labeo
828 1574 990 1648 distinquat,
1006 1580 1089 1633 cuius

130 1665 226 1736 qratia
241 1664 288 1718 uel
302 1661 389 1718 bores
403 1663 549 1718 institutus
563 1662 614 1728 sit,
630 1661 677 1716 uel
691 1661 816 1732 leqotum
831 1653 1001 1731 acumenti
1019 1653 1022 1738 )
1107 1670 1108 1673 ’

193 1740 238 1803 72.
263 1737 339 1817 10(1.)
363 1743 422 1801 Sed
434 1746 521 1800 sicmi
535 1745 717 1814 stipulatione
731 1743 881 1799 fructuario
895 1742 1020 1815 adquirit,
1035 1739 1194 1812 ito[1t]98-b·

132 1833 218 1884 etium
235 1828 413 1899 paciscendo
433 1841 497 1883 eum
519 1828 676 1898 adquirere
697 1829 896 1898 exceptionem
915 1825 1089 1898 fructuario,
1107 1814 1181 1881 {51²⁰-

131 1911 246 1966 lulianus
260 1903 368 1980 ’(lib.)¹¹
380 1908 477 1969 XXXV.
488 1909 551 1982 Diq.
563 1910 664 1966 scribit
671 1933 679 1962 ε
695 1902 855 1982 ’itemque¹²
864 1912 927 1966 etsi
937 1916 1089 1981 acceptum

132 1997 289 2066 roqoucrit,
305 1993 498 2049 liberationem
514 1993 538 2048 ei
551 2008 659 2064 parcre.
682 1983 743 2068 (2.)
754 1990 895 2059 Quoniam
907 1999 1002 2048 autem
1013 1994 1087 2051 dixi-

131 2095 208 2147 mus,
231 2079 306 2150 quod
319 2092 358 2133 ex
373 2077 469 2147 operis
484 2077 659 2149 adquiritur,
680 2076 720 2131 ad
735 2075 924 2148 fructuarium
941 2078 1088 2149 pertinere,

131 2162 268 2219 sciendum
280 2168 332 2230 est,
350 2163 434 2216 etium
446 2161 601 2232 coqendum
613 2175 677 2216 cum
688 2163 809 2230 operari
814 2183 822 2221 ,-
836 2164 939 2216 etenim
950 2162 1088 2217 modicam

206 2327 225 2394 ¹)
240 2330 299 2394 Diq.
312 2335 339 2377 'et
352 2328 409 2378 cdd.
424 2327 448 2376 lt.
465 2330 480 2377 l.
496 2329 613 2378 inserunt
633 2323 890 2390 ‘usufructuarium',
910 2328 979 2392 quod
998 2343 1088 2378 uersus

132 2403 178 2450 uim
192 2401 269 2462 cupit.
322 2395 341 2464 2)
359 2395 509 2448 ‘arboribus
522 2400 619 2448 euulsis
628 2399 671 2447 uel
681 2399 709 2446 ni
718 2394 863 2448 uentorum'
880 2397 940 2463 Diq.
950 2413 995 2461 pr.
1010 2397 1042 2448 L.
1054 2409 1087 2448 12.

132 2473 175 2521 cit.
190 2470 248 2521 edd.
300 2464 320 2534 8)
337 2468 455 2518 Restitai.
482 2468 512 2518 In
527 2468 587 2533 Diq.
598 2475 650 2518 est.-
665 2465 776 2531 ‘olioqui
788 2469 813 2517 si
825 2465 904 2518 totus'
920 2475 977 2527 eto,
991 2468 1039 2518 sed
1052 2469 1086 2531 cf.

132 2541 163 2590 L.
174 2552 208 2592 ιο,
223 2540 255 2588 Ι).
268 2539 300 2590 io.
352 2535 373 2604 ⁴)
387 2538 419 2588 In
430 2539 489 2636 Diq.
500 2545 597 2588 tantum
611 2545 664 2588 eet:
679 2535 810 2602 ‘auferret
821 2535 1008 2601 fructuarius',
1019 2539 1088 2603 quod

131 2627 232 2662 uersam
246 2625 297 2661 non
311 2611 404 2673 euplet.
474 2607 485 2675 )
499 2610 548 2670 ogit
561 2624 574 2658 a
589 2609 647 2660 edd.
676 2608 715 2658 De
729 2610 876 2672 quaestione
890 2611 990 2674 oqitota
1003 2624 1088 2660 sermo

132 2690 176 2732 est.
211 2681 308 2731 Versus
323 2680 476 2730 antecedens
494 2686 519 2728 et
533 2681 568 2737 is,
588 2681 632 2743 qui
647 2686 708 2743 post
721 2681 830 2728 alterum
842 2681 972 2743 sequitur,
992 2681 1019 2728 in
1038 2680 1066 2728 V
1065 2679 1085 2728 ⁸.

132 2754 208 2803 initio
222 2767 326 2802 uacuus.
350 2749 460 2815 Simqulu
474 2755 572 2799 tontum
586 2748 664 2798 uerba
676 2751 794 2812 suppletu
804 2755 937 2813 utrumque
947 2764 1088 2812 occupasse

132 2825 267 2874 uidentur:
280 2830 305 2872 et
313 2829 379 2885 puto
393 2822 517 2884 uqitutum
527 2834 582 2869 esse
591 2820 623 2868 de
632 2822 777 2883 tepularum
785 2820 955 2883 similiumque
965 2820 1086 2878 dominio,

132 2909 197 2957 quae
211 2900 300 2942 uentus
314 2893 445 2941 deiecerit.
469 2889 533 2939 Nam
547 2891 579 2938 de
593 2904 719 2940 marmore
731 2888 776 2955 (cf.
787 2888 818 2936 L.
830 2900 856 2939 18
861 2905 905 2952 pr.
920 2889 953 2937 Ι).
964 2890 1088 2952 defuncto

132 2965 182 3013 dot.
203 2975 241 3021 ne,
260 2961 283 3026 5)
309 2961 434 3024 Ulpianus
453 2962 505 3011 alio
525 2962 581 3010 loco
600 2960 667 3024 eqit:
683 2958 716 3008 L.
736 2971 756 3009 9.
780 2959 820 3019 ἐξ.
839 2969 859 3008 2.
879 2970 899 3010 tt.
920 2958 951 3009 L.
971 2971 1004 3009 13.
1026 2960 1049 3020 ξ.
1065 2971 1086 3010 5.

131 3032 163 3081 D.
179 3032 203 3081 le.
219 3040 235 3081 t.
288 3029 309 3095 θ)
323 3031 371 3081 Est
385 3031 416 3079 L.
432 3041 466 3082 m.
486 3030 518 3080 D.
534 3031 566 3080 de
581 3030 665 3092 usufr.
681 3029 712 3093 (l,
727 3026 758 3093 1),
773 3029 820 3076 sed
833 3035 936 3078 mutato.
966 3027 1086 3090 Restitui,

127 3104 227 3165 partim
236 3101 334 3151 Baubo.
345 3108 454 3150 secutas.
508 3097 528 3165 7)
545 3101 645 3164 ..pium
661 3099 718 3148 Vot.
738 3099 889 3162 mancipium
898 3099 955 3149 edd.
966 3097 1087 3164 (practer

132 3171 265 3237 Mommm).
339 3169 359 3236 8)
376 3179 399 3220 et
418 3171 476 3221 Vnt.
491 3172 548 3220 edd.
621 3167 643 3233 9)
660 3169 781 3220 Fortasse
800 3169 953 3233 sequebatur
970 3171 1088 3232 sequenti

131 3258 221 3292 uersu:
243 3240 323 3306 ‘quod
343 3241 419 3292 babet
438 3238 585 3292 rotiancm'.
618 3240 765 3305 01⁴.me
792 3240 824 3288 D.
844 3240 875 3288 de
897 3240 981 3302 usufr.
1000 3238 1036 3305 (t,
1056 3241 1085 3304 1).

134 3313 207 3363 Certe
216 3312 379 3362 Iustinionus
388 3311 520 3362 Labeonis
528 3313 680 3362 sententium
688 3310 819 3374 probauit.
843 3309 958 3360 Ceterum
968 3310 1002 3372 cf.
1012 3309 1043 3359 L.
1052 3323 1087 3362 1⁰.

132 3385 154 3445 ἓ.
169 3396 189 3435 3.
204 3384 236 3432 L.
251 3394 285 3434 4⁷.
301 3383 332 3431 D.
349 3384 450 3448 deaeq.
466 3399 518 3432 rer.
533 3384 597 3433 dom.
614 3380 659 3448 (lt,
674 3383 704 3446 1).
727 3380 756 3429 L.
771 3391 805 3432 ab.
820 3381 843 3442 ᾖ.
858 3393 878 3432 t.
899 3381 930 3432 D.
946 3381 1049 3444 deocq.‘
1063 3397 1085 3430 a.

131 3469 177 3504 om.
193 3455 247 3504 ber.
257 3452 308 3520 ,(29,
323 3451 355 3518 e).
430 3450 461 3519 ¹⁰)
478 3454 558 3503 Prior
568 3467 635 3517 pars
649 3453 685 3502 od
698 3450 732 3517 (2)
746 3452 809 3502 med.
825 3459 897 3500 eootut
911 3453 938 3500 in
952 3450 984 3500 L.
999 3462 1032 3502 ts.
1054 3451 1086 3500 D.

131 3525 162 3576 de
178 3526 262 3589 usufr.
279 3523 310 3591 (l,
326 3523 355 3591 ι).
410 3521 444 3591 ¹¹)
458 3523 503 3574 Eu
517 3525 576 3590 neq.
592 3524 716 3588 supplevi.
770 3519 802 3588 ¹²)
817 3522 927 3586 idemque
940 3521 1001 3587 Diq.

819 3614 874 3670 at*
