<?xml version="1.0" encoding="UTF-8"?>
<!DOCTYPE html PUBLIC "-//W3C//DTD XHTML 1.0 Transitional//EN"
    "http://www.w3.org/TR/xhtml1/DTD/xhtml1-transitional.dtd">
<html xmlns="http://www.w3.org/1999/xhtml" xml:lang="en" lang="en">
 <head>
  <title>
</title>
<meta http-equiv="Content-Type" content="text/html;charset=utf-8" />
  <meta name='ocr-system' content='tesseract 3.04.00' />
  <meta name='ocr-capabilities' content='ocr_page ocr_carea ocr_par ocr_line ocrx_word'/>
</head>
<body>
  <div class='ocr_page' id='page_1' title='image "./iurisprudentiae01huscgoog_0761.png"; bbox 0 0 2542 3909; ppageno 0'>
   <div class='ocr_carea' id='block_1_1' title="bbox 185 185 904 249">
    <p class='ocr_par' dir='ltr' id='par_1_1' title="bbox 185 185 904 249">
     <span class='ocr_line' id='line_1_1' title="bbox 185 185 904 249; baseline -0.014 0"><span class='ocrx_word' id='word_1_1' title='bbox 185 185 245 249; x_wconf 77' lang='grc'>736</span> <span class='ocrx_word' id='word_1_2' title='bbox 416 204 514 241; x_wconf 73' lang='lat' dir='ltr'>reson.</span> <span class='ocrx_word' id='word_1_3' title='bbox 533 205 586 242; x_wconf 79' lang='lat' dir='ltr'>svn.</span> <span class='ocrx_word' id='word_1_4' title='bbox 605 205 666 242; x_wconf 82' lang='lat' dir='ltr'>sorr.</span> <span class='ocrx_word' id='word_1_5' title='bbox 685 205 772 243; x_wconf 78' lang='lat' dir='ltr'>ramo.</span> <span class='ocrx_word' id='word_1_6' title='bbox 791 192 904 242; x_wconf 78' lang='lat' dir='ltr'>tta-ss.</span> 
     </span>
    </p>
   </div>
   <div class='ocr_carea' id='block_1_2' title="bbox 74 331 1212 1586">
    <p class='ocr_par' dir='ltr' id='par_1_2' title="bbox 74 331 1212 1586">
     <span class='ocr_line' id='line_1_2' title="bbox 182 331 1138 408; baseline -0.004 -16"><span class='ocrx_word' id='word_1_7' title='bbox 182 333 339 408; x_wconf 75' lang='lat' dir='ltr'><strong><em>usufructu</em></strong></span> <span class='ocrx_word' id='word_1_8' title='bbox 361 337 535 408; x_wconf 72' lang='lat' dir='ltr'>nnoulorum</span> <span class='ocrx_word' id='word_1_9' title='bbox 558 351 703 394; x_wconf 90' lang='lat' dir='ltr'>annorum.</span> <span class='ocrx_word' id='word_1_10' title='bbox 747 337 816 390; x_wconf 76' lang='lat' dir='ltr'>Ante</span> <span class='ocrx_word' id='word_1_11' title='bbox 838 331 937 390; x_wconf 86' lang='lat' dir='ltr'>aditam</span> <span class='ocrx_word' id='word_1_12' title='bbox 958 331 1138 390; x_wconf 74' lang='lat' dir='ltr'>hereditatem</span> 
     </span>
     <span class='ocr_line' id='line_1_3' title="bbox 184 425 417 478; baseline 0.013 -4"><span class='ocrx_word' id='word_1_13' title='bbox 184 459 312 476; x_wconf 92' lang='grc'><strong>......</strong></span> <span class='ocrx_word' id='word_1_14' title='bbox 328 425 417 478; x_wconf 84' lang='lat' dir='ltr'>netur.</span> 
     </span>
     <span class='ocr_line' id='line_1_4' title="bbox 87 493 1139 574; baseline -0.003 -15"><span class='ocrx_word' id='word_1_15' title='bbox 87 494 168 572; x_wconf 52' lang='lat' dir='ltr'>Pil„</span> <span class='ocrx_word' id='word_1_16' title='bbox 245 498 293 560; x_wconf 79' lang='lat'>85.</span> <span class='ocrx_word' id='word_1_17' title='bbox 326 493 527 574; x_wconf 83' lang='lat' dir='ltr'>¹Popinianus</span> <span class='ocrx_word' id='word_1_18' title='bbox 546 503 594 560; x_wconf 86' lang='lat' dir='ltr'>lid.</span> <span class='ocrx_word' id='word_1_19' title='bbox 626 502 691 560; x_wconf 74' lang='lat'>711.</span> <span class='ocrx_word' id='word_1_20' title='bbox 713 503 940 573; x_wconf 79' lang='lat' dir='ltr'>Responsorum.</span> <span class='ocrx_word' id='word_1_21' title='bbox 968 502 1062 574; x_wconf 81' lang='lat' dir='ltr'>Equis</span> <span class='ocrx_word' id='word_1_22' title='bbox 1081 515 1139 572; x_wconf 78' lang='lat' dir='ltr'>per</span> 
     </span>
     <span class='ocr_line' id='line_1_5' title="bbox 95 578 1139 660; baseline -0.003 -18"><span class='ocrx_word' id='word_1_23' title='bbox 95 578 162 616; x_wconf 50' lang='grc' dir='ltr'>’Μ’</span> <span class='ocrx_word' id='word_1_24' title='bbox 183 587 428 657; x_wconf 75' lang='lat' dir='ltr'>fideicommissum</span> <span class='ocrx_word' id='word_1_25' title='bbox 444 589 553 644; x_wconf 89' lang='lat' dir='ltr'>relictis</span> <span class='ocrx_word' id='word_1_26' title='bbox 561 593 628 657; x_wconf 80' lang='lat' dir='ltr'>post</span> <span class='ocrx_word' id='word_1_27' title='bbox 639 601 739 643; x_wconf 89' lang='lat' dir='ltr'>moram</span> <span class='ocrx_word' id='word_1_28' title='bbox 753 586 825 642; x_wconf 85' lang='lat' dir='ltr'>letus</span> <span class='ocrx_word' id='word_1_29' title='bbox 837 600 947 660; x_wconf 81' lang='lat' dir='ltr'>quoque</span> <span class='ocrx_word' id='word_1_30' title='bbox 957 583 1139 658; x_wconf 72' lang='lat' dir='ltr'>praestabitur</span> 
     </span>
     <span class='ocr_line' id='line_1_6' title="bbox 182 663 1138 745; baseline 0 -20"><span class='ocrx_word' id='word_1_31' title='bbox 182 666 232 738; x_wconf 74' lang='lat' dir='ltr'>’int</span> <span class='ocrx_word' id='word_1_32' title='bbox 250 663 414 745; x_wconf 79' lang='lat' dir='ltr'>fructus):²</span> <span class='ocrx_word' id='word_1_33' title='bbox 436 671 483 726; x_wconf 82' lang='lat' dir='ltr'>seri</span> <span class='ocrx_word' id='word_1_34' title='bbox 503 669 574 727; x_wconf 88' lang='lat' dir='ltr'>ietus</span> <span class='ocrx_word' id='word_1_35' title='bbox 594 672 740 727; x_wconf 85' lang='lat' dir='ltr'>secundus</span> <span class='ocrx_word' id='word_1_36' title='bbox 758 677 790 726; x_wconf 90' lang='lat' dir='ltr'>nt</span> <span class='ocrx_word' id='word_1_37' title='bbox 812 685 911 739; x_wconf 85' lang='lat' dir='ltr'>causa,</span> <span class='ocrx_word' id='word_1_38' title='bbox 934 672 1011 726; x_wconf 77' lang='lat' dir='ltr'>siem</span> <span class='ocrx_word' id='word_1_39' title='bbox 1028 674 1138 740; x_wconf 79' lang='lat' dir='ltr'>partus</span> 
     </span>
     <span class='ocr_line' id='line_1_7' title="bbox 181 746 1138 827; baseline -0.001 -18"><span class='ocrx_word' id='word_1_40' title='bbox 181 755 324 820; x_wconf 63' lang='lat' dir='ltr'>mulieris·</span> <span class='ocrx_word' id='word_1_41' title='bbox 351 755 449 812; x_wconf 90' lang='lat' dir='ltr'>nisisi</span> <span class='ocrx_word' id='word_1_42' title='bbox 471 769 581 827; x_wconf 76' lang='lat' dir='ltr'>gregem</span> <span class='ocrx_word' id='word_1_43' title='bbox 604 747 738 826; x_wconf 80' lang='lat' dir='ltr'>reliquit‚³</span> <span class='ocrx_word' id='word_1_44' title='bbox 765 751 809 809; x_wconf 91' lang='lat' dir='ltr'>uel</span> <span class='ocrx_word' id='word_1_45' title='bbox 833 768 924 810; x_wconf 86' lang='lat' dir='ltr'>morae</span> <span class='ocrx_word' id='word_1_46' title='bbox 945 746 1036 810; x_wconf 85' lang='lat' dir='ltr'>aetio⁴</span> <span class='ocrx_word' id='word_1_47' title='bbox 1055 751 1138 824; x_wconf 85' lang='lat' dir='ltr'>fetus</span> 
     </span>
     <span class='ocr_line' id='line_1_8' title="bbox 185 837 1003 911; baseline -0.005 -17"><span class='ocrx_word' id='word_1_48' title='bbox 185 841 296 895; x_wconf 89' lang='lat' dir='ltr'>nomine</span> <span class='ocrx_word' id='word_1_49' title='bbox 308 839 452 911; x_wconf 84' lang='lat' dir='ltr'>praestita</span> <span class='ocrx_word' id='word_1_50' title='bbox 466 839 711 910; x_wconf 81' lang='lat' dir='ltr'>fideicommissum</span> <span class='ocrx_word' id='word_1_51' title='bbox 724 837 849 893; x_wconf 85' lang='lat' dir='ltr'>relictum</span> <span class='ocrx_word' id='word_1_52' title='bbox 862 843 1003 910; x_wconf 83' lang='lat' dir='ltr'>sequatur.</span> 
     </span>
     <span class='ocr_line' id='line_1_9' title="bbox 247 917 1137 992; baseline 0 -14"><span class='ocrx_word' id='word_1_53' title='bbox 247 917 296 980; x_wconf 79' lang='lat'>66.</span> <span class='ocrx_word' id='word_1_54' title='bbox 313 923 402 978; x_wconf 85' lang='lat' dir='ltr'>’Item</span> <span class='ocrx_word' id='word_1_55' title='bbox 429 922 522 978; x_wconf 88' lang='lat' dir='ltr'>Usura</span> <span class='ocrx_word' id='word_1_56' title='bbox 538 923 622 978; x_wconf 89' lang='lat' dir='ltr'>etium</span> <span class='ocrx_word' id='word_1_57' title='bbox 637 920 790 992; x_wconf 89' lang='lat' dir='ltr'>fructuum</span> <span class='ocrx_word' id='word_1_58' title='bbox 804 921 916 977; x_wconf 77' lang='lat' dir='ltr'>culitis</span> <span class='ocrx_word' id='word_1_59' title='bbox 929 923 1137 978; x_wconf 74' lang='lat' dir='ltr'>contestatione</span> 
     </span>
     <span class='ocr_line' id='line_1_10' title="bbox 179 999 791 1076; baseline -0.002 -15"><span class='ocrx_word' id='word_1_60' title='bbox 179 1013 352 1076; x_wconf 82' lang='lat' dir='ltr'>praestatur</span> <span class='ocrx_word' id='word_1_61' title='bbox 366 999 518 1062; x_wconf 85' lang='lat' dir='ltr'>bonorum⁵</span> <span class='ocrx_word' id='word_1_62' title='bbox 533 1004 674 1061; x_wconf 81' lang='lat' dir='ltr'>usufructu</span> <span class='ocrx_word' id='word_1_63' title='bbox 690 1005 791 1076; x_wconf 73' lang='lat' dir='ltr'>legato.</span> 
     </span>
     <span class='ocr_line' id='line_1_11' title="bbox 79 1075 1135 1162; baseline -0.002 -15"><span class='ocrx_word' id='word_1_64' title='bbox 79 1075 180 1154; x_wconf 53' lang='lat' dir='ltr'>stim,</span> <span class='ocrx_word' id='word_1_65' title='bbox 244 1085 308 1146; x_wconf 74' lang='lat'>68⁸.</span> <span class='ocrx_word' id='word_1_66' title='bbox 330 1082 406 1162; x_wconf 64' lang='lat' dir='ltr'>tripli</span> <span class='ocrx_word' id='word_1_67' title='bbox 427 1087 520 1148; x_wconf 69' lang='lat' dir='ltr'>uolt</span> <span class='ocrx_word' id='word_1_68' title='bbox 528 1087 607 1148; x_wconf 87' lang='lat' dir='ltr'><strong><em>VIII.</em></strong></span> <span class='ocrx_word' id='word_1_69' title='bbox 624 1090 664 1144; x_wconf 91' lang='lat' dir='ltr'>ad</span> <span class='ocrx_word' id='word_1_70' title='bbox 677 1088 822 1144; x_wconf 80' lang='lat' dir='ltr'>Sabinum.</span> <span class='ocrx_word' id='word_1_71' title='bbox 855 1087 984 1144; x_wconf 87' lang='lat' dir='ltr'>Omnium</span> <span class='ocrx_word' id='word_1_72' title='bbox 997 1088 1135 1145; x_wconf 82' lang='lat' dir='ltr'>donorum</span> 
     </span>
     <span class='ocr_line' id='line_1_12' title="bbox 74 1158 1212 1246; baseline 0 -18"><span class='ocrx_word' id='word_1_73' title='bbox 74 1158 106 1193; x_wconf 76' lang='lat'>&#39;⁴¹’</span> <span class='ocrx_word' id='word_1_74' title='bbox 117 1159 169 1195; x_wconf 74' lang='lat'><strong><em>⁸¹⁴⁸·</em></strong></span> <span class='ocrx_word' id='word_1_75' title='bbox 182 1173 379 1231; x_wconf 80' lang='lat' dir='ltr'>usumfructum</span> <span class='ocrx_word' id='word_1_76' title='bbox 395 1187 475 1246; x_wconf 87' lang='lat' dir='ltr'>posse</span> <span class='ocrx_word' id='word_1_77' title='bbox 490 1171 593 1243; x_wconf 79' lang='lat' dir='ltr'>legari,</span> <span class='ocrx_word' id='word_1_78' title='bbox 614 1175 673 1228; x_wconf 89' lang='lat' dir='ltr'>nisi</span> <span class='ocrx_word' id='word_1_79' title='bbox 691 1174 817 1229; x_wconf 80' lang='lat' dir='ltr'>excedat</span> <span class='ocrx_word' id='word_1_80' title='bbox 831 1172 982 1229; x_wconf 77' lang='lat' dir='ltr'>dodrantis</span> <span class='ocrx_word' id='word_1_81' title='bbox 999 1174 1122 1230; x_wconf 84' lang='lat' dir='ltr'>aestima</span> <span class='ocrx_word' id='word_1_82' title='bbox 1146 1179 1212 1228; x_wconf 80' lang='lat'>[641]</span> 
     </span>
     <span class='ocr_line' id='line_1_13' title="bbox 181 1260 475 1327; baseline 0.007 -14"><span class='ocrx_word' id='word_1_83' title='bbox 181 1260 292 1327; x_wconf 90' lang='lat' dir='ltr'>tionem,</span> <span class='ocrx_word' id='word_1_84' title='bbox 309 1263 352 1314; x_wconf 89' lang='lat' dir='ltr'>est</span> <span class='ocrx_word' id='word_1_85' title='bbox 366 1260 475 1315; x_wconf 71' lang='lat' dir='ltr'>nemus.</span> 
     </span>
     <span class='ocr_line' id='line_1_14' title="bbox 244 1335 1136 1412; baseline -0.006 -13"><span class='ocrx_word' id='word_1_86' title='bbox 244 1335 289 1399; x_wconf 85' lang='grc'>67.</span> <span class='ocrx_word' id='word_1_87' title='bbox 312 1335 408 1398; x_wconf 65' lang='lat' dir='ltr'>&#39;item</span> <span class='ocrx_word' id='word_1_88' title='bbox 451 1336 610 1411; x_wconf 87' lang='lat' dir='ltr'>llsufructu</span> <span class='ocrx_word' id='word_1_89' title='bbox 625 1339 762 1396; x_wconf 85' lang='lat' dir='ltr'>bonorum</span> <span class='ocrx_word' id='word_1_90' title='bbox 775 1342 806 1395; x_wconf 89' lang='lat' dir='ltr'>in</span> <span class='ocrx_word' id='word_1_91' title='bbox 820 1340 893 1396; x_wconf 89' lang='lat' dir='ltr'>diem</span> <span class='ocrx_word' id='word_1_92' title='bbox 909 1341 1006 1412; x_wconf 74' lang='lat' dir='ltr'>leaato</span> <span class='ocrx_word' id='word_1_93' title='bbox 1021 1341 1136 1397; x_wconf 82' lang='lat' dir='ltr'>uidetm</span> 
     </span>
     <span class='ocr_line' id='line_1_15' title="bbox 176 1416 1136 1495; baseline 0 -15"><span class='ocrx_word' id='word_1_94' title='bbox 176 1416 444 1495; x_wconf 74' lang='lat' dir='ltr'>pertimescendum,</span> <span class='ocrx_word' id='word_1_95' title='bbox 472 1431 503 1478; x_wconf 86' lang='lat' dir='ltr'>ut</span> <span class='ocrx_word' id='word_1_96' title='bbox 529 1438 564 1478; x_wconf 89' lang='lat' dir='ltr'>ue</span> <span class='ocrx_word' id='word_1_97' title='bbox 592 1416 649 1478; x_wconf 81' lang='lat' dir='ltr'>‘in⁸</span> <span class='ocrx_word' id='word_1_98' title='bbox 679 1425 813 1495; x_wconf 79' lang='lat' dir='ltr'>cuiusque</span> <span class='ocrx_word' id='word_1_99' title='bbox 841 1426 887 1479; x_wconf 85' lang='lat' dir='ltr'>rei</span> <span class='ocrx_word' id='word_1_100' title='bbox 916 1427 1136 1480; x_wconf 86' lang='lat' dir='ltr'>commutatione</span> 
     </span>
     <span class='ocr_line' id='line_1_16' title="bbox 180 1507 1135 1586; baseline -0.002 -22"><span class='ocrx_word' id='word_1_101' title='bbox 180 1515 313 1565; x_wconf 86' lang='lat' dir='ltr'>vertatur</span> <span class='ocrx_word' id='word_1_102' title='bbox 324 1509 486 1580; x_wconf 82' lang='lat' dir='ltr'>periculum</span> <span class='ocrx_word' id='word_1_103' title='bbox 502 1507 648 1562; x_wconf 85' lang='lat' dir='ltr'>amittendi</span> <span class='ocrx_word' id='word_1_104' title='bbox 662 1507 885 1586; x_wconf 65' lang='lat' dir='ltr'>usumfructum</span> <span class='ocrx_word' id='word_1_105' title='bbox 908 1521 1038 1564; x_wconf 89' lang='lat' dir='ltr'>summam</span> <span class='ocrx_word' id='word_1_106' title='bbox 1049 1507 1135 1579; x_wconf 79' lang='lat' dir='ltr'>igitur</span> 
     </span>
    </p>
   </div>
   <div class='ocr_carea' id='block_1_3' title="bbox 177 1709 1135 3598">
    <p class='ocr_par' dir='ltr' id='par_1_3' title="bbox 177 1709 1135 3598">
     <span class='ocr_line' id='line_1_17' title="bbox 180 1709 1133 1775; baseline 0.001 -16"><span class='ocrx_word' id='word_1_107' title='bbox 180 1710 254 1759; x_wconf 86' lang='lat' dir='ltr'>aliud</span> <span class='ocrx_word' id='word_1_108' title='bbox 267 1717 416 1772; x_wconf 73' lang='lat' dir='ltr'>ercerptum</span> <span class='ocrx_word' id='word_1_109' title='bbox 430 1709 532 1758; x_wconf 87' lang='lat' dir='ltr'>uidetur</span> <span class='ocrx_word' id='word_1_110' title='bbox 541 1709 664 1771; x_wconf 82' lang='lat' dir='ltr'>coepisse,</span> <span class='ocrx_word' id='word_1_111' title='bbox 678 1709 747 1772; x_wconf 85' lang='lat' dir='ltr'>quod</span> <span class='ocrx_word' id='word_1_112' title='bbox 756 1725 812 1758; x_wconf 87' lang='lat' dir='ltr'>cum</span> <span class='ocrx_word' id='word_1_113' title='bbox 821 1710 993 1775; x_wconf 84' lang='lat' dir='ltr'>praecedenti</span> <span class='ocrx_word' id='word_1_114' title='bbox 1001 1726 1052 1773; x_wconf 84' lang='lat' dir='ltr'>per</span> <span class='ocrx_word' id='word_1_115' title='bbox 1061 1725 1133 1760; x_wconf 87' lang='lat' dir='ltr'>erro·</span> 
     </span>
     <span class='ocr_line' id='line_1_18' title="bbox 180 1779 1135 1844; baseline 0.003 -16"><span class='ocrx_word' id='word_1_116' title='bbox 180 1795 233 1830; x_wconf 88' lang='lat' dir='ltr'>rem</span> <span class='ocrx_word' id='word_1_117' title='bbox 247 1781 356 1837; x_wconf 79' lang='lat' dir='ltr'>coaluit,</span> <span class='ocrx_word' id='word_1_118' title='bbox 371 1779 477 1828; x_wconf 71' lang='lat' dir='ltr'>huiusce</span> <span class='ocrx_word' id='word_1_119' title='bbox 491 1780 551 1842; x_wconf 89' lang='lat' dir='ltr'>fere</span> <span class='ocrx_word' id='word_1_120' title='bbox 564 1793 668 1828; x_wconf 85' lang='lat' dir='ltr'>sensus:</span> <span class='ocrx_word' id='word_1_121' title='bbox 682 1779 739 1827; x_wconf 76' lang='lat' dir='ltr'>Ante</span> <span class='ocrx_word' id='word_1_122' title='bbox 755 1780 842 1828; x_wconf 83' lang='lat' dir='ltr'>aditum</span> <span class='ocrx_word' id='word_1_123' title='bbox 856 1779 1013 1829; x_wconf 85' lang='lat' dir='ltr'>hereditatem</span> <span class='ocrx_word' id='word_1_124' title='bbox 1029 1780 1135 1844; x_wconf 86' lang='lat' dir='ltr'>fructus</span> 
     </span>
     <span class='ocr_line' id='line_1_19' title="bbox 180 1849 1134 1914; baseline 0.001 -14"><span class='ocrx_word' id='word_1_125' title='bbox 180 1866 215 1900; x_wconf 78' lang='lat' dir='ltr'>en</span> <span class='ocrx_word' id='word_1_126' title='bbox 229 1865 258 1900; x_wconf 90' lang='lat' dir='ltr'>re</span> <span class='ocrx_word' id='word_1_127' title='bbox 277 1853 361 1914; x_wconf 65' lang='lat' dir='ltr'>leuata</span> <span class='ocrx_word' id='word_1_128' title='bbox 376 1856 515 1913; x_wconf 81' lang='lat' dir='ltr'>perceptus</span> <span class='ocrx_word' id='word_1_129' title='bbox 534 1850 562 1897; x_wconf 90' lang='lat' dir='ltr'>in</span> <span class='ocrx_word' id='word_1_130' title='bbox 580 1849 723 1899; x_wconf 88' lang='lat' dir='ltr'>licreditate</span> <span class='ocrx_word' id='word_1_131' title='bbox 742 1852 870 1898; x_wconf 81' lang='lat' dir='ltr'>retinetur.</span> <span class='ocrx_word' id='word_1_132' title='bbox 900 1850 939 1913; x_wconf 84' lang='lat' dir='ltr'>Cf.</span> <span class='ocrx_word' id='word_1_133' title='bbox 954 1851 987 1900; x_wconf 87' lang='lat' dir='ltr'>L.</span> <span class='ocrx_word' id='word_1_134' title='bbox 1000 1861 1035 1902; x_wconf 82' lang='lat' dir='ltr'>ss.</span> <span class='ocrx_word' id='word_1_135' title='bbox 1057 1851 1087 1900; x_wconf 87' lang='lat' dir='ltr'>D.</span> <span class='ocrx_word' id='word_1_136' title='bbox 1102 1852 1134 1901; x_wconf 88' lang='lat' dir='ltr'>de</span> 
     </span>
     <span class='ocr_line' id='line_1_20' title="bbox 180 1917 1133 1987; baseline 0 -17"><span class='ocrx_word' id='word_1_137' title='bbox 180 1925 228 1987; x_wconf 66' lang='lat' dir='ltr'>leo.</span> <span class='ocrx_word' id='word_1_138' title='bbox 239 1932 259 1971; x_wconf 78' lang='lat' dir='ltr'>a.</span> <span class='ocrx_word' id='word_1_139' title='bbox 270 1921 302 1969; x_wconf 91' lang='lat' dir='ltr'>L.</span> <span class='ocrx_word' id='word_1_140' title='bbox 313 1933 333 1971; x_wconf 82' lang='lat' dir='ltr'>e.</span> <span class='ocrx_word' id='word_1_141' title='bbox 355 1920 380 1970; x_wconf 80' lang='lat'>0.</span> <span class='ocrx_word' id='word_1_142' title='bbox 395 1921 428 1970; x_wconf 89' lang='lat' dir='ltr'>de</span> <span class='ocrx_word' id='word_1_143' title='bbox 441 1935 514 1969; x_wconf 88' lang='lat' dir='ltr'>usur.</span> <span class='ocrx_word' id='word_1_144' title='bbox 529 1927 554 1968; x_wconf 92' lang='lat' dir='ltr'>et</span> <span class='ocrx_word' id='word_1_145' title='bbox 565 1921 603 1983; x_wconf 93' lang='lat' dir='ltr'>fr.</span> <span class='ocrx_word' id='word_1_146' title='bbox 614 1921 663 1984; x_wconf 68' lang='lat' dir='ltr'>lea.</span> <span class='ocrx_word' id='word_1_147' title='bbox 673 1918 704 1984; x_wconf 84' lang='lat' dir='ltr'>(s,</span> <span class='ocrx_word' id='word_1_148' title='bbox 714 1917 760 1983; x_wconf 63' lang='lat' dir='ltr'>rt),</span> <span class='ocrx_word' id='word_1_149' title='bbox 782 1920 815 1969; x_wconf 89' lang='lat' dir='ltr'>In</span> <span class='ocrx_word' id='word_1_150' title='bbox 830 1919 889 1970; x_wconf 54' lang='lat' dir='ltr'>Vnt,</span> <span class='ocrx_word' id='word_1_151' title='bbox 903 1935 965 1971; x_wconf 88' lang='lat' dir='ltr'>oero</span> <span class='ocrx_word' id='word_1_152' title='bbox 977 1921 1022 1971; x_wconf 79' lang='lat' dir='ltr'>laic</span> <span class='ocrx_word' id='word_1_153' title='bbox 1035 1929 1065 1972; x_wconf 85' lang='lat' dir='ltr'>nt</span> <span class='ocrx_word' id='word_1_154' title='bbox 1073 1937 1101 1984; x_wconf 84' lang='lat' dir='ltr'>p.</span> <span class='ocrx_word' id='word_1_155' title='bbox 1112 1933 1133 1974; x_wconf 81' lang='lat'>5.</span> 
     </span>
     <span class='ocr_line' id='line_1_21' title="bbox 179 1991 1134 2056; baseline -0.001 -14"><span class='ocrx_word' id='word_1_156' title='bbox 179 2008 202 2041; x_wconf 88' lang='lat' dir='ltr'>o.</span> <span class='ocrx_word' id='word_1_157' title='bbox 218 2004 251 2042; x_wconf 83' lang='lat' dir='ltr'>ta.</span> <span class='ocrx_word' id='word_1_158' title='bbox 267 1993 354 2041; x_wconf 86' lang='lat' dir='ltr'>versui</span> <span class='ocrx_word' id='word_1_159' title='bbox 368 2006 419 2040; x_wconf 85' lang='lat' dir='ltr'>oooc</span> <span class='ocrx_word' id='word_1_160' title='bbox 432 1992 520 2054; x_wconf 79' lang='lat' dir='ltr'>aliquo</span> <span class='ocrx_word' id='word_1_161' title='bbox 535 1992 628 2039; x_wconf 85' lang='lat' dir='ltr'>omissa</span> <span class='ocrx_word' id='word_1_162' title='bbox 641 1991 820 2053; x_wconf 81' lang='lat' dir='ltr'>superscripto</span> <span class='ocrx_word' id='word_1_163' title='bbox 831 1991 916 2053; x_wconf 87' lang='lat' dir='ltr'>fuisse</span> <span class='ocrx_word' id='word_1_164' title='bbox 934 1991 1050 2050; x_wconf 86' lang='lat' dir='ltr'>uidetur,</span> <span class='ocrx_word' id='word_1_165' title='bbox 1068 2007 1134 2056; x_wconf 83' lang='lat' dir='ltr'>quoe</span> 
     </span>
     <span class='ocr_line' id='line_1_22' title="bbox 180 2057 1133 2128; baseline 0 -17"><span class='ocrx_word' id='word_1_166' title='bbox 180 2064 277 2128; x_wconf 63' lang='lat' dir='ltr'>integri</span> <span class='ocrx_word' id='word_1_167' title='bbox 289 2077 379 2111; x_wconf 86' lang='lat' dir='ltr'>uersus</span> <span class='ocrx_word' id='word_1_168' title='bbox 393 2063 504 2125; x_wconf 83' lang='lat' dir='ltr'>spatium</span> <span class='ocrx_word' id='word_1_169' title='bbox 518 2067 665 2122; x_wconf 83' lang='lat' dir='ltr'>oocuparet.</span> <span class='ocrx_word' id='word_1_170' title='bbox 732 2057 752 2124; x_wconf 88' lang='lat'>¹)</span> <span class='ocrx_word' id='word_1_171' title='bbox 767 2061 837 2110; x_wconf 88' lang='lat' dir='ltr'>Pars</span> <span class='ocrx_word' id='word_1_172' title='bbox 850 2063 946 2126; x_wconf 64' lang='lat' dir='ltr'>lenitur</span> <span class='ocrx_word' id='word_1_173' title='bbox 959 2061 991 2110; x_wconf 77' lang='lat' dir='ltr'>L.</span> <span class='ocrx_word' id='word_1_174' title='bbox 1006 2073 1026 2112; x_wconf 80' lang='lat'>8.</span> <span class='ocrx_word' id='word_1_175' title='bbox 1053 2061 1085 2110; x_wconf 85' lang='grc' dir='ltr'>Ι).</span> <span class='ocrx_word' id='word_1_176' title='bbox 1101 2063 1133 2111; x_wconf 89' lang='lat' dir='ltr'>de</span> 
     </span>
     <span class='ocr_line' id='line_1_23' title="bbox 180 2127 1133 2196; baseline -0.002 -14"><span class='ocrx_word' id='word_1_177' title='bbox 180 2148 251 2182; x_wconf 87' lang='lat' dir='ltr'>usur.</span> <span class='ocrx_word' id='word_1_178' title='bbox 266 2130 312 2196; x_wconf 77' lang='lat'>(22,</span> <span class='ocrx_word' id='word_1_179' title='bbox 327 2129 357 2196; x_wconf 87' lang='lat'>1).</span> <span class='ocrx_word' id='word_1_180' title='bbox 414 2127 435 2196; x_wconf 76' lang='lat'>8)</span> <span class='ocrx_word' id='word_1_181' title='bbox 450 2129 494 2180; x_wconf 77' lang='lat' dir='ltr'>Eu</span> <span class='ocrx_word' id='word_1_182' title='bbox 508 2131 567 2192; x_wconf 66' lang='lat' dir='ltr'>Dia.</span> <span class='ocrx_word' id='word_1_183' title='bbox 582 2132 706 2193; x_wconf 81' lang='lat' dir='ltr'>supplevi.</span> <span class='ocrx_word' id='word_1_184' title='bbox 733 2127 769 2178; x_wconf 82' lang='lat' dir='ltr'>ot</span> <span class='ocrx_word' id='word_1_185' title='bbox 782 2132 974 2180; x_wconf 87' lang='lat' dir='ltr'>similitudinem</span> <span class='ocrx_word' id='word_1_186' title='bbox 988 2133 1133 2180; x_wconf 88' lang='lat' dir='ltr'>litterarum</span> 
     </span>
     <span class='ocr_line' id='line_1_24' title="bbox 180 2195 1131 2268; baseline -0.001 -17"><span class='ocrx_word' id='word_1_187' title='bbox 180 2203 199 2251; x_wconf 88' lang='lat' dir='ltr'>it</span> <span class='ocrx_word' id='word_1_188' title='bbox 213 2217 241 2252; x_wconf 90' lang='lat' dir='ltr'>ur</span> <span class='ocrx_word' id='word_1_189' title='bbox 255 2201 300 2268; x_wconf 89' lang='lat'>(=</span> <span class='ocrx_word' id='word_1_190' title='bbox 315 2200 354 2267; x_wconf 88' lang='lat' dir='ltr'>ir.)</span> <span class='ocrx_word' id='word_1_191' title='bbox 369 2202 498 2251; x_wconf 76' lang='lat' dir='ltr'>excidisse</span> <span class='ocrx_word' id='word_1_192' title='bbox 512 2200 622 2250; x_wconf 84' lang='lat' dir='ltr'>uidetur.</span> <span class='ocrx_word' id='word_1_193' title='bbox 675 2195 696 2264; x_wconf 76' lang='lat'>⁸)</span> <span class='ocrx_word' id='word_1_194' title='bbox 715 2199 762 2249; x_wconf 81' lang='lat' dir='ltr'>Udi</span> <span class='ocrx_word' id='word_1_195' title='bbox 773 2203 906 2251; x_wconf 85' lang='lat' dir='ltr'>summisso</span> <span class='ocrx_word' id='word_1_196' title='bbox 918 2202 975 2265; x_wconf 86' lang='lat' dir='ltr'>fetu</span> <span class='ocrx_word' id='word_1_197' title='bbox 985 2202 1011 2249; x_wconf 92' lang='lat' dir='ltr'>in</span> <span class='ocrx_word' id='word_1_198' title='bbox 1019 2215 1131 2266; x_wconf 63' lang='lat' dir='ltr'>gregrem,</span> 
     </span>
     <span class='ocr_line' id='line_1_25' title="bbox 178 2267 1132 2337; baseline -0.003 -14"><span class='ocrx_word' id='word_1_199' title='bbox 178 2273 308 2323; x_wconf 88' lang='lat' dir='ltr'>secundus</span> <span class='ocrx_word' id='word_1_200' title='bbox 314 2273 385 2335; x_wconf 89' lang='lat' dir='ltr'>fetus</span> <span class='ocrx_word' id='word_1_201' title='bbox 391 2272 498 2334; x_wconf 86' lang='lat' dir='ltr'>fruetus</span> <span class='ocrx_word' id='word_1_202' title='bbox 504 2273 542 2333; x_wconf 83' lang='lat' dir='ltr'>fit.</span> <span class='ocrx_word' id='word_1_203' title='bbox 559 2271 596 2333; x_wconf 79' lang='lat' dir='ltr'>Cf.</span> <span class='ocrx_word' id='word_1_204' title='bbox 603 2271 675 2322; x_wconf 65' lang='lat' dir='ltr'>Lae.</span> <span class='ocrx_word' id='word_1_205' title='bbox 686 2269 929 2337; x_wconf 71' lang='lat' dir='ltr'>D.deusur.(22,1).</span> <span class='ocrx_word' id='word_1_206' title='bbox 966 2267 1132 2335; x_wconf 78' lang='lat' dir='ltr'>⁴)Sequcntin</span> 
     </span>
     <span class='ocr_line' id='line_1_26' title="bbox 179 2342 1133 2407; baseline 0.001 -16"><span class='ocrx_word' id='word_1_207' title='bbox 179 2344 283 2394; x_wconf 88' lang='lat' dir='ltr'>restitui</span> <span class='ocrx_word' id='word_1_208' title='bbox 287 2360 297 2399; x_wconf 93' lang='lat'>,·</span> <span class='ocrx_word' id='word_1_209' title='bbox 311 2355 392 2392; x_wconf 90' lang='lat' dir='ltr'>morae</span> <span class='ocrx_word' id='word_1_210' title='bbox 407 2342 469 2391; x_wconf 86' lang='lat' dir='ltr'>sotio</span> <span class='ocrx_word' id='word_1_211' title='bbox 479 2342 558 2397; x_wconf 88' lang='lat' dir='ltr'>diota,</span> <span class='ocrx_word' id='word_1_212' title='bbox 569 2347 597 2389; x_wconf 85' lang='lat' dir='ltr'>ut</span> <span class='ocrx_word' id='word_1_213' title='bbox 606 2356 701 2389; x_wconf 87' lang='lat' dir='ltr'>usurae</span> <span class='ocrx_word' id='word_1_214' title='bbox 710 2356 811 2397; x_wconf 86' lang='lat' dir='ltr'>morae‚·</span> <span class='ocrx_word' id='word_1_215' title='bbox 825 2343 876 2390; x_wconf 88' lang='lat' dir='ltr'>ium</span> <span class='ocrx_word' id='word_1_216' title='bbox 886 2343 957 2407; x_wconf 65' lang='lat' dir='ltr'>finus</span> <span class='ocrx_word' id='word_1_217' title='bbox 966 2349 1027 2405; x_wconf 81' lang='lat' dir='ltr'>post</span> <span class='ocrx_word' id='word_1_218' title='bbox 1035 2357 1133 2392; x_wconf 88' lang='lat' dir='ltr'>moram</span> 
     </span>
     <span class='ocr_line' id='line_1_27' title="bbox 177 2411 1133 2477; baseline -0.001 -14"><span class='ocrx_word' id='word_1_219' title='bbox 177 2413 276 2477; x_wconf 88' lang='lat' dir='ltr'>factam</span> <span class='ocrx_word' id='word_1_220' title='bbox 284 2413 364 2475; x_wconf 90' lang='lat' dir='ltr'>fetum</span> <span class='ocrx_word' id='word_1_221' title='bbox 374 2411 406 2461; x_wconf 87' lang='lat' dir='ltr'>od</span> <span class='ocrx_word' id='word_1_222' title='bbox 415 2412 509 2461; x_wconf 78' lang='lat' dir='ltr'>trerede</span> <span class='ocrx_word' id='word_1_223' title='bbox 519 2413 700 2462; x_wconf 83' lang='lat' dir='ltr'>oonrmodatune</span> <span class='ocrx_word' id='word_1_224' title='bbox 709 2414 749 2461; x_wconf 90' lang='lat' dir='ltr'>uel</span> <span class='ocrx_word' id='word_1_225' title='bbox 755 2412 830 2474; x_wconf 89' lang='lat' dir='ltr'>furto</span> <span class='ocrx_word' id='word_1_226' title='bbox 839 2414 864 2461; x_wconf 91' lang='lat' dir='ltr'>ei</span> <span class='ocrx_word' id='word_1_227' title='bbox 871 2411 983 2462; x_wconf 87' lang='lat' dir='ltr'>ablatum</span> <span class='ocrx_word' id='word_1_228' title='bbox 990 2414 1061 2475; x_wconf 83' lang='lat' dir='ltr'>opud</span> <span class='ocrx_word' id='word_1_229' title='bbox 1067 2428 1133 2464; x_wconf 87' lang='lat' dir='ltr'>com·</span> 
     </span>
     <span class='ocr_line' id='line_1_28' title="bbox 179 2482 1134 2545; baseline 0.001 -13"><span class='ocrx_word' id='word_1_230' title='bbox 179 2484 350 2534; x_wconf 88' lang='lat' dir='ltr'>modotarium</span> <span class='ocrx_word' id='word_1_231' title='bbox 365 2485 404 2531; x_wconf 87' lang='lat' dir='ltr'>vel</span> <span class='ocrx_word' id='word_1_232' title='bbox 414 2483 501 2545; x_wconf 87' lang='lat' dir='ltr'>farem</span> <span class='ocrx_word' id='word_1_233' title='bbox 509 2483 648 2531; x_wconf 86' lang='lat' dir='ltr'>secandum</span> <span class='ocrx_word' id='word_1_234' title='bbox 659 2482 740 2544; x_wconf 87' lang='lat' dir='ltr'>fetum</span> <span class='ocrx_word' id='word_1_235' title='bbox 749 2483 875 2539; x_wconf 88' lang='lat' dir='ltr'>edidisse,·</span> <span class='ocrx_word' id='word_1_236' title='bbox 889 2498 961 2532; x_wconf 86' lang='lat' dir='ltr'>cessa</span> <span class='ocrx_word' id='word_1_237' title='bbox 971 2485 1134 2534; x_wconf 89' lang='lat' dir='ltr'>condictione</span> 
     </span>
     <span class='ocr_line' id='line_1_29' title="bbox 179 2552 1133 2617; baseline 0.003 -15"><span class='ocrx_word' id='word_1_238' title='bbox 179 2555 220 2602; x_wconf 81' lang='lat' dir='ltr'>rel</span> <span class='ocrx_word' id='word_1_239' title='bbox 229 2553 380 2602; x_wconf 87' lang='lat' dir='ltr'>commodati</span> <span class='ocrx_word' id='word_1_240' title='bbox 389 2553 490 2602; x_wconf 86' lang='lat' dir='ltr'>actione</span> <span class='ocrx_word' id='word_1_241' title='bbox 505 2554 528 2600; x_wconf 90' lang='lat' dir='ltr'>is</span> <span class='ocrx_word' id='word_1_242' title='bbox 541 2558 568 2600; x_wconf 90' lang='lat' dir='ltr'>ut</span> <span class='ocrx_word' id='word_1_243' title='bbox 579 2552 685 2614; x_wconf 87' lang='lat' dir='ltr'>fructus</span> <span class='ocrx_word' id='word_1_244' title='bbox 694 2553 934 2615; x_wconf 83' lang='lat' dir='ltr'>fideicommissario</span> <span class='ocrx_word' id='word_1_245' title='bbox 944 2554 1133 2617; x_wconf 83' lang='lat' dir='ltr'>praestabitur.</span> 
     </span>
     <span class='ocr_line' id='line_1_30' title="bbox 181 2621 1132 2688; baseline 0.004 -18"><span class='ocrx_word' id='word_1_246' title='bbox 181 2621 202 2688; x_wconf 69' lang='grc' dir='ltr'>ι)</span> <span class='ocrx_word' id='word_1_247' title='bbox 214 2621 333 2680; x_wconf 87' lang='lat' dir='ltr'>Restitui,</span> <span class='ocrx_word' id='word_1_248' title='bbox 343 2623 403 2671; x_wconf 87' lang='lat' dir='ltr'>licet</span> <span class='ocrx_word' id='word_1_249' title='bbox 411 2621 549 2679; x_wconf 76' lang='lat' dir='ltr'>haesitans,</span> <span class='ocrx_word' id='word_1_250' title='bbox 558 2636 613 2671; x_wconf 88' lang='lat' dir='ltr'>cum</span> <span class='ocrx_word' id='word_1_251' title='bbox 621 2624 699 2671; x_wconf 89' lang='lat' dir='ltr'>multa</span> <span class='ocrx_word' id='word_1_252' title='bbox 707 2625 760 2671; x_wconf 89' lang='lat' dir='ltr'>alia</span> <span class='ocrx_word' id='word_1_253' title='bbox 768 2623 810 2672; x_wconf 74' lang='lat' dir='ltr'>laio</span> <span class='ocrx_word' id='word_1_254' title='bbox 818 2624 889 2673; x_wconf 85' lang='lat' dir='ltr'>dieto</span> <span class='ocrx_word' id='word_1_255' title='bbox 895 2625 980 2687; x_wconf 87' lang='lat' dir='ltr'>fuisse</span> <span class='ocrx_word' id='word_1_256' title='bbox 990 2625 1132 2687; x_wconf 82' lang='lat' dir='ltr'>potuerint.</span> 
     </span>
     <span class='ocr_line' id='line_1_31' title="bbox 179 2690 1132 2759; baseline 0.001 -17"><span class='ocrx_word' id='word_1_257' title='bbox 179 2692 233 2742; x_wconf 83' lang='lat' dir='ltr'>Sed</span> <span class='ocrx_word' id='word_1_258' title='bbox 242 2693 388 2754; x_wconf 81' lang='lat' dir='ltr'>aptissimus</span> <span class='ocrx_word' id='word_1_259' title='bbox 397 2692 447 2740; x_wconf 85' lang='lat' dir='ltr'>lrao</span> <span class='ocrx_word' id='word_1_260' title='bbox 455 2693 582 2742; x_wconf 87' lang='lat' dir='ltr'>sententia</span> <span class='ocrx_word' id='word_1_261' title='bbox 590 2694 620 2753; x_wconf 84' lang='lat' dir='ltr'>fit</span> <span class='ocrx_word' id='word_1_262' title='bbox 629 2694 755 2741; x_wconf 86' lang='lat' dir='ltr'>transitus</span> <span class='ocrx_word' id='word_1_263' title='bbox 765 2693 800 2742; x_wconf 89' lang='lat' dir='ltr'>ad</span> <span class='ocrx_word' id='word_1_264' title='bbox 809 2695 831 2754; x_wconf 69' lang='lat'>§-</span> <span class='ocrx_word' id='word_1_265' title='bbox 841 2695 889 2744; x_wconf 61' lang='grc' dir='ltr'>σθ’.</span> <span class='ocrx_word' id='word_1_266' title='bbox 928 2690 949 2759; x_wconf 76' lang='lat'>⁶)</span> <span class='ocrx_word' id='word_1_267' title='bbox 961 2693 1080 2754; x_wconf 83' lang='lat' dir='ltr'>Restitui,</span> <span class='ocrx_word' id='word_1_268' title='bbox 1089 2709 1132 2743; x_wconf 91' lang='lat' dir='ltr'>su·</span> 
     </span>
     <span class='ocr_line' id='line_1_32' title="bbox 179 2762 1132 2830; baseline 0.003 -18"><span class='ocrx_word' id='word_1_269' title='bbox 179 2764 295 2826; x_wconf 84' lang='lat' dir='ltr'>spicatas</span> <span class='ocrx_word' id='word_1_270' title='bbox 308 2777 371 2823; x_wconf 85' lang='lat' dir='ltr'>esse,</span> <span class='ocrx_word' id='word_1_271' title='bbox 385 2763 486 2811; x_wconf 86' lang='lat' dir='ltr'>omissis</span> <span class='ocrx_word' id='word_1_272' title='bbox 495 2762 701 2821; x_wconf 85' lang='lat' dir='ltr'>auctoritatibus,</span> <span class='ocrx_word' id='word_1_273' title='bbox 712 2763 743 2811; x_wconf 87' lang='lat' dir='ltr'>L.</span> <span class='ocrx_word' id='word_1_274' title='bbox 754 2774 788 2814; x_wconf 81' lang='lat' dir='ltr'>as.</span> <span class='ocrx_word' id='word_1_275' title='bbox 803 2763 835 2811; x_wconf 88' lang='lat' dir='ltr'>D.</span> <span class='ocrx_word' id='word_1_276' title='bbox 846 2764 878 2812; x_wconf 88' lang='lat' dir='ltr'>de</span> <span class='ocrx_word' id='word_1_277' title='bbox 889 2763 974 2827; x_wconf 79' lang='lat' dir='ltr'>usufr.</span> <span class='ocrx_word' id='word_1_278' title='bbox 985 2763 1017 2830; x_wconf 85' lang='lat' dir='ltr'>(t,</span> <span class='ocrx_word' id='word_1_279' title='bbox 1026 2763 1058 2828; x_wconf 63' lang='grc' dir='ltr'>ι)</span> <span class='ocrx_word' id='word_1_280' title='bbox 1076 2763 1132 2828; x_wconf 72' lang='lat' dir='ltr'>un.</span> 
     </span>
     <span class='ocr_line' id='line_1_33' title="bbox 180 2830 1133 2898; baseline 0.001 -15"><span class='ocrx_word' id='word_1_281' title='bbox 180 2833 223 2884; x_wconf 84' lang='lat' dir='ltr'>lib.</span> <span class='ocrx_word' id='word_1_282' title='bbox 241 2831 349 2883; x_wconf 88' lang='lat' dir='ltr'><em>XVIII.</em></span> <span class='ocrx_word' id='word_1_283' title='bbox 365 2831 387 2897; x_wconf 77' lang='lat' dir='ltr'>(i</span> <span class='ocrx_word' id='word_1_284' title='bbox 397 2831 476 2898; x_wconf 83' lang='lat' dir='ltr'>XVll.)</span> <span class='ocrx_word' id='word_1_285' title='bbox 490 2833 527 2882; x_wconf 89' lang='lat' dir='ltr'>ad</span> <span class='ocrx_word' id='word_1_286' title='bbox 534 2831 664 2882; x_wconf 82' lang='lat' dir='ltr'>Sabinum.</span> <span class='ocrx_word' id='word_1_287' title='bbox 690 2830 818 2882; x_wconf 85' lang='lat' dir='ltr'>‘Omnium</span> <span class='ocrx_word' id='word_1_288' title='bbox 828 2832 951 2884; x_wconf 86' lang='lat' dir='ltr'>bonorum</span> <span class='ocrx_word' id='word_1_289' title='bbox 961 2836 1133 2884; x_wconf 81' lang='lat' dir='ltr'>usumfructum</span> 
     </span>
     <span class='ocr_line' id='line_1_34' title="bbox 179 2903 1132 2966; baseline 0.002 -14"><span class='ocrx_word' id='word_1_290' title='bbox 179 2917 252 2966; x_wconf 88' lang='lat' dir='ltr'>posse</span> <span class='ocrx_word' id='word_1_291' title='bbox 267 2904 349 2965; x_wconf 83' lang='lat' dir='ltr'>legari,</span> <span class='ocrx_word' id='word_1_292' title='bbox 364 2904 416 2952; x_wconf 88' lang='lat' dir='ltr'>nisi</span> <span class='ocrx_word' id='word_1_293' title='bbox 429 2903 539 2952; x_wconf 76' lang='lat' dir='ltr'>excedat</span> <span class='ocrx_word' id='word_1_294' title='bbox 552 2903 691 2952; x_wconf 86' lang='lat' dir='ltr'>dodrantis</span> <span class='ocrx_word' id='word_1_295' title='bbox 704 2905 916 2962; x_wconf 81' lang='lat' dir='ltr'>aestimationem,</span> <span class='ocrx_word' id='word_1_296' title='bbox 940 2904 1028 2954; x_wconf 75' lang='lat' dir='ltr'>Celsus</span> <span class='ocrx_word' id='word_1_297' title='bbox 1041 2904 1084 2955; x_wconf 85' lang='lat' dir='ltr'>lilr.</span> <span class='ocrx_word' id='word_1_298' title='bbox 1098 2917 1132 2957; x_wconf 80' lang='lat' dir='ltr'>st.</span> 
     </span>
     <span class='ocr_line' id='line_1_35' title="bbox 180 2971 1135 3039; baseline 0.005 -17"><span class='ocrx_word' id='word_1_299' title='bbox 180 2975 240 3039; x_wconf 64' lang='lat' dir='ltr'>Dia.</span> <span class='ocrx_word' id='word_1_300' title='bbox 255 2981 279 3022; x_wconf 93' lang='lat' dir='ltr'>et</span> <span class='ocrx_word' id='word_1_301' title='bbox 293 2973 413 3023; x_wconf 88' lang='lat' dir='ltr'>Iulianus</span> <span class='ocrx_word' id='word_1_302' title='bbox 431 2973 473 3024; x_wconf 86' lang='lat' dir='ltr'>lib.</span> <span class='ocrx_word' id='word_1_303' title='bbox 488 2986 522 3025; x_wconf 84' lang='lat' dir='ltr'>or.</span> <span class='ocrx_word' id='word_1_304' title='bbox 540 2973 633 3022; x_wconf 80' lang='lat' dir='ltr'>scribit</span> <span class='ocrx_word' id='word_1_305' title='bbox 651 2981 676 3022; x_wconf 90' lang='lat' dir='ltr'>et</span> <span class='ocrx_word' id='word_1_306' title='bbox 693 2981 732 3024; x_wconf 85' lang='lat' dir='ltr'>cst</span> <span class='ocrx_word' id='word_1_307' title='bbox 749 2971 855 3024; x_wconf 64' lang='lat' dir='ltr'>uerius?</span> <span class='ocrx_word' id='word_1_308' title='bbox 887 2973 952 3024; x_wconf 86' lang='lat' dir='ltr'>Nam</span> <span class='ocrx_word' id='word_1_309' title='bbox 970 2982 996 3024; x_wconf 89' lang='lat' dir='ltr'>et</span> <span class='ocrx_word' id='word_1_310' title='bbox 1012 2977 1035 3036; x_wconf 71' lang='lat'>5.</span> <span class='ocrx_word' id='word_1_311' title='bbox 1049 2987 1084 3027; x_wconf 84' lang='lat' dir='ltr'>st.</span> <span class='ocrx_word' id='word_1_312' title='bbox 1099 2976 1135 3026; x_wconf 87' lang='lat' dir='ltr'>od</span> 
     </span>
     <span class='ocr_line' id='line_1_36' title="bbox 180 3042 1133 3106; baseline 0.002 -13"><span class='ocrx_word' id='word_1_313' title='bbox 180 3045 365 3106; x_wconf 84' lang='lat' dir='ltr'>usumfructum</span> <span class='ocrx_word' id='word_1_314' title='bbox 379 3042 501 3093; x_wconf 85' lang='lat' dir='ltr'>donorum</span> <span class='ocrx_word' id='word_1_315' title='bbox 515 3045 616 3094; x_wconf 84' lang='lat' dir='ltr'>uidetur</span> <span class='ocrx_word' id='word_1_316' title='bbox 631 3046 766 3106; x_wconf 84' lang='lat' dir='ltr'>pertinere</span> <span class='ocrx_word' id='word_1_317' title='bbox 784 3051 813 3093; x_wconf 88' lang='lat' dir='ltr'>ut</span> <span class='ocrx_word' id='word_1_318' title='bbox 825 3045 848 3106; x_wconf 65' lang='lat' dir='ltr'>fi.</span> <span class='ocrx_word' id='word_1_319' title='bbox 863 3055 911 3104; x_wconf 75' lang='lat' dir='ltr'>ss,</span> <span class='ocrx_word' id='word_1_320' title='bbox 929 3051 955 3095; x_wconf 86' lang='lat' dir='ltr'>et</span> <span class='ocrx_word' id='word_1_321' title='bbox 972 3047 1000 3095; x_wconf 86' lang='lat' dir='ltr'>in</span> <span class='ocrx_word' id='word_1_322' title='bbox 1014 3047 1038 3106; x_wconf 72' lang='lat'>§-</span> <span class='ocrx_word' id='word_1_323' title='bbox 1053 3057 1087 3097; x_wconf 80' lang='lat' dir='ltr'>ss.</span> <span class='ocrx_word' id='word_1_324' title='bbox 1101 3047 1133 3095; x_wconf 85' lang='lat' dir='ltr'>de</span> 
     </span>
     <span class='ocr_line' id='line_1_37' title="bbox 182 3113 1133 3178; baseline 0.004 -15"><span class='ocrx_word' id='word_1_325' title='bbox 182 3114 301 3164; x_wconf 82' lang='lat' dir='ltr'>Falcidia</span> <span class='ocrx_word' id='word_1_326' title='bbox 315 3116 404 3178; x_wconf 68' lang='lat' dir='ltr'>aaitur</span> <span class='ocrx_word' id='word_1_327' title='bbox 417 3114 556 3176; x_wconf 82' lang='lat' dir='ltr'>usufructu</span> <span class='ocrx_word' id='word_1_328' title='bbox 571 3117 663 3178; x_wconf 67' lang='lat' dir='ltr'>leonto.</span> <span class='ocrx_word' id='word_1_329' title='bbox 697 3113 766 3163; x_wconf 80' lang='lat' dir='ltr'>Sanc</span> <span class='ocrx_word' id='word_1_330' title='bbox 780 3129 846 3164; x_wconf 88' lang='lat' dir='ltr'>noua</span> <span class='ocrx_word' id='word_1_331' title='bbox 859 3116 959 3177; x_wconf 79' lang='lat' dir='ltr'>specics</span> <span class='ocrx_word' id='word_1_332' title='bbox 972 3117 999 3165; x_wconf 90' lang='lat' dir='ltr'>in</span> <span class='ocrx_word' id='word_1_333' title='bbox 1018 3115 1077 3166; x_wconf 87' lang='lat' dir='ltr'>Vat.</span> <span class='ocrx_word' id='word_1_334' title='bbox 1091 3116 1133 3167; x_wconf 81' lang='lat' dir='ltr'>laic</span> 
     </span>
     <span class='ocr_line' id='line_1_38' title="bbox 180 3184 1135 3248; baseline 0.003 -15"><span class='ocrx_word' id='word_1_335' title='bbox 180 3200 231 3234; x_wconf 92' lang='lat' dir='ltr'>non</span> <span class='ocrx_word' id='word_1_336' title='bbox 242 3185 334 3247; x_wconf 83' lang='lat' dir='ltr'>incipit</span> <span class='ocrx_word' id='word_1_337' title='bbox 338 3201 349 3242; x_wconf 76' lang='lat'>,¹</span> <span class='ocrx_word' id='word_1_338' title='bbox 358 3184 404 3232; x_wconf 84' lang='lat' dir='ltr'>sed</span> <span class='ocrx_word' id='word_1_339' title='bbox 413 3198 504 3234; x_wconf 90' lang='lat' dir='ltr'>errore</span> <span class='ocrx_word' id='word_1_340' title='bbox 514 3185 543 3233; x_wconf 91' lang='lat' dir='ltr'>id</span> <span class='ocrx_word' id='word_1_341' title='bbox 548 3185 648 3247; x_wconf 87' lang='lat' dir='ltr'>factum</span> <span class='ocrx_word' id='word_1_342' title='bbox 658 3185 742 3234; x_wconf 88' lang='lat' dir='ltr'>malim</span> <span class='ocrx_word' id='word_1_343' title='bbox 751 3192 856 3247; x_wconf 81' lang='lat' dir='ltr'>putare,</span> <span class='ocrx_word' id='word_1_344' title='bbox 866 3201 940 3248; x_wconf 84' lang='lat' dir='ltr'>quom</span> <span class='ocrx_word' id='word_1_345' title='bbox 950 3201 1006 3235; x_wconf 85' lang='lat' dir='ltr'>cum</span> <span class='ocrx_word' id='word_1_346' title='bbox 1015 3184 1100 3240; x_wconf 86' lang='lat' dir='ltr'>Biurn.</span> <span class='ocrx_word' id='word_1_347' title='bbox 1110 3193 1135 3236; x_wconf 86' lang='lat' dir='ltr'>et</span> 
     </span>
     <span class='ocr_line' id='line_1_39' title="bbox 180 3253 1134 3320; baseline 0.003 -17"><span class='ocrx_word' id='word_1_348' title='bbox 180 3253 420 3312; x_wconf 79' lang='lat' dir='ltr'>Mommsstotuere,</span> <span class='ocrx_word' id='word_1_349' title='bbox 433 3253 537 3317; x_wconf 81' lang='lat' dir='ltr'>Ulpiani</span> <span class='ocrx_word' id='word_1_350' title='bbox 544 3255 769 3318; x_wconf 83' lang='lat' dir='ltr'>notomodPopin.</span> <span class='ocrx_word' id='word_1_351' title='bbox 777 3255 939 3305; x_wconf 80' lang='lat' dir='ltr'>dissecatam</span> <span class='ocrx_word' id='word_1_352' title='bbox 946 3270 1016 3313; x_wconf 71' lang='lat' dir='ltr'>esse:</span> <span class='ocrx_word' id='word_1_353' title='bbox 1030 3256 1134 3320; x_wconf 79' lang='lat' dir='ltr'>lllpioni</span> 
     </span>
     <span class='ocr_line' id='line_1_40' title="bbox 179 3323 1135 3391; baseline 0.005 -19"><span class='ocrx_word' id='word_1_354' title='bbox 179 3325 246 3373; x_wconf 82' lang='lat' dir='ltr'>eninr</span> <span class='ocrx_word' id='word_1_355' title='bbox 260 3325 297 3372; x_wconf 91' lang='lat' dir='ltr'>ad</span> <span class='ocrx_word' id='word_1_356' title='bbox 312 3324 405 3387; x_wconf 81' lang='lat' dir='ltr'>Papira.</span> <span class='ocrx_word' id='word_1_357' title='bbox 421 3331 495 3374; x_wconf 87' lang='lat' dir='ltr'>notas</span> <span class='ocrx_word' id='word_1_358' title='bbox 511 3324 692 3374; x_wconf 80' lang='lat' dir='ltr'>Constantinus</span> <span class='ocrx_word' id='word_1_359' title='bbox 706 3327 891 3388; x_wconf 80' lang='lat' dir='ltr'>infirmaverat.</span> <span class='ocrx_word' id='word_1_360' title='bbox 943 3323 1135 3391; x_wconf 80' lang='lat' dir='ltr'>⁷)Sentention</span> 
     </span>
     <span class='ocr_line' id='line_1_41' title="bbox 180 3393 1133 3461; baseline 0.004 -19"><span class='ocrx_word' id='word_1_361' title='bbox 180 3394 257 3443; x_wconf 79' lang='lat' dir='ltr'>huius</span> <span class='ocrx_word' id='word_1_362' title='bbox 271 3396 298 3455; x_wconf 79' lang='lat' dir='ltr'>§i</span> <span class='ocrx_word' id='word_1_363' title='bbox 311 3395 421 3444; x_wconf 89' lang='lat' dir='ltr'>restitui.</span> <span class='ocrx_word' id='word_1_364' title='bbox 444 3393 481 3456; x_wconf 79' lang='lat' dir='ltr'>Of.</span> <span class='ocrx_word' id='word_1_365' title='bbox 492 3394 524 3442; x_wconf 81' lang='lat' dir='ltr'>L.</span> <span class='ocrx_word' id='word_1_366' title='bbox 535 3405 561 3446; x_wconf 74' lang='lat' dir='ltr'>aa</span> <span class='ocrx_word' id='word_1_367' title='bbox 566 3409 610 3457; x_wconf 83' lang='lat' dir='ltr'>pr.</span> <span class='ocrx_word' id='word_1_368' title='bbox 625 3395 658 3443; x_wconf 85' lang='lat' dir='ltr'>D.</span> <span class='ocrx_word' id='word_1_369' title='bbox 673 3395 706 3444; x_wconf 84' lang='lat' dir='ltr'>de</span> <span class='ocrx_word' id='word_1_370' title='bbox 720 3396 804 3457; x_wconf 85' lang='lat' dir='ltr'>usufr.</span> <span class='ocrx_word' id='word_1_371' title='bbox 819 3396 868 3460; x_wconf 68' lang='lat' dir='ltr'>leo.</span> <span class='ocrx_word' id='word_1_372' title='bbox 883 3394 928 3461; x_wconf 80' lang='lat' dir='ltr'>(tt,</span> <span class='ocrx_word' id='word_1_373' title='bbox 939 3393 969 3460; x_wconf 76' lang='lat' dir='ltr'>t).</span> <span class='ocrx_word' id='word_1_374' title='bbox 986 3396 1017 3445; x_wconf 85' lang='lat' dir='ltr'>L.</span> <span class='ocrx_word' id='word_1_375' title='bbox 1029 3409 1063 3449; x_wconf 82' lang='lat'>³1.</span> <span class='ocrx_word' id='word_1_376' title='bbox 1079 3399 1103 3460; x_wconf 62' lang='grc' dir='ltr'>ἕ.</span> <span class='ocrx_word' id='word_1_377' title='bbox 1113 3407 1133 3447; x_wconf 75' lang='lat'>2.</span> 
     </span>
     <span class='ocr_line' id='line_1_42' title="bbox 180 3459 1134 3529; baseline 0.006 -18"><span class='ocrx_word' id='word_1_378' title='bbox 180 3463 211 3513; x_wconf 89' lang='lat' dir='ltr'>D.</span> <span class='ocrx_word' id='word_1_379' title='bbox 227 3464 259 3512; x_wconf 91' lang='lat' dir='ltr'>de</span> <span class='ocrx_word' id='word_1_380' title='bbox 273 3465 356 3526; x_wconf 88' lang='lat' dir='ltr'>usnfr.</span> <span class='ocrx_word' id='word_1_381' title='bbox 372 3463 403 3528; x_wconf 85' lang='lat' dir='ltr'>(t,</span> <span class='ocrx_word' id='word_1_382' title='bbox 419 3462 449 3528; x_wconf 88' lang='lat'>1).</span> <span class='ocrx_word' id='word_1_383' title='bbox 523 3459 545 3529; x_wconf 81' lang='lat'>⁸)</span> <span class='ocrx_word' id='word_1_384' title='bbox 564 3464 591 3512; x_wconf 91' lang='lat' dir='ltr'><em>V</em></span> <span class='ocrx_word' id='word_1_385' title='bbox 592 3462 610 3512; x_wconf 60' lang='lat'>1¹.</span> <span class='ocrx_word' id='word_1_386' title='bbox 627 3465 745 3514; x_wconf 85' lang='lat' dir='ltr'>omissum</span> <span class='ocrx_word' id='word_1_387' title='bbox 758 3481 775 3513; x_wconf 90' lang='lat' dir='ltr'>a</span> <span class='ocrx_word' id='word_1_388' title='bbox 790 3465 862 3515; x_wconf 88' lang='lat' dir='ltr'>Maio</span> <span class='ocrx_word' id='word_1_389' title='bbox 881 3473 906 3515; x_wconf 90' lang='lat' dir='ltr'>et</span> <span class='ocrx_word' id='word_1_390' title='bbox 922 3480 1015 3516; x_wconf 86' lang='lat' dir='ltr'>errore</span> <span class='ocrx_word' id='word_1_391' title='bbox 1034 3468 1062 3516; x_wconf 89' lang='lat' dir='ltr'>in</span> <span class='ocrx_word' id='word_1_392' title='bbox 1076 3468 1134 3518; x_wconf 77' lang='lat' dir='ltr'>edd</span> 
     </span>
     <span class='ocr_line' id='line_1_43' title="bbox 180 3533 1134 3598; baseline 0.009 -19"><span class='ocrx_word' id='word_1_393' title='bbox 180 3533 268 3582; x_wconf 86' lang='lat' dir='ltr'>meist.</span> <span class='ocrx_word' id='word_1_394' title='bbox 278 3543 297 3583; x_wconf 80' lang='lat' dir='ltr'>s.</span> <span class='ocrx_word' id='word_1_395' title='bbox 318 3533 389 3582; x_wconf 84' lang='lat' dir='ltr'>Unde</span> <span class='ocrx_word' id='word_1_396' title='bbox 399 3535 527 3582; x_wconf 87' lang='lat' dir='ltr'>restitutio</span> <span class='ocrx_word' id='word_1_397' title='bbox 539 3534 694 3584; x_wconf 89' lang='lat' dir='ltr'>immutanda</span> <span class='ocrx_word' id='word_1_398' title='bbox 700 3535 761 3598; x_wconf 89' lang='lat' dir='ltr'>fuit.</span> <span class='ocrx_word' id='word_1_399' title='bbox 780 3533 833 3584; x_wconf 88' lang='lat' dir='ltr'>Sed</span> <span class='ocrx_word' id='word_1_400' title='bbox 841 3542 866 3584; x_wconf 90' lang='lat' dir='ltr'>et</span> <span class='ocrx_word' id='word_1_401' title='bbox 875 3536 943 3586; x_wconf 86' lang='lat' dir='ltr'>alias</span> <span class='ocrx_word' id='word_1_402' title='bbox 952 3551 1008 3586; x_wconf 86' lang='lat' dir='ltr'>conr</span> <span class='ocrx_word' id='word_1_403' title='bbox 1017 3541 1134 3588; x_wconf 76' lang='lat' dir='ltr'>carreni.</span> 
     </span>
    </p>
   </div>
   <div class='ocr_carea' id='block_1_4' title="bbox 0 0 1276 3909">
    <p class='ocr_par' dir='ltr' id='par_1_4' title="bbox 0 0 1276 3909">
     <span class='ocr_line' id='line_1_44' title="bbox 0 0 1276 3909; baseline 0 0"><span class='ocrx_word' id='word_1_404' title='bbox 0 0 1276 3909; x_wconf 95' lang='lat' dir='ltr'> </span> 
     </span>
    </p>
   </div>
  </div>
 </body>
</html>
