2542 3909
185 138 249 204 628
392 157 497 193 nonnnn
516 156 623 193 vnrrsnr
642 139 674 207 (i)
694 158 729 192 ors
747 155 827 191 osso.
846 155 922 191 coou.

179 289 282 360 frater
303 294 331 344 et
351 280 485 364 soror);¹
513 288 576 342 item
599 284 755 342 consobrini
776 301 862 357 nepos
885 267 1043 357 neptisque3
1071 285 1141 340 item

183 373 335 446 propatrui,
355 373 511 445 proamitae,
533 369 722 445 proauunculi,
742 377 954 443 promaterterae
969 365 1026 437 iiiii,
1048 365 1139 440 tiliae,

184 458 248 510 item
263 454 373 525 sobrini,
390 454 525 529 sobrinae,
547 455 573 509 id
588 463 630 511 est
646 455 691 527 qui
707 469 812 527 quaeue
827 469 861 509 en
875 451 982 507 duobus
997 450 1140 508 consobri-

184 540 225 593 nis
241 547 415 613 generantur.
1054 549 1058 554 ’

278 869 292 904 r
332 854 427 906 mento
440 868 596 906 vromesun
622 865 741 904 semma
782 867 800 903 s
840 866 858 903 s
881 864 1013 903 onnmve
1036 863 1069 903 co
1111 866 1140 902 a·

199 852 330 929 ,Aa
597 852 649 904 tt
741 849 883 929 eoo
1013 848 1110 918 agn

182 920 293 972 tronum
310 937 339 972 sn
357 920 453 972 mulius
470 919 596 986 ioniique
614 920 774 986 arguments
796 917 938 972 codrcrbus
958 934 1026 993 unse.
1044 932 1141 970 occur-

183 985 283 1052 rentia,
302 986 336 1040 de
355 987 455 1064 quibus
472 985 610 1040 videndus
628 987 674 1062 est
690 984 826 1086 Schradep
843 983 880 1062 ad
898 983 987 1036 Instst
999 988 1061 1062 3,6.
1075 989 1100 1048 §-
1113 991 1139 1037 9.

207 1055 397 1198 ritorto
413 1049 1140 1194 {retunsaeaounnradiato?iau:

183 1184 864 1332 irretirecortanenseris
881 1185 1140 1329 sennen

184 1322 238 1374 lius
256 1323 332 1375 recte
350 1321 503 1400 nudncavrt
529 1319 698 1397 Sed'eorum
736 1335 828 1396 noque
845 1335 911 1396 pars
922 1325 963 1372 rte
976 1321 1140 1388 comparata

183 1389 236 1454 est,
255 1390 289 1442 ut
306 1389 341 1441 ab
359 1404 370 1440 1
391 1405 429 1441 sis
447 1387 530 1452 IOtrs,
550 1404 599 1455 qur
616 1387 652 1440 de
670 1404 689 1455 g
741 1387 803 1439 rbus
821 1386 1005 1454 nupserunt,
1023 1403 1058 1439 ea
1075 1402 1138 1455 pro-

128 1486 131 1491 ·
182 1457 260 1510 fectu
277 1471 337 1509 esse
380 1455 490 1531 uisitare
507 1455 604 1532 licent,
626 1470 692 1532 pars
713 1455 771 1530 tana
793 1457 894 1532 rnencs
916 1453 962 1506 vel
980 1453 1140 1507 deformata

182 1522 443 1664 iistitiittffttt
460 1521 735 1656 tttititqiit
751 1519 1139 1665 tirtiiitiaffitttttt

182 1671 241 1732 non
259 1653 386 1708 drificrhs
397 1655 461 1718 sunt,
477 1655 547 1708 hoec
559 1656 670 1732 tantum
686 1671 790 1732 recept,
819 1655 912 1731 Prius,
930 1654 1005 1722 quod
1016 1653 1042 1708 J.
1055 1654 1139 1708 Cura·

183 1738 244 1775 crus
260 1722 290 1774 in
306 1721 398 1775 fronte
417 1722 583 1790 exemplaris
601 1722 789 1774 Theodosranr
801 1720 909 1775 (iodrcrs
926 1738 977 1778 ms.
993 1723 1139 1790 repertum

183 1788 250 1843 uos.
263 1793 288 1855 6,
299 1794 340 1842 40.
380 1789 466 1842 rimus
504 1789 590 1842 obiici
607 1788 1139 1857 inrisfecitetiuquibusdnm‚pnrum

183 1858 281 1934 tamen
297 1805 463 1933 illustrarit,
480 1807 581 1910 deinde
594 1855 781 1932 Boecidngius
796 1873 823 1932 p,
838 1861 898 1933 171,
908 1871 982 1932 corp.
994 1856 1047 1908 iur.
1061 1857 1139 1910 ante

183 1925 249 1980 rust,
263 1925 293 1977 et
301 1922 452 1976 Haenelrus
463 1923 482 1976 l.
494 1940 515 1978 c.
529 1924 730 1990 repetnverunt,
743 1939 805 1990 rpsa
815 1923 997 1990 mscrrptrone
1006 1923 1139 1990 testante,

185 1994 228 2044 ius
250 1990 277 2043 le
299 1990 441 2043 itimarum
465 1990 666 2044 hereditatium
689 1989 836 2057 antiquum
853 1988 989 2054 illustrat,
1008 2005 1064 2067 quo
1082 2005 1139 2043 non

185 2059 283 2112 exstan
299 2058 359 2110 'bus
383 2057 440 2111 suis
461 2057 612 2111 heredibus
633 2057 693 2108 sive
717 2056 849 2110 masculis
876 2056 934 2109 sive
956 2056 1082 2121 femmis,
1109 2056 1139 2110 in

184 2125 295 2201 quibus·
308 2124 387 2177 nulls
409 2124 513 2201 gradus
534 2124 605 2176 ratio
627 2123 761 2200 habetur,
789 2123 893 2190 quique
912 2122 1012 2243 plures
1038 2123 1139 2178 eodem

184 2191 948 2336 iiiiiiitittstittuittittiitiitrutinant?
983 2189 1138 2335 adstitit

185 2343 215 2378 rn
232 2325 285 2378 hac
301 2324 392 2377 forms
409 2323 524 2378 domum
543 2327 570 2390 (1.
584 2341 607 2378 e.
625 2324 771 2388 famrham)
791 2323 942 2393 effingente
961 2341 1004 2376 sur
1020 2324 1138 2380 heredes

185 2393 244 2446 sive
263 2390 493 2445 descendentium
511 2391 611 2460 stirpes
630 2393 659 2444 et
677 2391 773 2468 agnati
795 2393 930 2459 tanquam
948 2390 1021 2444 duas
1039 2391 1138 2445 domus

185 2460 417 2528 contignationes,
435 2458 551 2511 inferior
568 2459 598 2511 et
619 2474 758 2535 superror,
780 2461 955 2524 separantur,
979 2459 1021 2512 ita
1042 2460 1138 2512 temen

185 2527 218 2596 ot
233 2526 263 2578 in
280 2525 406 2578 inferiori
422 2525 497 2592 pilse
515 2527 632 2584 tantum,
652 2543 681 2578 1n
694 2525 831 2593 superiori
842 2524 926 2590 sesla,
944 2525 1023 2578 cuius
1033 2525 1138 2593 medus
1147 2551 1205 2600 [532]

185 2592 293 2660 proprii
304 2592 377 2656 sunt,
397 2591 589 2658 ostendentur,
608 2593 678 2646 etin
690 2593 833 2662 superiori,
848 2592 943 2646 medis
954 2607 1067 2646 snorum
1079 2593 1138 2662 pila

260 2783 280 2850 ¹)
294 2786 369 2836 Haec
386 2786 516 2837 excidisse
534 2802 585 2837 non
603 2789 687 2836 minus
704 2788 732 2836 in
750 2788 842 2849 aprico
859 2793 910 2845 est,
932 2801 1008 2852 quom
1024 2802 1074 2836 our
1091 2801 1137 2837 en·

186 2857 307 2908 ciderint.
338 2857 399 2906 Odd.
414 2858 483 2921 quod
495 2858 537 2908 dio
551 2859 693 2915 adiiciunt,
711 2858 836 2920 neptisque
855 2857 1052 2922 expungendum
1066 2864 1138 2915 erat,-

186 2927 355 2978 aberrnnerot
369 2927 495 2978 librarius
508 2929 544 2977 ad
556 2930 685 2993 sequentis
698 2928 932 2991 comprehensionis
945 2927 1047 2977 verbnm
1058 2929 1138 2991 finale

185 3006 211 3048 et
224 3005 352 3062 comperto
366 3013 458 3048 errore
468 3014 606 3062 perperam
619 3000 744 3060 scripturn
758 2998 881 3047 inducere
893 2998 1054 3062 superseditr
1067 2998 1139 3048 nond

186 3084 247 3119 vero
261 3085 295 3117 eor
308 3068 401 3120 Boeclr.
417 3071 449 3131 ej.
465 3077 524 3117 onte
538 3069 585 3117 icoc
603 3067 706 3117 verbnm
723 3069 891 3130 supplendum
909 3069 989 3117 fratris
1008 3075 1032 3116 et
1046 3069 1137 3118 sororIs

186 3141 314 3203 patruelis,
329 3140 353 3188 id
368 3145 404 3187 est
419 3140 510 3188 amitini
525 3139 667 3188 amitinaeue
682 3153 764 3201 nepos.
795 3139 833 3201 Cf.
847 3140 870 3200 ᾖ.
886 3149 915 3198 a,
930 3138 975 3188 ubi
988 3138 1066 3189 IOtna
1079 3141 1137 3189 itesn

184 3211 304 3274 pennoti
318 3211 363 3259 iiio
376 3223 452 3258 sensu
468 3208 500 3275 (ξ.
516 3207 547 3274 e.)
562 3208 712 3259 consobrini
726 3223 786 3258 voce
801 3224 863 3258 usus
876 3216 922 3258 est.

260 3275 281 3344 ²)
296 3278 414 3328 Invenies
432 3294 476 3328 eos
495 3280 530 3328 od
548 3281 643 3328 calcem
661 3280 700 3327 ed.
721 3281 786 3343 lepis
804 3279 876 3329 Rom.
901 3280 1027 3346 Visipotlr.
1058 3279 1137 3342 Quom

187 3355 269 3398 tamen
285 3355 377 3412 quarto
392 3350 448 3398 leco
459 3351 569 3412 positam
583 3351 685 3412 primns
705 3349 817 3398 edidisse
830 3350 881 3399 sibi
894 3352 965 3399 uisus
982 3357 1021 3400 est
1033 3353 1075 3401 vir
1088 3367 1136 3402 sne·

186 3419 338 3476 ritissimns,
357 3419 461 3467 eandem
480 3422 540 3468 iicet
558 3421 610 3467 otio
628 3420 752 3481 sansonie
771 3422 822 3468 iarn
840 3423 992 3485 culpaverat
1003 3420 1137 3487 Sponpen·

188 3487 292 3553 heroine
306 3489 333 3537 in
345 3488 433 3551 fronte
447 3489 486 3537 ed.
502 3503 572 3551 corp.
588 3491 639 3537 ior.
655 3492 703 3538 cio.
721 3489 831 3555 Gottinp.
851 3490 918 3540 Ten.
934 3491 956 3539 I.
