<?xml version="1.0" encoding="UTF-8"?>
<!DOCTYPE html PUBLIC "-//W3C//DTD XHTML 1.0 Transitional//EN"
    "http://www.w3.org/TR/xhtml1/DTD/xhtml1-transitional.dtd">
<html xmlns="http://www.w3.org/1999/xhtml" xml:lang="en" lang="en">
 <head>
  <title>
</title>
<meta http-equiv="Content-Type" content="text/html;charset=utf-8" />
  <meta name='ocr-system' content='tesseract 3.04.00' />
  <meta name='ocr-capabilities' content='ocr_page ocr_carea ocr_par ocr_line ocrx_word'/>
</head>
<body>
  <div class='ocr_page' id='page_1' title='image "./iurisprudentiae01huscgoog_0210.png"; bbox 0 0 2542 3909; ppageno 0'>
   <div class='ocr_carea' id='block_1_1' title="bbox 167 207 821 277">
    <p class='ocr_par' dir='ltr' id='par_1_1' title="bbox 167 207 821 277">
     <span class='ocr_line' id='line_1_1' title="bbox 167 207 821 277; baseline -0.015 -9"><span class='ocrx_word' id='word_1_1' title='bbox 167 212 227 277; x_wconf 87' lang='grc'><strong>186</strong></span> <span class='ocrx_word' id='word_1_2' title='bbox 474 227 536 261; x_wconf 73' lang='lat' dir='ltr'><strong>nin</strong></span> <span class='ocrx_word' id='word_1_3' title='bbox 553 226 653 262; x_wconf 74' lang='lat' dir='ltr'><strong>meru.</strong></span> <span class='ocrx_word' id='word_1_4' title='bbox 673 207 694 261; x_wconf 92' lang='lat' dir='ltr'><strong>I.</strong></span> <span class='ocrx_word' id='word_1_5' title='bbox 714 214 821 263; x_wconf 81' lang='lat'><strong>52-55.</strong></span> 
     </span>
    </p>
   </div>
   <div class='ocr_carea' id='block_1_2' title="bbox 115 366 1259 1965">
    <p class='ocr_par' dir='ltr' id='par_1_2' title="bbox 164 366 1259 698">
     <span class='ocr_line' id='line_1_2' title="bbox 228 366 1259 444; baseline 0.001 -19"><span class='ocrx_word' id='word_1_6' title='bbox 228 366 276 425; x_wconf 78' lang='grc'><strong>52.</strong></span> <span class='ocrx_word' id='word_1_7' title='bbox 299 370 328 425; x_wconf 83' lang='grc' dir='ltr'><strong>1η</strong></span> <span class='ocrx_word' id='word_1_8' title='bbox 344 377 480 443; x_wconf 79' lang='lat' dir='ltr'><strong>potestate</strong></span> <span class='ocrx_word' id='word_1_9' title='bbox 495 371 586 443; x_wconf 87' lang='lat' dir='ltr'><strong>itaque</strong></span> <span class='ocrx_word' id='word_1_10' title='bbox 602 377 668 424; x_wconf 86' lang='lat' dir='ltr'><strong>sunt</strong></span> <span class='ocrx_word' id='word_1_11' title='bbox 682 370 755 424; x_wconf 88' lang='lat' dir='ltr'><strong>serui</strong></span> <span class='ocrx_word' id='word_1_12' title='bbox 771 368 952 424; x_wconf 90' lang='lat' dir='ltr'><strong>dominorum.</strong></span> <span class='ocrx_word' id='word_1_13' title='bbox 989 386 1058 442; x_wconf 90' lang='lat' dir='ltr'><strong>quae</strong></span> <span class='ocrx_word' id='word_1_14' title='bbox 1074 372 1133 444; x_wconf 88' lang='lat' dir='ltr'><strong>qui·</strong></span> <span class='ocrx_word' id='word_1_15' title='bbox 1258 426 1259 443; x_wconf 43' lang='lat'><strong>,</strong></span> 
     </span>
     <span class='ocr_line' id='line_1_3' title="bbox 164 443 1259 528; baseline -0.006 -17"><span class='ocrx_word' id='word_1_16' title='bbox 164 456 225 513; x_wconf 90' lang='lat' dir='ltr'><strong>dem</strong></span> <span class='ocrx_word' id='word_1_17' title='bbox 241 463 365 528; x_wconf 87' lang='lat' dir='ltr'><strong>potestas</strong></span> <span class='ocrx_word' id='word_1_18' title='bbox 385 455 453 510; x_wconf 91' lang='lat' dir='ltr'><strong>iuris</strong></span> <span class='ocrx_word' id='word_1_19' title='bbox 476 455 598 527; x_wconf 83' lang='lat' dir='ltr'><strong>gentium</strong></span> <span class='ocrx_word' id='word_1_20' title='bbox 621 461 679 509; x_wconf 87' lang='lat' dir='ltr'><strong>est:</strong></span> <span class='ocrx_word' id='word_1_21' title='bbox 702 469 763 508; x_wconf 88' lang='lat' dir='ltr'><strong>nam</strong></span> <span class='ocrx_word' id='word_1_22' title='bbox 785 443 858 525; x_wconf 87' lang='lat' dir='ltr'><strong>apud</strong></span> <span class='ocrx_word' id='word_1_23' title='bbox 879 468 973 509; x_wconf 88' lang='lat' dir='ltr'><strong>omnes</strong></span> <span class='ocrx_word' id='word_1_24' title='bbox 996 471 1132 528; x_wconf 89' lang='lat' dir='ltr'><strong>peraeque</strong></span> <span class='ocrx_word' id='word_1_25' title='bbox 1144 451 1204 505; x_wconf 73' lang='lat'>[¹14]</span> <span class='ocrx_word' id='word_1_26' title='bbox 1258 478 1259 523; x_wconf 59' lang='lat' dir='ltr'><strong>p</strong></span> 
     </span>
     <span class='ocr_line' id='line_1_4' title="bbox 165 534 1259 615; baseline -0.001 -19"><span class='ocrx_word' id='word_1_27' title='bbox 165 548 262 615; x_wconf 82' lang='lat' dir='ltr'><strong>gentes</strong></span> <span class='ocrx_word' id='word_1_28' title='bbox 275 538 490 595; x_wconf 87' lang='lat' dir='ltr'><strong>animaduertere</strong></span> <span class='ocrx_word' id='word_1_29' title='bbox 501 555 660 612; x_wconf 89' lang='lat' dir='ltr'><strong>possumus,</strong></span> <span class='ocrx_word' id='word_1_30' title='bbox 676 538 790 593; x_wconf 88' lang='lat' dir='ltr'><strong>dominis</strong></span> <span class='ocrx_word' id='word_1_31' title='bbox 806 538 833 592; x_wconf 90' lang='lat' dir='ltr'><strong>in</strong></span> <span class='ocrx_word' id='word_1_32' title='bbox 846 553 944 593; x_wconf 89' lang='lat' dir='ltr'><strong>seruos</strong></span> <span class='ocrx_word' id='word_1_33' title='bbox 959 540 1032 594; x_wconf 90' lang='lat' dir='ltr'><strong>uitae</strong></span> <span class='ocrx_word' id='word_1_34' title='bbox 1045 542 1132 596; x_wconf 89' lang='lat' dir='ltr'><strong>necis·</strong></span> <span class='ocrx_word' id='word_1_35' title='bbox 1258 534 1259 543; x_wconf 72' lang='grc'>’</span> 
     </span>
     <span class='ocr_line' id='line_1_5' title="bbox 165 621 1131 698; baseline 0.001 -19"><span class='ocrx_word' id='word_1_36' title='bbox 165 641 218 698; x_wconf 89' lang='lat' dir='ltr'><strong>que</strong></span> <span class='ocrx_word' id='word_1_37' title='bbox 232 632 397 697; x_wconf 83' lang='lat' dir='ltr'><strong>potestatem</strong></span> <span class='ocrx_word' id='word_1_38' title='bbox 419 639 494 693; x_wconf 89' lang='lat' dir='ltr'><strong>esse,</strong></span> <span class='ocrx_word' id='word_1_39' title='bbox 516 631 544 679; x_wconf 92' lang='lat' dir='ltr'><strong>et</strong></span> <span class='ocrx_word' id='word_1_40' title='bbox 565 621 757 696; x_wconf 89' lang='lat' dir='ltr'><strong>quodcumque</strong></span> <span class='ocrx_word' id='word_1_41' title='bbox 777 638 827 695; x_wconf 92' lang='lat' dir='ltr'><strong>per</strong></span> <span class='ocrx_word' id='word_1_42' title='bbox 843 638 954 677; x_wconf 89' lang='lat' dir='ltr'><strong>seruum</strong></span> <span class='ocrx_word' id='word_1_43' title='bbox 969 622 1131 697; x_wconf 82' lang='lat' dir='ltr'><strong>adquiritur,</strong></span> 
     </span>
    </p>

    <p class='ocr_par' dir='ltr' id='par_1_3' title="bbox 115 702 1132 1965">
     <span class='ocr_line' id='line_1_6' title="bbox 115 702 1130 786; baseline -0.001 -21"><span class='ocrx_word' id='word_1_44' title='bbox 115 707 154 756; x_wconf 86' lang='lat'><strong>14.</strong></span> <span class='ocrx_word' id='word_1_45' title='bbox 164 709 190 766; x_wconf 92' lang='lat' dir='ltr'><strong>id</strong></span> <span class='ocrx_word' id='word_1_46' title='bbox 212 709 321 764; x_wconf 91' lang='lat' dir='ltr'><strong>domino</strong></span> <span class='ocrx_word' id='word_1_47' title='bbox 344 702 483 781; x_wconf 89' lang='lat' dir='ltr'><strong>&#39;adquiri.¹</strong></span> <span class='ocrx_word' id='word_1_48' title='bbox 523 703 573 765; x_wconf 76' lang='lat'><strong>58.</strong></span> <span class='ocrx_word' id='word_1_49' title='bbox 596 706 650 762; x_wconf 88' lang='lat' dir='ltr'><strong>Sed</strong></span> <span class='ocrx_word' id='word_1_50' title='bbox 672 706 725 762; x_wconf 89' lang='lat' dir='ltr'><strong>hoc</strong></span> <span class='ocrx_word' id='word_1_51' title='bbox 748 715 870 779; x_wconf 91' lang='lat' dir='ltr'><strong>tempore</strong></span> <span class='ocrx_word' id='word_1_52' title='bbox 891 723 980 780; x_wconf 90' lang='lat' dir='ltr'><strong>neque</strong></span> <span class='ocrx_word' id='word_1_53' title='bbox 1004 704 1130 786; x_wconf 65' lang='lat' dir='ltr'><strong>ciuibus!</strong></span> 
     </span>
     <span class='ocr_line' id='line_1_7' title="bbox 164 790 1131 866; baseline 0.001 -18"><span class='ocrx_word' id='word_1_54' title='bbox 164 791 304 859; x_wconf 84' lang='lat' dir='ltr'><strong>Romanis,</strong></span> <span class='ocrx_word' id='word_1_55' title='bbox 326 809 377 849; x_wconf 87' lang='lat' dir='ltr'><strong>nec</strong></span> <span class='ocrx_word' id='word_1_56' title='bbox 399 792 461 847; x_wconf 91' lang='lat' dir='ltr'><strong>ullis</strong></span> <span class='ocrx_word' id='word_1_57' title='bbox 483 792 542 848; x_wconf 89' lang='lat' dir='ltr'><strong>aliis</strong></span> <span class='ocrx_word' id='word_1_58' title='bbox 564 791 734 855; x_wconf 87' lang='lat' dir='ltr'><strong>homiuibus,</strong></span> <span class='ocrx_word' id='word_1_59' title='bbox 759 793 805 864; x_wconf 90' lang='lat' dir='ltr'><strong>qui</strong></span> <span class='ocrx_word' id='word_1_60' title='bbox 828 790 879 847; x_wconf 89' lang='lat' dir='ltr'><strong>sub</strong></span> <span class='ocrx_word' id='word_1_61' title='bbox 900 792 1014 864; x_wconf 91' lang='lat' dir='ltr'><strong>imperio</strong></span> <span class='ocrx_word' id='word_1_62' title='bbox 1035 793 1131 866; x_wconf 89' lang='lat' dir='ltr'><strong>populi</strong></span> 
     </span>
     <span class='ocr_line' id='line_1_8' title="bbox 163 875 1131 950; baseline 0.001 -17"><span class='ocrx_word' id='word_1_63' title='bbox 163 877 274 934; x_wconf 86' lang='lat' dir='ltr'><strong>liomani</strong></span> <span class='ocrx_word' id='word_1_64' title='bbox 289 887 370 944; x_wconf 85' lang='lat' dir='ltr'><strong>sunt,</strong></span> <span class='ocrx_word' id='word_1_65' title='bbox 391 877 454 933; x_wconf 89' lang='lat' dir='ltr'><strong>licet</strong></span> <span class='ocrx_word' id='word_1_66' title='bbox 469 875 676 950; x_wconf 89' lang='lat' dir='ltr'><strong>supramodum</strong></span> <span class='ocrx_word' id='word_1_67' title='bbox 692 884 719 931; x_wconf 87' lang='lat' dir='ltr'><strong>et</strong></span> <span class='ocrx_word' id='word_1_68' title='bbox 734 876 792 931; x_wconf 91' lang='lat' dir='ltr'><strong>sine</strong></span> <span class='ocrx_word' id='word_1_69' title='bbox 808 892 888 931; x_wconf 90' lang='lat' dir='ltr'><strong>causa</strong></span> <span class='ocrx_word' id='word_1_70' title='bbox 902 877 931 931; x_wconf 89' lang='lat' dir='ltr'><strong>in</strong></span> <span class='ocrx_word' id='word_1_71' title='bbox 945 892 1043 933; x_wconf 88' lang='lat' dir='ltr'><strong>seruos</strong></span> <span class='ocrx_word' id='word_1_72' title='bbox 1065 895 1131 934; x_wconf 87' lang='lat' dir='ltr'><strong>suos</strong></span> 
     </span>
     <span class='ocr_line' id='line_1_9' title="bbox 163 954 1132 1034; baseline 0 -17"><span class='ocrx_word' id='word_1_73' title='bbox 163 963 282 1018; x_wconf 87' lang='lat' dir='ltr'><strong>saeuire:</strong></span> <span class='ocrx_word' id='word_1_74' title='bbox 305 978 366 1018; x_wconf 91' lang='lat' dir='ltr'><strong>nam</strong></span> <span class='ocrx_word' id='word_1_75' title='bbox 389 977 422 1017; x_wconf 79' lang='lat' dir='ltr'><strong>ex</strong></span> <span class='ocrx_word' id='word_1_76' title='bbox 443 962 650 1017; x_wconf 86' lang='lat' dir='ltr'><strong>’constitutione</strong></span> <span class='ocrx_word' id='word_1_77' title='bbox 672 954 868 1016; x_wconf 68' lang='lat' dir='ltr'><strong>sacratissimi</strong></span> <span class='ocrx_word' id='word_1_78' title='bbox 890 962 1061 1034; x_wconf 87' lang='lat' dir='ltr'><strong>imperatoris</strong></span> <span class='ocrx_word' id='word_1_79' title='bbox 1078 966 1132 1017; x_wconf 90' lang='lat' dir='ltr'><strong>An-</strong></span> 
     </span>
     <span class='ocr_line' id='line_1_10' title="bbox 163 1044 1132 1118; baseline 0.001 -16"><span class='ocrx_word' id='word_1_80' title='bbox 163 1047 249 1102; x_wconf 90' lang='lat' dir='ltr'><strong>tonini</strong></span> <span class='ocrx_word' id='word_1_81' title='bbox 265 1048 311 1118; x_wconf 92' lang='lat' dir='ltr'><strong>qui</strong></span> <span class='ocrx_word' id='word_1_82' title='bbox 327 1047 384 1101; x_wconf 89' lang='lat' dir='ltr'><strong>sine</strong></span> <span class='ocrx_word' id='word_1_83' title='bbox 399 1062 480 1102; x_wconf 83' lang='lat' dir='ltr'><strong>causa</strong></span> <span class='ocrx_word' id='word_1_84' title='bbox 495 1062 604 1103; x_wconf 91' lang='lat' dir='ltr'><strong>seruum</strong></span> <span class='ocrx_word' id='word_1_85' title='bbox 620 1060 701 1100; x_wconf 90' lang='lat' dir='ltr'><strong>suum</strong></span> <span class='ocrx_word' id='word_1_86' title='bbox 717 1044 856 1118; x_wconf 89' lang='lat' dir='ltr'><strong>occiderit,</strong></span> <span class='ocrx_word' id='word_1_87' title='bbox 871 1061 927 1101; x_wconf 94' lang='lat' dir='ltr'><strong>non</strong></span> <span class='ocrx_word' id='word_1_88' title='bbox 942 1046 1031 1100; x_wconf 89' lang='lat' dir='ltr'><strong>minus</strong></span> <span class='ocrx_word' id='word_1_89' title='bbox 1044 1049 1132 1103; x_wconf 90' lang='lat' dir='ltr'><strong>teneri</strong></span> 
     </span>
     <span class='ocr_line' id='line_1_11' title="bbox 163 1128 1132 1203; baseline 0 -17"><span class='ocrx_word' id='word_1_90' title='bbox 163 1131 282 1201; x_wconf 88' lang='lat' dir='ltr'><strong>iubetur,</strong></span> <span class='ocrx_word' id='word_1_91' title='bbox 297 1146 378 1203; x_wconf 89' lang='lat' dir='ltr'><strong>quam</strong></span> <span class='ocrx_word' id='word_1_92' title='bbox 390 1132 437 1203; x_wconf 86' lang='lat' dir='ltr'><strong>qui</strong></span> <span class='ocrx_word' id='word_1_93' title='bbox 450 1130 568 1187; x_wconf 85' lang='lat' dir='ltr'><strong>alienum</strong></span> <span class='ocrx_word' id='word_1_94' title='bbox 579 1146 690 1185; x_wconf 89' lang='lat' dir='ltr'><strong>seruum</strong></span> <span class='ocrx_word' id='word_1_95' title='bbox 703 1128 842 1186; x_wconf 87' lang='lat' dir='ltr'><strong>occiderit.</strong></span> <span class='ocrx_word' id='word_1_96' title='bbox 864 1129 912 1186; x_wconf 90' lang='lat' dir='ltr'><strong>sed</strong></span> <span class='ocrx_word' id='word_1_97' title='bbox 925 1137 953 1185; x_wconf 90' lang='lat' dir='ltr'><strong>et</strong></span> <span class='ocrx_word' id='word_1_98' title='bbox 965 1132 1050 1185; x_wconf 89' lang='lat' dir='ltr'><strong>maior</strong></span> <span class='ocrx_word' id='word_1_99' title='bbox 1062 1147 1132 1203; x_wconf 83' lang='lat' dir='ltr'><strong>quo·</strong></span> 
     </span>
     <span class='ocr_line' id='line_1_12' title="bbox 163 1214 1130 1288; baseline 0 -17"><span class='ocrx_word' id='word_1_100' title='bbox 163 1231 216 1288; x_wconf 85' lang='lat' dir='ltr'><strong>que</strong></span> <span class='ocrx_word' id='word_1_101' title='bbox 228 1217 360 1288; x_wconf 80' lang='lat' dir='ltr'><strong>asperitas</strong></span> <span class='ocrx_word' id='word_1_102' title='bbox 373 1214 547 1271; x_wconf 91' lang='lat' dir='ltr'><strong>dominorum</strong></span> <span class='ocrx_word' id='word_1_103' title='bbox 564 1232 614 1288; x_wconf 91' lang='lat' dir='ltr'><strong>per</strong></span> <span class='ocrx_word' id='word_1_104' title='bbox 627 1215 748 1270; x_wconf 91' lang='lat' dir='ltr'><strong>eiusdem</strong></span> <span class='ocrx_word' id='word_1_105' title='bbox 765 1216 894 1288; x_wconf 90' lang='lat' dir='ltr'><strong>principis</strong></span> <span class='ocrx_word' id='word_1_106' title='bbox 906 1216 1130 1271; x_wconf 90' lang='lat' dir='ltr'><strong>constitutionem</strong></span> 
     </span>
     <span class='ocr_line' id='line_1_13' title="bbox 163 1298 1130 1373; baseline 0 -18"><span class='ocrx_word' id='word_1_107' title='bbox 163 1308 317 1356; x_wconf 89' lang='lat' dir='ltr'><strong>coercetur:</strong></span> <span class='ocrx_word' id='word_1_108' title='bbox 342 1315 403 1354; x_wconf 90' lang='lat' dir='ltr'><strong>nam</strong></span> <span class='ocrx_word' id='word_1_109' title='bbox 426 1299 569 1355; x_wconf 90' lang='lat' dir='ltr'><strong>consultus</strong></span> <span class='ocrx_word' id='word_1_110' title='bbox 584 1316 599 1354; x_wconf 90' lang='lat' dir='ltr'><strong>a</strong></span> <span class='ocrx_word' id='word_1_111' title='bbox 617 1298 777 1372; x_wconf 88' lang='lat' dir='ltr'><strong>quibusdam</strong></span> <span class='ocrx_word' id='word_1_112' title='bbox 793 1298 960 1371; x_wconf 85' lang='lat' dir='ltr'><strong>praesidibus</strong></span> <span class='ocrx_word' id='word_1_113' title='bbox 975 1300 1130 1373; x_wconf 91' lang='lat' dir='ltr'><strong>prouincia·</strong></span> 
     </span>
     <span class='ocr_line' id='line_1_14' title="bbox 162 1382 1128 1457; baseline 0.002 -20"><span class='ocrx_word' id='word_1_114' title='bbox 162 1399 222 1439; x_wconf 89' lang='lat' dir='ltr'><strong>rum</strong></span> <span class='ocrx_word' id='word_1_115' title='bbox 238 1382 272 1438; x_wconf 92' lang='lat' dir='ltr'><strong>de</strong></span> <span class='ocrx_word' id='word_1_116' title='bbox 287 1382 329 1439; x_wconf 89' lang='lat' dir='ltr'><strong>his</strong></span> <span class='ocrx_word' id='word_1_117' title='bbox 343 1385 443 1454; x_wconf 84' lang='lat' dir='ltr'><strong>seruis,</strong></span> <span class='ocrx_word' id='word_1_118' title='bbox 459 1386 505 1457; x_wconf 88' lang='lat' dir='ltr'><strong>qui</strong></span> <span class='ocrx_word' id='word_1_119' title='bbox 518 1384 552 1440; x_wconf 88' lang='lat' dir='ltr'><strong>ad</strong></span> <span class='ocrx_word' id='word_1_120' title='bbox 564 1385 624 1439; x_wconf 87' lang='lat' dir='ltr'><strong>lana</strong></span> <span class='ocrx_word' id='word_1_121' title='bbox 635 1383 749 1439; x_wconf 90' lang='lat' dir='ltr'><strong>deorum</strong></span> <span class='ocrx_word' id='word_1_122' title='bbox 760 1383 804 1439; x_wconf 89' lang='lat' dir='ltr'><strong>uel</strong></span> <span class='ocrx_word' id='word_1_123' title='bbox 816 1384 848 1438; x_wconf 93' lang='lat' dir='ltr'><strong>ad</strong></span> <span class='ocrx_word' id='word_1_124' title='bbox 860 1392 963 1439; x_wconf 88' lang='lat' dir='ltr'><strong>statuas</strong></span> <span class='ocrx_word' id='word_1_125' title='bbox 975 1385 1128 1457; x_wconf 85' lang='lat' dir='ltr'><strong>principum</strong></span> 
     </span>
     <span class='ocr_line' id='line_1_15' title="bbox 162 1466 1129 1542; baseline 0.001 -18"><span class='ocrx_word' id='word_1_126' title='bbox 162 1467 335 1541; x_wconf 72' lang='lat' dir='ltr'><strong>confugiunt,</strong></span> <span class='ocrx_word' id='word_1_127' title='bbox 358 1469 508 1542; x_wconf 86' lang='lat' dir='ltr'><strong>praecepit,</strong></span> <span class='ocrx_word' id='word_1_128' title='bbox 530 1476 561 1523; x_wconf 93' lang='lat' dir='ltr'><strong>ut</strong></span> <span class='ocrx_word' id='word_1_129' title='bbox 576 1470 599 1524; x_wconf 88' lang='lat' dir='ltr'><strong>si</strong></span> <span class='ocrx_word' id='word_1_130' title='bbox 620 1466 798 1523; x_wconf 88' lang='lat' dir='ltr'><strong>intolerabilis</strong></span> <span class='ocrx_word' id='word_1_131' title='bbox 816 1468 941 1524; x_wconf 90' lang='lat' dir='ltr'><strong>uideatur</strong></span> <span class='ocrx_word' id='word_1_132' title='bbox 956 1468 1129 1525; x_wconf 87' lang='lat' dir='ltr'><strong>dominorum</strong></span> 
     </span>
     <span class='ocr_line' id='line_1_16' title="bbox 162 1552 1130 1625; baseline 0.002 -18"><span class='ocrx_word' id='word_1_133' title='bbox 162 1553 286 1624; x_wconf 84' lang='lat' dir='ltr'><strong>saeuitia,</strong></span> <span class='ocrx_word' id='word_1_134' title='bbox 301 1560 436 1625; x_wconf 79' lang='lat' dir='ltr'><strong>cogantur</strong></span> <span class='ocrx_word' id='word_1_135' title='bbox 450 1569 548 1609; x_wconf 90' lang='lat' dir='ltr'><strong>seruos</strong></span> <span class='ocrx_word' id='word_1_136' title='bbox 560 1570 626 1609; x_wconf 88' lang='lat' dir='ltr'><strong>suos</strong></span> <span class='ocrx_word' id='word_1_137' title='bbox 639 1552 769 1611; x_wconf 87' lang='lat' dir='ltr'><strong>uendere.</strong></span> <span class='ocrx_word' id='word_1_138' title='bbox 795 1560 823 1608; x_wconf 90' lang='lat' dir='ltr'><strong>et</strong></span> <span class='ocrx_word' id='word_1_139' title='bbox 835 1561 980 1625; x_wconf 89' lang='lat' dir='ltr'><strong>utrumque</strong></span> <span class='ocrx_word' id='word_1_140' title='bbox 994 1562 1070 1609; x_wconf 89' lang='lat' dir='ltr'><strong>recte</strong></span> <span class='ocrx_word' id='word_1_141' title='bbox 1085 1552 1130 1609; x_wconf 88' lang='lat' dir='ltr'><strong>lit:</strong></span> 
     </span>
     <span class='ocr_line' id='line_1_17' title="bbox 161 1636 1131 1712; baseline 0.002 -20"><span class='ocrx_word' id='word_1_142' title='bbox 161 1636 231 1692; x_wconf 88' lang='lat' dir='ltr'><strong>male</strong></span> <span class='ocrx_word' id='word_1_143' title='bbox 246 1638 316 1691; x_wconf 90' lang='lat' dir='ltr'><strong>enim</strong></span> <span class='ocrx_word' id='word_1_144' title='bbox 332 1645 428 1692; x_wconf 90' lang='lat' dir='ltr'><strong>nostro</strong></span> <span class='ocrx_word' id='word_1_145' title='bbox 449 1639 509 1695; x_wconf 87' lang='lat' dir='ltr'><strong>iure</strong></span> <span class='ocrx_word' id='word_1_146' title='bbox 525 1639 565 1693; x_wconf 92' lang='lat' dir='ltr'><strong>uti</strong></span> <span class='ocrx_word' id='word_1_147' title='bbox 579 1654 634 1693; x_wconf 90' lang='lat' dir='ltr'><strong>uon</strong></span> <span class='ocrx_word' id='word_1_148' title='bbox 656 1636 801 1705; x_wconf 83' lang='lat' dir='ltr'><strong>debemus3</strong></span> <span class='ocrx_word' id='word_1_149' title='bbox 823 1653 876 1709; x_wconf 91' lang='lat' dir='ltr'><strong>qua</strong></span> <span class='ocrx_word' id='word_1_150' title='bbox 898 1638 1003 1693; x_wconf 91' lang='lat' dir='ltr'><strong>ratione</strong></span> <span class='ocrx_word' id='word_1_151' title='bbox 1019 1646 1046 1693; x_wconf 89' lang='lat' dir='ltr'><strong>et</strong></span> <span class='ocrx_word' id='word_1_152' title='bbox 1067 1655 1131 1712; x_wconf 94' lang='lat' dir='ltr'><strong>pro·</strong></span> 
     </span>
     <span class='ocr_line' id='line_1_18' title="bbox 162 1718 1130 1793; baseline 0.002 -17"><span class='ocrx_word' id='word_1_153' title='bbox 162 1721 234 1793; x_wconf 85' lang='lat' dir='ltr'><strong>digis</strong></span> <span class='ocrx_word' id='word_1_154' title='bbox 259 1720 431 1777; x_wconf 85' lang='lat' dir='ltr'><strong>interdicitur</strong></span> <span class='ocrx_word' id='word_1_155' title='bbox 452 1721 584 1778; x_wconf 92' lang='lat' dir='ltr'><strong>bonorum</strong></span> <span class='ocrx_word' id='word_1_156' title='bbox 612 1738 725 1777; x_wconf 93' lang='lat' dir='ltr'><strong>suorum</strong></span> <span class='ocrx_word' id='word_1_157' title='bbox 746 1721 952 1781; x_wconf 87' lang='lat' dir='ltr'><strong>administratio.</strong></span> <span class='ocrx_word' id='word_1_158' title='bbox 982 1718 1029 1779; x_wconf 81' lang='lat'><strong>54.</strong></span> <span class='ocrx_word' id='word_1_159' title='bbox 1052 1722 1130 1779; x_wconf 88' lang='lat' dir='ltr'><strong>Cete-</strong></span> 
     </span>
     <span class='ocr_line' id='line_1_19' title="bbox 162 1800 1130 1880; baseline 0.004 -21"><span class='ocrx_word' id='word_1_160' title='bbox 162 1821 223 1861; x_wconf 87' lang='lat' dir='ltr'><strong>rum</strong></span> <span class='ocrx_word' id='word_1_161' title='bbox 238 1821 298 1861; x_wconf 92' lang='lat' dir='ltr'><strong>cum</strong></span> <span class='ocrx_word' id='word_1_162' title='bbox 314 1808 388 1878; x_wconf 87' lang='lat' dir='ltr'><strong>apud</strong></span> <span class='ocrx_word' id='word_1_163' title='bbox 401 1806 475 1861; x_wconf 87' lang='lat' dir='ltr'><strong>ciues</strong></span> <span class='ocrx_word' id='word_1_164' title='bbox 489 1807 624 1863; x_wconf 87' lang='lat' dir='ltr'><strong>Romanos</strong></span> <span class='ocrx_word' id='word_1_165' title='bbox 647 1806 747 1880; x_wconf 81' lang='lat' dir='ltr'><strong>duplex</strong></span> <span class='ocrx_word' id='word_1_166' title='bbox 766 1808 812 1871; x_wconf 86' lang='lat' dir='ltr'><strong>sit¹</strong></span> <span class='ocrx_word' id='word_1_167' title='bbox 822 1805 972 1863; x_wconf 87' lang='lat' dir='ltr'><strong>dominium</strong></span> <span class='ocrx_word' id='word_1_168' title='bbox 993 1800 1068 1880; x_wconf 91' lang='lat' dir='ltr'><strong>(nam</strong></span> <span class='ocrx_word' id='word_1_169' title='bbox 1086 1807 1130 1863; x_wconf 86' lang='lat' dir='ltr'><strong>uel</strong></span> 
     </span>
     <span class='ocr_line' id='line_1_20' title="bbox 162 1888 1130 1965; baseline 0.002 -20"><span class='ocrx_word' id='word_1_170' title='bbox 162 1890 189 1946; x_wconf 91' lang='lat' dir='ltr'><strong>in</strong></span> <span class='ocrx_word' id='word_1_171' title='bbox 205 1888 283 1946; x_wconf 89' lang='lat' dir='ltr'><strong>honis</strong></span> <span class='ocrx_word' id='word_1_172' title='bbox 298 1890 344 1945; x_wconf 90' lang='lat' dir='ltr'><strong>uel</strong></span> <span class='ocrx_word' id='word_1_173' title='bbox 364 1907 397 1947; x_wconf 78' lang='lat' dir='ltr'><strong>ex</strong></span> <span class='ocrx_word' id='word_1_174' title='bbox 417 1891 476 1946; x_wconf 90' lang='lat' dir='ltr'><strong>iure</strong></span> <span class='ocrx_word' id='word_1_175' title='bbox 492 1889 637 1958; x_wconf 83' lang='lat' dir='ltr'><strong>Quiritium</strong></span> <span class='ocrx_word' id='word_1_176' title='bbox 658 1890 704 1946; x_wconf 92' lang='lat' dir='ltr'><strong>uel</strong></span> <span class='ocrx_word' id='word_1_177' title='bbox 724 1908 756 1947; x_wconf 84' lang='lat' dir='ltr'><strong>ex</strong></span> <span class='ocrx_word' id='word_1_178' title='bbox 778 1899 897 1964; x_wconf 86' lang='lat' dir='ltr'><strong>utroque</strong></span> <span class='ocrx_word' id='word_1_179' title='bbox 918 1893 976 1946; x_wconf 90' lang='lat' dir='ltr'><strong>iure</strong></span> <span class='ocrx_word' id='word_1_180' title='bbox 998 1892 1130 1965; x_wconf 85' lang='lat' dir='ltr'><strong>cuiusque</strong></span> 
     </span>
    </p>
   </div>
   <div class='ocr_carea' id='block_1_3' title="bbox 161 1972 1129 2131">
    <p class='ocr_par' dir='ltr' id='par_1_4' title="bbox 161 1972 1129 2131">
     <span class='ocr_line' id='line_1_21' title="bbox 161 1972 1129 2049; baseline 0.004 -21"><span class='ocrx_word' id='word_1_181' title='bbox 161 1991 259 2029; x_wconf 90' lang='lat' dir='ltr'><strong>seruus</strong></span> <span class='ocrx_word' id='word_1_182' title='bbox 275 1990 337 2031; x_wconf 86' lang='lat' dir='ltr'><strong>esse</strong></span> <span class='ocrx_word' id='word_1_183' title='bbox 355 1972 554 2049; x_wconf 78' lang='lat' dir='ltr'><strong>intellegitur),</strong></span> <span class='ocrx_word' id='word_1_184' title='bbox 574 1978 612 2032; x_wconf 92' lang='lat' dir='ltr'><strong>ita</strong></span> <span class='ocrx_word' id='word_1_185' title='bbox 632 1976 740 2031; x_wconf 90' lang='lat' dir='ltr'><strong>demum</strong></span> <span class='ocrx_word' id='word_1_186' title='bbox 756 1992 866 2031; x_wconf 90' lang='lat' dir='ltr'><strong>seruum</strong></span> <span class='ocrx_word' id='word_1_187' title='bbox 883 1975 912 2032; x_wconf 90' lang='lat' dir='ltr'><strong>iu</strong></span> <span class='ocrx_word' id='word_1_188' title='bbox 927 1984 1065 2049; x_wconf 86' lang='lat' dir='ltr'><strong>potestate</strong></span> <span class='ocrx_word' id='word_1_189' title='bbox 1081 1976 1129 2033; x_wconf 89' lang='lat' dir='ltr'><strong>do·</strong></span> 
     </span>
     <span class='ocr_line' id='line_1_22' title="bbox 162 2059 1128 2131; baseline 0.004 -18"><span class='ocrx_word' id='word_1_190' title='bbox 162 2060 226 2113; x_wconf 87' lang='lat' dir='ltr'><strong>mini</strong></span> <span class='ocrx_word' id='word_1_191' title='bbox 242 2074 303 2114; x_wconf 89' lang='lat' dir='ltr'><strong>esse</strong></span> <span class='ocrx_word' id='word_1_192' title='bbox 318 2059 453 2131; x_wconf 82' lang='lat' dir='ltr'><strong>dicemus,</strong></span> <span class='ocrx_word' id='word_1_193' title='bbox 475 2062 498 2115; x_wconf 90' lang='lat' dir='ltr'><strong>si</strong></span> <span class='ocrx_word' id='word_1_194' title='bbox 519 2061 547 2115; x_wconf 95' lang='lat' dir='ltr'><strong>in</strong></span> <span class='ocrx_word' id='word_1_195' title='bbox 562 2060 642 2116; x_wconf 88' lang='lat' dir='ltr'><strong>bonis</strong></span> <span class='ocrx_word' id='word_1_196' title='bbox 657 2061 716 2116; x_wconf 91' lang='lat' dir='ltr'><strong>eius</strong></span> <span class='ocrx_word' id='word_1_197' title='bbox 731 2062 784 2131; x_wconf 91' lang='lat' dir='ltr'><strong>sit,</strong></span> <span class='ocrx_word' id='word_1_198' title='bbox 806 2061 909 2115; x_wconf 91' lang='lat' dir='ltr'><strong>etiamsi</strong></span> <span class='ocrx_word' id='word_1_199' title='bbox 924 2060 1007 2116; x_wconf 85' lang='lat' dir='ltr'><strong>simul</strong></span> <span class='ocrx_word' id='word_1_200' title='bbox 1022 2077 1054 2116; x_wconf 80' lang='lat' dir='ltr'><strong>ex</strong></span> <span class='ocrx_word' id='word_1_201' title='bbox 1069 2062 1128 2117; x_wconf 91' lang='lat' dir='ltr'><strong>iure</strong></span> 
     </span>
    </p>
   </div>
   <div class='ocr_carea' id='block_1_4' title="bbox 112 2143 1130 2646">
    <p class='ocr_par' dir='ltr' id='par_1_5' title="bbox 161 2143 1130 2303">
     <span class='ocr_line' id='line_1_23' title="bbox 162 2143 1130 2218; baseline 0.002 -19"><span class='ocrx_word' id='word_1_202' title='bbox 162 2144 305 2210; x_wconf 80' lang='lat' dir='ltr'><strong>Quiritium</strong></span> <span class='ocrx_word' id='word_1_203' title='bbox 327 2144 445 2201; x_wconf 88' lang='lat' dir='ltr'><strong>ciusdem</strong></span> <span class='ocrx_word' id='word_1_204' title='bbox 466 2162 521 2200; x_wconf 92' lang='lat' dir='ltr'><strong>uon</strong></span> <span class='ocrx_word' id='word_1_205' title='bbox 542 2146 591 2200; x_wconf 90' lang='lat' dir='ltr'><strong>sit:</strong></span> <span class='ocrx_word' id='word_1_206' title='bbox 613 2161 674 2200; x_wconf 89' lang='lat' dir='ltr'><strong>nam</strong></span> <span class='ocrx_word' id='word_1_207' title='bbox 697 2145 743 2218; x_wconf 90' lang='lat' dir='ltr'><strong>qui</strong></span> <span class='ocrx_word' id='word_1_208' title='bbox 759 2143 861 2200; x_wconf 90' lang='lat' dir='ltr'><strong>nudum</strong></span> <span class='ocrx_word' id='word_1_209' title='bbox 883 2146 927 2201; x_wconf 87' lang='lat' dir='ltr'><strong>ius</strong></span> <span class='ocrx_word' id='word_1_210' title='bbox 942 2143 1086 2212; x_wconf 83' lang='lat' dir='ltr'><strong>Quiritium</strong></span> <span class='ocrx_word' id='word_1_211' title='bbox 1101 2148 1130 2201; x_wconf 92' lang='lat' dir='ltr'><strong>in</strong></span> 
     </span>
     <span class='ocr_line' id='line_1_24' title="bbox 161 2228 948 2303; baseline 0.003 -20"><span class='ocrx_word' id='word_1_212' title='bbox 161 2244 242 2285; x_wconf 92' lang='lat' dir='ltr'><strong>seruo</strong></span> <span class='ocrx_word' id='word_1_213' title='bbox 258 2228 350 2300; x_wconf 86' lang='lat' dir='ltr'><strong>habet,</strong></span> <span class='ocrx_word' id='word_1_214' title='bbox 365 2231 388 2286; x_wconf 91' lang='lat' dir='ltr'><strong>is</strong></span> <span class='ocrx_word' id='word_1_215' title='bbox 403 2238 568 2303; x_wconf 90' lang='lat' dir='ltr'><strong>potestatem</strong></span> <span class='ocrx_word' id='word_1_216' title='bbox 583 2229 683 2285; x_wconf 91' lang='lat' dir='ltr'><strong>habere</strong></span> <span class='ocrx_word' id='word_1_217' title='bbox 698 2246 753 2285; x_wconf 92' lang='lat' dir='ltr'><strong>non</strong></span> <span class='ocrx_word' id='word_1_218' title='bbox 769 2228 948 2303; x_wconf 78' lang='lat' dir='ltr'><strong>intellegitur.</strong></span> 
     </span>
    </p>

    <p class='ocr_par' dir='ltr' id='par_1_6' title="bbox 161 2310 1129 2557">
     <span class='ocr_line' id='line_1_25' title="bbox 224 2310 1129 2388; baseline 0.004 -20"><span class='ocrx_word' id='word_1_219' title='bbox 224 2310 271 2369; x_wconf 79' lang='lat'><strong>55.</strong></span> <span class='ocrx_word' id='word_1_220' title='bbox 290 2313 356 2369; x_wconf 88' lang='lat' dir='ltr'><strong>lteru</strong></span> <span class='ocrx_word' id='word_1_221' title='bbox 372 2314 400 2368; x_wconf 91' lang='lat' dir='ltr'><strong>iu</strong></span> <span class='ocrx_word' id='word_1_222' title='bbox 415 2322 551 2387; x_wconf 85' lang='lat' dir='ltr'><strong>potestate</strong></span> <span class='ocrx_word' id='word_1_223' title='bbox 566 2323 661 2370; x_wconf 89' lang='lat' dir='ltr'><strong>nostra</strong></span> <span class='ocrx_word' id='word_1_224' title='bbox 676 2324 741 2369; x_wconf 90' lang='lat' dir='ltr'><strong>suut</strong></span> <span class='ocrx_word' id='word_1_225' title='bbox 756 2312 834 2371; x_wconf 89' lang='lat' dir='ltr'><strong>liberi</strong></span> <span class='ocrx_word' id='word_1_226' title='bbox 849 2314 947 2384; x_wconf 87' lang='lat' dir='ltr'><strong>nostri,</strong></span> <span class='ocrx_word' id='word_1_227' title='bbox 964 2332 1033 2388; x_wconf 92' lang='lat' dir='ltr'><strong>quos</strong></span> <span class='ocrx_word' id='word_1_228' title='bbox 1049 2318 1129 2373; x_wconf 86' lang='lat' dir='ltr'><strong>iustis</strong></span> 
     </span>
     <span class='ocr_line' id='line_1_26' title="bbox 161 2399 1128 2473; baseline 0.004 -20"><span class='ocrx_word' id='word_1_229' title='bbox 161 2399 264 2471; x_wconf 90' lang='lat' dir='ltr'><strong>nuptiis</strong></span> <span class='ocrx_word' id='word_1_230' title='bbox 278 2400 493 2470; x_wconf 88' lang='lat' dir='ltr'><strong>procreauimus.</strong></span> <span class='ocrx_word' id='word_1_231' title='bbox 524 2399 597 2471; x_wconf 87' lang='lat' dir='ltr'><strong>quod</strong></span> <span class='ocrx_word' id='word_1_232' title='bbox 614 2400 657 2454; x_wconf 92' lang='lat' dir='ltr'><strong>ius</strong></span> <span class='ocrx_word' id='word_1_233' title='bbox 673 2400 814 2473; x_wconf 91' lang='lat' dir='ltr'><strong>proprium</strong></span> <span class='ocrx_word' id='word_1_234' title='bbox 830 2399 930 2454; x_wconf 92' lang='lat' dir='ltr'><strong>ciuium</strong></span> <span class='ocrx_word' id='word_1_235' title='bbox 944 2400 1128 2457; x_wconf 84' lang='lat' dir='ltr'><strong>Romanorum</strong></span> 
     </span>
     <span class='ocr_line' id='line_1_27' title="bbox 161 2480 1127 2557; baseline 0.005 -21"><span class='ocrx_word' id='word_1_236' title='bbox 161 2490 216 2536; x_wconf 87' lang='lat' dir='ltr'><strong>est:</strong></span> <span class='ocrx_word' id='word_1_237' title='bbox 239 2480 297 2536; x_wconf 89' lang='lat' dir='ltr'><strong>lere</strong></span> <span class='ocrx_word' id='word_1_238' title='bbox 312 2482 384 2537; x_wconf 85' lang='lat' dir='ltr'><strong>enim</strong></span> <span class='ocrx_word' id='word_1_239' title='bbox 400 2481 469 2536; x_wconf 92' lang='lat' dir='ltr'><strong>nulli</strong></span> <span class='ocrx_word' id='word_1_240' title='bbox 484 2482 527 2537; x_wconf 91' lang='lat' dir='ltr'><strong>alii</strong></span> <span class='ocrx_word' id='word_1_241' title='bbox 543 2492 608 2537; x_wconf 90' lang='lat' dir='ltr'><strong>sunt</strong></span> <span class='ocrx_word' id='word_1_242' title='bbox 623 2484 758 2554; x_wconf 87' lang='lat' dir='ltr'><strong>homines,</strong></span> <span class='ocrx_word' id='word_1_243' title='bbox 774 2484 821 2557; x_wconf 89' lang='lat' dir='ltr'><strong>qui</strong></span> <span class='ocrx_word' id='word_1_244' title='bbox 838 2482 918 2539; x_wconf 88' lang='lat' dir='ltr'><strong>talem</strong></span> <span class='ocrx_word' id='word_1_245' title='bbox 933 2486 961 2540; x_wconf 89' lang='lat' dir='ltr'><strong>in</strong></span> <span class='ocrx_word' id='word_1_246' title='bbox 977 2482 1046 2540; x_wconf 88' lang='lat' dir='ltr'><strong>filios</strong></span> <span class='ocrx_word' id='word_1_247' title='bbox 1062 2502 1127 2541; x_wconf 83' lang='lat' dir='ltr'><strong>suos</strong></span> 
     </span>
    </p>

    <p class='ocr_par' dir='ltr' id='par_1_7' title="bbox 112 2564 1128 2646">
     <span class='ocr_line' id='line_1_28' title="bbox 112 2564 1128 2646; baseline 0.004 -25"><span class='ocrx_word' id='word_1_248' title='bbox 112 2564 260 2624; x_wconf 70' lang='lat' dir='ltr'><strong>inhibent</strong></span> <span class='ocrx_word' id='word_1_249' title='bbox 276 2573 451 2638; x_wconf 90' lang='lat' dir='ltr'><strong>potestatem,</strong></span> <span class='ocrx_word' id='word_1_250' title='bbox 467 2566 573 2640; x_wconf 85' lang='lat' dir='ltr'><strong>qualem</strong></span> <span class='ocrx_word' id='word_1_251' title='bbox 589 2584 640 2623; x_wconf 93' lang='lat' dir='ltr'><strong>nos</strong></span> <span class='ocrx_word' id='word_1_252' title='bbox 656 2567 796 2625; x_wconf 87' lang='lat' dir='ltr'><strong>habemus.</strong></span> <span class='ocrx_word' id='word_1_253' title='bbox 820 2568 901 2640; x_wconf 89' lang='lat' dir='ltr'><strong>idque</strong></span> <span class='ocrx_word' id='word_1_254' title='bbox 914 2568 998 2625; x_wconf 83' lang='lat' dir='ltr'><strong>diuus</strong></span> <span class='ocrx_word' id='word_1_255' title='bbox 1011 2565 1128 2646; x_wconf 71' lang='lat' dir='ltr'><strong>llaldria·</strong></span> 
     </span>
    </p>
   </div>
   <div class='ocr_carea' id='block_1_5' title="bbox 160 2683 373 2691">
    <p class='ocr_par' dir='ltr' id='par_1_8' title="bbox 160 2683 373 2691">
     <span class='ocr_line' id='line_1_29' title="bbox 160 2683 373 2691; baseline 0.009 -2"><span class='ocrx_word' id='word_1_256' title='bbox 160 2683 373 2691; x_wconf 76' lang='lat'><strong>——-—.-——...</strong></span> 
     </span>
    </p>
   </div>
   <div class='ocr_carea' id='block_1_6' title="bbox 158 2732 1128 3155">
    <p class='ocr_par' dir='ltr' id='par_1_9' title="bbox 158 2732 1128 3155">
     <span class='ocr_line' id='line_1_30' title="bbox 233 2732 1126 2805; baseline 0.007 -21"><span class='ocrx_word' id='word_1_257' title='bbox 233 2732 253 2800; x_wconf 85' lang='lat'><strong>¹)</strong></span> <span class='ocrx_word' id='word_1_258' title='bbox 269 2736 403 2800; x_wconf 81' lang='lat' dir='ltr'><strong>adquiritur</strong></span> <span class='ocrx_word' id='word_1_259' title='bbox 414 2737 440 2786; x_wconf 81' lang='grc' dir='ltr'><strong>θ.</strong></span> <span class='ocrx_word' id='word_1_260' title='bbox 450 2737 510 2787; x_wconf 82' lang='lat' dir='ltr'><strong>edd.</strong></span> <span class='ocrx_word' id='word_1_261' title='bbox 528 2735 583 2786; x_wconf 85' lang='lat' dir='ltr'><strong>Sed</strong></span> <span class='ocrx_word' id='word_1_262' title='bbox 590 2738 719 2786; x_wconf 82' lang='lat' dir='ltr'><strong>cententio</strong></span> <span class='ocrx_word' id='word_1_263' title='bbox 733 2745 758 2786; x_wconf 88' lang='lat' dir='ltr'><strong>et</strong></span> <span class='ocrx_word' id='word_1_264' title='bbox 772 2754 815 2788; x_wconf 83' lang='lat' dir='ltr'><strong>res</strong></span> <span class='ocrx_word' id='word_1_265' title='bbox 829 2740 888 2803; x_wconf 82' lang='lat' dir='ltr'><strong>ipsa</strong></span> <span class='ocrx_word' id='word_1_266' title='bbox 902 2739 949 2805; x_wconf 85' lang='lat' dir='ltr'><strong>(cf.</strong></span> <span class='ocrx_word' id='word_1_267' title='bbox 965 2755 985 2797; x_wconf 90' lang='lat'><strong>1,</strong></span> <span class='ocrx_word' id='word_1_268' title='bbox 995 2751 1029 2791; x_wconf 76' lang='lat' dir='ltr'><strong>tr.</strong></span> <span class='ocrx_word' id='word_1_269' title='bbox 1044 2752 1065 2801; x_wconf 77' lang='lat'><strong>2,</strong></span> <span class='ocrx_word' id='word_1_270' title='bbox 1079 2738 1126 2803; x_wconf 82' lang='lat'><strong>88.)</strong></span> 
     </span>
     <span class='ocr_line' id='line_1_31' title="bbox 159 2805 1127 2876; baseline 0.005 -22"><span class='ocrx_word' id='word_1_271' title='bbox 159 2809 278 2870; x_wconf 76' lang='lat' dir='ltr'><strong>exipunt,</strong></span> <span class='ocrx_word' id='word_1_272' title='bbox 292 2814 319 2855; x_wconf 85' lang='lat' dir='ltr'><strong>ut</strong></span> <span class='ocrx_word' id='word_1_273' title='bbox 333 2823 391 2857; x_wconf 85' lang='lat' dir='ltr'><strong>cum</strong></span> <span class='ocrx_word' id='word_1_274' title='bbox 399 2807 556 2858; x_wconf 83' lang='lat' dir='ltr'><strong>Haloundro</strong></span> <span class='ocrx_word' id='word_1_275' title='bbox 567 2807 614 2875; x_wconf 87' lang='lat' dir='ltr'><strong>(ad</strong></span> <span class='ocrx_word' id='word_1_276' title='bbox 622 2808 684 2874; x_wconf 80' lang='lat' dir='ltr'><strong>Dip.</strong></span> <span class='ocrx_word' id='word_1_277' title='bbox 695 2811 712 2859; x_wconf 90' lang='lat' dir='ltr'><strong>l.</strong></span> <span class='ocrx_word' id='word_1_278' title='bbox 722 2807 756 2872; x_wconf 85' lang='lat' dir='ltr'><strong>c.)</strong></span> <span class='ocrx_word' id='word_1_279' title='bbox 767 2811 882 2875; x_wconf 76' lang='lat' dir='ltr'><strong>lepamoa</strong></span> <span class='ocrx_word' id='word_1_280' title='bbox 891 2811 993 2875; x_wconf 86' lang='lat' dir='ltr'><strong>adquiri.</strong></span> <span class='ocrx_word' id='word_1_281' title='bbox 1032 2805 1053 2876; x_wconf 85' lang='lat'><strong>¹)</strong></span> <span class='ocrx_word' id='word_1_282' title='bbox 1068 2826 1127 2859; x_wconf 90' lang='lat' dir='ltr'><strong>con-</strong></span> 
     </span>
     <span class='ocr_line' id='line_1_32' title="bbox 160 2877 1128 2945; baseline 0.006 -20"><span class='ocrx_word' id='word_1_283' title='bbox 160 2878 296 2926; x_wconf 85' lang='lat' dir='ltr'><strong>stitutiones</strong></span> <span class='ocrx_word' id='word_1_284' title='bbox 312 2877 338 2927; x_wconf 81' lang='lat'><strong>0.</strong></span> <span class='ocrx_word' id='word_1_285' title='bbox 368 2880 395 2927; x_wconf 83' lang='lat' dir='ltr'><strong>in</strong></span> <span class='ocrx_word' id='word_1_286' title='bbox 410 2894 460 2942; x_wconf 81' lang='lat' dir='ltr'><strong>quo</strong></span> <span class='ocrx_word' id='word_1_287' title='bbox 474 2878 582 2928; x_wconf 68' lang='lat' dir='ltr'><strong>Sindus</strong></span> <span class='ocrx_word' id='word_1_288' title='bbox 595 2895 688 2945; x_wconf 84' lang='lat' dir='ltr'><strong>apopr.</strong></span> <span class='ocrx_word' id='word_1_289' title='bbox 699 2896 727 2943; x_wconf 88' lang='lat' dir='ltr'><strong>p.</strong></span> <span class='ocrx_word' id='word_1_290' title='bbox 739 2892 785 2931; x_wconf 81' lang='lat' dir='ltr'><strong>too.</strong></span> <span class='ocrx_word' id='word_1_291' title='bbox 806 2884 908 2931; x_wconf 82' lang='lat' dir='ltr'><strong>literam</strong></span> <span class='ocrx_word' id='word_1_292' title='bbox 922 2898 934 2931; x_wconf 91' lang='lat' dir='ltr'><strong>s</strong></span> <span class='ocrx_word' id='word_1_293' title='bbox 948 2897 1017 2932; x_wconf 80' lang='lat' dir='ltr'><strong>mero</strong></span> <span class='ocrx_word' id='word_1_294' title='bbox 1033 2884 1128 2931; x_wconf 83' lang='lat' dir='ltr'><strong>calami</strong></span> 
     </span>
     <span class='ocr_line' id='line_1_33' title="bbox 160 2948 1127 3020; baseline 0.005 -23"><span class='ocrx_word' id='word_1_295' title='bbox 160 2950 246 3012; x_wconf 83' lang='lat' dir='ltr'><strong>lapsui</strong></span> <span class='ocrx_word' id='word_1_296' title='bbox 259 2948 359 3001; x_wconf 82' lang='lat' dir='ltr'><strong>tribuit.</strong></span> <span class='ocrx_word' id='word_1_297' title='bbox 386 2948 440 2999; x_wconf 83' lang='lat' dir='ltr'><strong>Sed</strong></span> <span class='ocrx_word' id='word_1_298' title='bbox 453 2952 549 3000; x_wconf 79' lang='lat' dir='ltr'><strong>coliata</strong></span> <span class='ocrx_word' id='word_1_299' title='bbox 564 2951 596 2998; x_wconf 85' lang='lat' dir='ltr'><strong>L.</strong></span> <span class='ocrx_word' id='word_1_300' title='bbox 610 2963 632 3003; x_wconf 78' lang='lat'><strong>2.</strong></span> <span class='ocrx_word' id='word_1_301' title='bbox 652 2950 685 2998; x_wconf 87' lang='lat' dir='ltr'><strong>D.</strong></span> <span class='ocrx_word' id='word_1_302' title='bbox 701 2952 737 2999; x_wconf 85' lang='lat' dir='ltr'><strong>ad</strong></span> <span class='ocrx_word' id='word_1_303' title='bbox 749 2950 798 3001; x_wconf 80' lang='lat' dir='ltr'><strong>SC.</strong></span> <span class='ocrx_word' id='word_1_304' title='bbox 817 2952 922 3006; x_wconf 78' lang='lat' dir='ltr'><strong>Tertull.</strong></span> <span class='ocrx_word' id='word_1_305' title='bbox 938 2952 984 3020; x_wconf 75' lang='lat' dir='ltr'><strong>(aa,</strong></span> <span class='ocrx_word' id='word_1_306' title='bbox 999 2952 1035 3019; x_wconf 84' lang='lat' dir='ltr'><strong>it)</strong></span> <span class='ocrx_word' id='word_1_307' title='bbox 1050 2954 1127 3002; x_wconf 85' lang='lat' dir='ltr'><strong>etiam</strong></span> 
     </span>
     <span class='ocr_line' id='line_1_34' title="bbox 159 3019 1127 3088; baseline 0.005 -20"><span class='ocrx_word' id='word_1_308' title='bbox 159 3019 184 3068; x_wconf 82' lang='lat' dir='ltr'><strong>lt.</strong></span> <span class='ocrx_word' id='word_1_309' title='bbox 199 3022 230 3079; x_wconf 89' lang='lat' dir='ltr'><strong>l.,</strong></span> <span class='ocrx_word' id='word_1_310' title='bbox 247 3020 292 3069; x_wconf 81' lang='lat' dir='ltr'><strong>ubi</strong></span> <span class='ocrx_word' id='word_1_311' title='bbox 306 3019 387 3069; x_wconf 81' lang='lat' dir='ltr'><strong>Gaius</strong></span> <span class='ocrx_word' id='word_1_312' title='bbox 404 3022 447 3069; x_wconf 84' lang='lat' dir='ltr'><strong>sui</strong></span> <span class='ocrx_word' id='word_1_313' title='bbox 465 3023 631 3084; x_wconf 81' lang='lat' dir='ltr'><strong>imperatoria</strong></span> <span class='ocrx_word' id='word_1_314' title='bbox 646 3024 759 3085; x_wconf 85' lang='lat' dir='ltr'><strong>primum</strong></span> <span class='ocrx_word' id='word_1_315' title='bbox 778 3026 928 3073; x_wconf 83' lang='lat' dir='ltr'><strong>mentionem</strong></span> <span class='ocrx_word' id='word_1_316' title='bbox 944 3026 1025 3088; x_wconf 84' lang='lat' dir='ltr'><strong>facit,</strong></span> <span class='ocrx_word' id='word_1_317' title='bbox 1045 3040 1127 3073; x_wconf 88' lang='lat' dir='ltr'><strong>sacra·</strong></span> 
     </span>
     <span class='ocr_line' id='line_1_35' title="bbox 158 3091 720 3155; baseline 0.004 -16"><span class='ocrx_word' id='word_1_318' title='bbox 158 3091 246 3140; x_wconf 86' lang='lat' dir='ltr'><strong>tissimi</strong></span> <span class='ocrx_word' id='word_1_319' title='bbox 261 3107 318 3140; x_wconf 84' lang='lat' dir='ltr'><strong>cum</strong></span> <span class='ocrx_word' id='word_1_320' title='bbox 327 3094 415 3155; x_wconf 84' lang='lat' dir='ltr'><strong>prior.</strong></span> <span class='ocrx_word' id='word_1_321' title='bbox 430 3092 488 3143; x_wconf 85' lang='lat' dir='ltr'><strong>edd.</strong></span> <span class='ocrx_word' id='word_1_322' title='bbox 504 3094 618 3141; x_wconf 84' lang='lat' dir='ltr'><strong>retinere</strong></span> <span class='ocrx_word' id='word_1_323' title='bbox 632 3095 720 3141; x_wconf 82' lang='lat' dir='ltr'><strong>malui.</strong></span> 
     </span>
    </p>
   </div>
   <div class='ocr_carea' id='block_1_7' title="bbox 156 3229 1128 3656">
    <p class='ocr_par' dir='ltr' id='par_1_10' title="bbox 156 3229 1128 3656">
     <span class='ocr_line' id='line_1_36' title="bbox 230 3229 1127 3301; baseline 0.002 -17"><span class='ocrx_word' id='word_1_324' title='bbox 230 3229 255 3301; x_wconf 64' lang='grc' dir='ltr'><strong>ξ.</strong></span> <span class='ocrx_word' id='word_1_325' title='bbox 267 3234 396 3285; x_wconf 76' lang='lat' dir='ltr'><strong>52.=L.</strong></span> <span class='ocrx_word' id='word_1_326' title='bbox 408 3247 428 3284; x_wconf 90' lang='lat'><strong>1.</strong></span> <span class='ocrx_word' id='word_1_327' title='bbox 443 3235 467 3295; x_wconf 65' lang='grc' dir='ltr'><strong>ξ.</strong></span> <span class='ocrx_word' id='word_1_328' title='bbox 483 3246 504 3283; x_wconf 83' lang='grc'><strong>1.</strong></span> <span class='ocrx_word' id='word_1_329' title='bbox 524 3234 555 3282; x_wconf 88' lang='lat' dir='ltr'><strong>D.</strong></span> <span class='ocrx_word' id='word_1_330' title='bbox 567 3234 599 3282; x_wconf 87' lang='lat' dir='ltr'><strong>de</strong></span> <span class='ocrx_word' id='word_1_331' title='bbox 613 3234 655 3283; x_wconf 78' lang='lat' dir='ltr'><strong>Itis</strong></span> <span class='ocrx_word' id='word_1_332' title='bbox 669 3250 692 3298; x_wconf 83' lang='lat' dir='ltr'><strong>q.</strong></span> <span class='ocrx_word' id='word_1_333' title='bbox 706 3237 750 3283; x_wconf 85' lang='lat' dir='ltr'><strong>sui</strong></span> <span class='ocrx_word' id='word_1_334' title='bbox 764 3234 796 3299; x_wconf 87' lang='lat'><strong>(1,</strong></span> <span class='ocrx_word' id='word_1_335' title='bbox 806 3234 838 3298; x_wconf 80' lang='lat'><strong>6).</strong></span> <span class='ocrx_word' id='word_1_336' title='bbox 858 3237 881 3297; x_wconf 66' lang='grc' dir='ltr'><strong>ἕ.</strong></span> <span class='ocrx_word' id='word_1_337' title='bbox 897 3232 918 3286; x_wconf 79' lang='lat'><strong>1&#39;.</strong></span> <span class='ocrx_word' id='word_1_338' title='bbox 937 3237 1031 3287; x_wconf 85' lang='lat' dir='ltr'><strong>Leod.</strong></span> <span class='ocrx_word' id='word_1_339' title='bbox 1046 3235 1079 3300; x_wconf 90' lang='lat'><strong>(1,</strong></span> <span class='ocrx_word' id='word_1_340' title='bbox 1093 3236 1127 3301; x_wconf 84' lang='lat'><strong>8).</strong></span> 
     </span>
     <span class='ocr_line' id='line_1_37' title="bbox 159 3298 1126 3375; baseline 0.003 -21"><span class='ocrx_word' id='word_1_341' title='bbox 159 3298 185 3371; x_wconf 75' lang='lat'><strong>§-</strong></span> <span class='ocrx_word' id='word_1_342' title='bbox 200 3307 242 3354; x_wconf 78' lang='lat'><strong>53.</strong></span> <span class='ocrx_word' id='word_1_343' title='bbox 258 3326 293 3345; x_wconf 87' lang='lat'><em>=</em></span> <span class='ocrx_word' id='word_1_344' title='bbox 307 3304 339 3354; x_wconf 83' lang='lat' dir='ltr'><strong>L.</strong></span> <span class='ocrx_word' id='word_1_345' title='bbox 355 3318 375 3355; x_wconf 93' lang='lat'><strong>1.</strong></span> <span class='ocrx_word' id='word_1_346' title='bbox 390 3307 414 3366; x_wconf 69' lang='lat'><strong>§-</strong></span> <span class='ocrx_word' id='word_1_347' title='bbox 429 3317 451 3355; x_wconf 66' lang='grc' dir='ltr'><strong>π.</strong></span> <span class='ocrx_word' id='word_1_348' title='bbox 475 3304 508 3352; x_wconf 86' lang='lat' dir='ltr'><strong>D.</strong></span> <span class='ocrx_word' id='word_1_349' title='bbox 524 3306 547 3366; x_wconf 71' lang='grc' dir='ltr'><strong>ξ.</strong></span> <span class='ocrx_word' id='word_1_350' title='bbox 562 3315 583 3354; x_wconf 77' lang='lat' dir='ltr'><strong>a.</strong></span> <span class='ocrx_word' id='word_1_351' title='bbox 608 3304 703 3354; x_wconf 83' lang='lat' dir='ltr'><strong>Leod.</strong></span> <span class='ocrx_word' id='word_1_352' title='bbox 729 3306 767 3369; x_wconf 82' lang='lat' dir='ltr'><strong>Cf.</strong></span> <span class='ocrx_word' id='word_1_353' title='bbox 785 3306 874 3357; x_wconf 83' lang='lat' dir='ltr'><strong>Collot.</strong></span> <span class='ocrx_word' id='word_1_354' title='bbox 890 3319 911 3369; x_wconf 78' lang='lat' dir='ltr'><strong>a,</strong></span> <span class='ocrx_word' id='word_1_355' title='bbox 926 3320 946 3358; x_wconf 81' lang='lat' dir='ltr'><strong>a.</strong></span> <span class='ocrx_word' id='word_1_356' title='bbox 961 3320 982 3359; x_wconf 81' lang='lat' dir='ltr'><strong>t.</strong></span> <span class='ocrx_word' id='word_1_357' title='bbox 1006 3305 1126 3375; x_wconf 78' lang='lat' dir='ltr'><strong>prodigis]</strong></span> 
     </span>
     <span class='ocr_line' id='line_1_38' title="bbox 160 3370 1126 3443; baseline 0.007 -20"><span class='ocrx_word' id='word_1_358' title='bbox 160 3375 199 3437; x_wconf 86' lang='lat' dir='ltr'><strong>Cf.</strong></span> <span class='ocrx_word' id='word_1_359' title='bbox 216 3375 291 3424; x_wconf 82' lang='lat' dir='ltr'><strong>Paul.</strong></span> <span class='ocrx_word' id='word_1_360' title='bbox 307 3387 328 3433; x_wconf 76' lang='lat' dir='ltr'><strong>a,</strong></span> <span class='ocrx_word' id='word_1_361' title='bbox 342 3378 378 3426; x_wconf 59' lang='grc' dir='ltr'><strong>ι’.</strong></span> <span class='ocrx_word' id='word_1_362' title='bbox 392 3378 415 3437; x_wconf 65' lang='grc' dir='ltr'><strong>ξ.</strong></span> <span class='ocrx_word' id='word_1_363' title='bbox 431 3388 451 3427; x_wconf 86' lang='lat' dir='ltr'><strong>t.</strong></span> <span class='ocrx_word' id='word_1_364' title='bbox 508 3371 534 3443; x_wconf 62' lang='grc' dir='ltr'><strong>ξ</strong></span> <span class='ocrx_word' id='word_1_365' title='bbox 544 3376 587 3425; x_wconf 80' lang='lat' dir='ltr'><strong>ot.</strong></span> <span class='ocrx_word' id='word_1_366' title='bbox 604 3375 644 3439; x_wconf 80' lang='lat' dir='ltr'><strong>Cf.</strong></span> <span class='ocrx_word' id='word_1_367' title='bbox 659 3378 699 3437; x_wconf 65' lang='grc' dir='ltr'><strong>ἐξ.</strong></span> <span class='ocrx_word' id='word_1_368' title='bbox 710 3370 759 3427; x_wconf 68' lang='lat'>21¹³.</span> <span class='ocrx_word' id='word_1_369' title='bbox 770 3388 804 3428; x_wconf 78' lang='lat'><strong>35.</strong></span> <span class='ocrx_word' id='word_1_370' title='bbox 824 3378 898 3440; x_wconf 75' lang='lat' dir='ltr'><strong>infra</strong></span> <span class='ocrx_word' id='word_1_371' title='bbox 910 3391 931 3437; x_wconf 74' lang='lat' dir='ltr'><strong>t,</strong></span> <span class='ocrx_word' id='word_1_372' title='bbox 944 3391 979 3431; x_wconf 76' lang='lat' dir='ltr'><strong>to.</strong></span> <span class='ocrx_word' id='word_1_373' title='bbox 993 3390 1028 3429; x_wconf 83' lang='lat'><strong>88.</strong></span> <span class='ocrx_word' id='word_1_374' title='bbox 1046 3390 1126 3437; x_wconf 58' lang='lat'>&amp;166-</span> 
     </span>
     <span class='ocr_line' id='line_1_39' title="bbox 163 3443 1128 3514; baseline 0.004 -19"><span class='ocrx_word' id='word_1_375' title='bbox 163 3445 304 3509; x_wconf 76' lang='lat' dir='ltr'><strong>Wp.1,1o.</strong></span> <span class='ocrx_word' id='word_1_376' title='bbox 328 3446 459 3509; x_wconf 71' lang='lat' dir='ltr'><strong>Tlteoplii.</strong></span> <span class='ocrx_word' id='word_1_377' title='bbox 475 3460 495 3504; x_wconf 91' lang='lat'><strong>1,</strong></span> <span class='ocrx_word' id='word_1_378' title='bbox 509 3459 530 3498; x_wconf 80' lang='lat' dir='ltr'><strong>o.</strong></span> <span class='ocrx_word' id='word_1_379' title='bbox 546 3448 570 3509; x_wconf 76' lang='lat'><strong>§-</strong></span> <span class='ocrx_word' id='word_1_380' title='bbox 585 3459 606 3498; x_wconf 78' lang='lat' dir='ltr'><strong>t.</strong></span> <span class='ocrx_word' id='word_1_381' title='bbox 675 3443 701 3514; x_wconf 61' lang='grc' dir='ltr'><strong>ἕ.</strong></span> <span class='ocrx_word' id='word_1_382' title='bbox 715 3448 877 3500; x_wconf 79' lang='lat' dir='ltr'><strong>oo.=L.o.</strong></span> <span class='ocrx_word' id='word_1_383' title='bbox 897 3449 929 3497; x_wconf 88' lang='lat' dir='ltr'><strong>D.</strong></span> <span class='ocrx_word' id='word_1_384' title='bbox 945 3449 977 3498; x_wconf 85' lang='lat' dir='ltr'><strong>de</strong></span> <span class='ocrx_word' id='word_1_385' title='bbox 990 3449 1032 3499; x_wconf 79' lang='lat' dir='ltr'><strong>tis</strong></span> <span class='ocrx_word' id='word_1_386' title='bbox 1047 3466 1069 3514; x_wconf 85' lang='lat' dir='ltr'><strong>q.</strong></span> <span class='ocrx_word' id='word_1_387' title='bbox 1085 3452 1128 3499; x_wconf 82' lang='lat' dir='ltr'><strong>sui</strong></span> 
     </span>
     <span class='ocr_line' id='line_1_40' title="bbox 157 3516 1126 3585; baseline 0.005 -19"><span class='ocrx_word' id='word_1_388' title='bbox 157 3533 181 3566; x_wconf 90' lang='lat' dir='ltr'><strong>o.</strong></span> <span class='ocrx_word' id='word_1_389' title='bbox 195 3518 230 3565; x_wconf 85' lang='lat' dir='ltr'><strong>al.</strong></span> <span class='ocrx_word' id='word_1_390' title='bbox 245 3519 297 3566; x_wconf 84' lang='lat' dir='ltr'><strong>iur.</strong></span> <span class='ocrx_word' id='word_1_391' title='bbox 312 3516 344 3583; x_wconf 86' lang='lat'><strong>(1,</strong></span> <span class='ocrx_word' id='word_1_392' title='bbox 354 3518 385 3581; x_wconf 83' lang='lat' dir='ltr'><strong>o).</strong></span> <span class='ocrx_word' id='word_1_393' title='bbox 396 3533 441 3580; x_wconf 80' lang='lat' dir='ltr'><strong>pr.</strong></span> <span class='ocrx_word' id='word_1_394' title='bbox 451 3519 476 3580; x_wconf 67' lang='grc' dir='ltr'><strong>ξ.</strong></span> <span class='ocrx_word' id='word_1_395' title='bbox 486 3529 508 3568; x_wconf 78' lang='lat' dir='ltr'><strong>a.</strong></span> <span class='ocrx_word' id='word_1_396' title='bbox 527 3517 550 3567; x_wconf 91' lang='grc' dir='ltr'><strong>Ι.</strong></span> <span class='ocrx_word' id='word_1_397' title='bbox 565 3518 597 3567; x_wconf 85' lang='lat' dir='ltr'><strong>de</strong></span> <span class='ocrx_word' id='word_1_398' title='bbox 607 3526 680 3581; x_wconf 83' lang='lat' dir='ltr'><strong>patr.</strong></span> <span class='ocrx_word' id='word_1_399' title='bbox 686 3526 741 3581; x_wconf 84' lang='lat' dir='ltr'><strong>pot.</strong></span> <span class='ocrx_word' id='word_1_400' title='bbox 752 3520 784 3583; x_wconf 85' lang='lat'><strong>(1,</strong></span> <span class='ocrx_word' id='word_1_401' title='bbox 793 3518 826 3584; x_wconf 80' lang='lat' dir='ltr'><strong>a).</strong></span> <span class='ocrx_word' id='word_1_402' title='bbox 847 3520 920 3583; x_wconf 79' lang='lat' dir='ltr'><strong>infra</strong></span> <span class='ocrx_word' id='word_1_403' title='bbox 932 3522 956 3582; x_wconf 66' lang='lat'><strong>§-</strong></span> <span class='ocrx_word' id='word_1_404' title='bbox 966 3532 1000 3571; x_wconf 78' lang='lat' dir='ltr'><strong>stt.</strong></span> <span class='ocrx_word' id='word_1_405' title='bbox 1016 3520 1126 3585; x_wconf 75' lang='lat' dir='ltr'><strong>Dionpc.</strong></span> 
     </span>
     <span class='ocr_line' id='line_1_41' title="bbox 156 3584 790 3656; baseline 0 -18"><span class='ocrx_word' id='word_1_406' title='bbox 156 3599 179 3644; x_wconf 76' lang='lat'><strong>2,</strong></span> <span class='ocrx_word' id='word_1_407' title='bbox 193 3598 228 3637; x_wconf 76' lang='lat'><strong>26.</strong></span> <span class='ocrx_word' id='word_1_408' title='bbox 247 3584 396 3656; x_wconf 80' lang='lat' dir='ltr'><strong>Galatarum]</strong></span> <span class='ocrx_word' id='word_1_409' title='bbox 411 3589 447 3652; x_wconf 80' lang='lat' dir='ltr'><strong>cs.</strong></span> <span class='ocrx_word' id='word_1_410' title='bbox 463 3589 536 3639; x_wconf 75' lang='lat' dir='ltr'><strong>Coeo.</strong></span> <span class='ocrx_word' id='word_1_411' title='bbox 550 3589 584 3638; x_wconf 82' lang='lat' dir='ltr'><strong>de</strong></span> <span class='ocrx_word' id='word_1_412' title='bbox 597 3588 620 3637; x_wconf 84' lang='lat' dir='ltr'><strong>d.</strong></span> <span class='ocrx_word' id='word_1_413' title='bbox 639 3588 704 3637; x_wconf 81' lang='lat' dir='ltr'><strong>Gall.</strong></span> <span class='ocrx_word' id='word_1_414' title='bbox 719 3601 741 3648; x_wconf 82' lang='lat' dir='ltr'><strong>c,</strong></span> <span class='ocrx_word' id='word_1_415' title='bbox 756 3602 790 3641; x_wconf 80' lang='lat' dir='ltr'><strong>tlt.</strong></span> 
     </span>
    </p>
   </div>
   <div class='ocr_carea' id='block_1_8' title="bbox 0 0 1276 3909">
    <p class='ocr_par' dir='ltr' id='par_1_11' title="bbox 0 0 1276 3909">
     <span class='ocr_line' id='line_1_42' title="bbox 0 0 1276 3909; baseline 0 1"><span class='ocrx_word' id='word_1_416' title='bbox 0 0 1276 3909; x_wconf 95' lang='lat' dir='ltr'><strong> </strong></span> 
     </span>
    </p>
   </div>
  </div>
 </body>
</html>
