<?xml version="1.0" encoding="UTF-8"?>
<!DOCTYPE html PUBLIC "-//W3C//DTD XHTML 1.0 Transitional//EN"
    "http://www.w3.org/TR/xhtml1/DTD/xhtml1-transitional.dtd">
<html xmlns="http://www.w3.org/1999/xhtml" xml:lang="en" lang="en">
 <head>
  <title>
</title>
<meta http-equiv="Content-Type" content="text/html;charset=utf-8" />
  <meta name='ocr-system' content='tesseract 3.04.00' />
  <meta name='ocr-capabilities' content='ocr_page ocr_carea ocr_par ocr_line ocrx_word'/>
</head>
<body>
  <div class='ocr_page' id='page_1' title='image "./iurisprudentiae01huscgoog_0381.png"; bbox 0 0 2542 3909; ppageno 0'>
   <div class='ocr_carea' id='block_1_1' title="bbox 425 202 1096 271">
    <p class='ocr_par' dir='ltr' id='par_1_1' title="bbox 425 202 1096 271">
     <span class='ocr_line' id='line_1_1' title="bbox 425 202 1096 271; baseline 0.009 -18"><span class='ocrx_word' id='word_1_1' title='bbox 425 218 486 254; x_wconf 78' lang='lat' dir='ltr'><strong>oarr</strong></span> <span class='ocrx_word' id='word_1_2' title='bbox 505 220 607 257; x_wconf 78' lang='lat' dir='ltr'><strong>ausura.</strong></span> <span class='ocrx_word' id='word_1_3' title='bbox 627 202 676 256; x_wconf 91' lang='lat' dir='ltr'><strong>IV.</strong></span> <span class='ocrx_word' id='word_1_4' title='bbox 695 206 805 257; x_wconf 76' lang='lat'><strong>35-37.</strong></span> <span class='ocrx_word' id='word_1_5' title='bbox 1034 204 1096 271; x_wconf 78' lang='grc'><strong>357</strong></span> 
     </span>
    </p>
   </div>
   <div class='ocr_carea' id='block_1_2' title="bbox 63 376 1175 1954">
    <p class='ocr_par' dir='ltr' id='par_1_2' title="bbox 63 376 1175 1954">
     <span class='ocr_line' id='line_1_2' title="bbox 133 376 1095 439; baseline 0 -18"><span class='ocrx_word' id='word_1_6' title='bbox 133 376 192 427; x_wconf 80' lang='lat' dir='ltr'><strong>ovo</strong></span> <span class='ocrx_word' id='word_1_7' title='bbox 216 376 353 431; x_wconf 75' lang='lat' dir='ltr'><strong>nexuve,</strong></span> <span class='ocrx_word' id='word_1_8' title='bbox 375 378 415 417; x_wconf 83' lang='lat' dir='ltr'><strong>nx</strong></span> <span class='ocrx_word' id='word_1_9' title='bbox 436 376 509 419; x_wconf 82' lang='lat' dir='ltr'><strong>runa</strong></span> <span class='ocrx_word' id='word_1_10' title='bbox 532 378 701 427; x_wconf 72' lang='lat' dir='ltr'><strong>evanuerunt</strong></span> <span class='ocrx_word' id='word_1_11' title='bbox 718 378 791 422; x_wconf 70' lang='lat' dir='ltr'><strong>eres</strong></span> <span class='ocrx_word' id='word_1_12' title='bbox 806 377 884 421; x_wconf 80' lang='lat' dir='ltr'><strong>neon</strong></span> <span class='ocrx_word' id='word_1_13' title='bbox 899 379 1095 439; x_wconf 73' lang='lat' dir='ltr'><strong>cederentur,</strong></span> 
     </span>
     <span class='ocr_line' id='line_1_3' title="bbox 133 442 1098 521; baseline 0.005 -20"><span class='ocrx_word' id='word_1_14' title='bbox 133 446 166 502; x_wconf 79' lang='lat' dir='ltr'><strong>’sa&#39;</strong></span> <span class='ocrx_word' id='word_1_15' title='bbox 186 445 267 502; x_wconf 88' lang='lat' dir='ltr'><strong>&#39;uero</strong></span> <span class='ocrx_word' id='word_1_16' title='bbox 289 444 323 500; x_wconf 85' lang='lat' dir='ltr'><strong>de</strong></span> <span class='ocrx_word' id='word_1_17' title='bbox 344 444 436 501; x_wconf 82' lang='lat' dir='ltr'><strong>debito</strong></span> <span class='ocrx_word' id='word_1_18' title='bbox 459 442 600 519; x_wconf 65' lang='grc' dir='ltr'><strong>αραιιιν,1</strong></span> <span class='ocrx_word' id='word_1_19' title='bbox 623 449 776 521; x_wconf 85' lang='lat' dir='ltr'><strong>praeposite</strong></span> <span class='ocrx_word' id='word_1_20' title='bbox 802 447 882 503; x_wconf 81' lang='lat' dir='ltr'><strong>simili</strong></span> <span class='ocrx_word' id='word_1_21' title='bbox 905 448 1029 521; x_wconf 75' lang='lat' dir='ltr'><strong>fictione</strong></span> <span class='ocrx_word' id='word_1_22' title='bbox 1055 452 1098 506; x_wconf 86' lang='lat' dir='ltr'><strong>ia·</strong></span> 
     </span>
     <span class='ocr_line' id='line_1_4' title="bbox 133 523 1099 593; baseline 0.006 -6"><span class='ocrx_word' id='word_1_23' title='bbox 133 523 235 587; x_wconf 84' lang='lat' dir='ltr'><strong>tentia²</strong></span> <span class='ocrx_word' id='word_1_24' title='bbox 250 531 287 585; x_wconf 87' lang='lat' dir='ltr'><strong>ita</strong></span> <span class='ocrx_word' id='word_1_25' title='bbox 302 529 449 585; x_wconf 78' lang='lat' dir='ltr'><strong>subicitur:</strong></span> <span class='ocrx_word' id='word_1_26' title='bbox 466 548 529 587; x_wconf 84' lang='lat' dir='ltr'><strong>avua</strong></span> <span class='ocrx_word' id='word_1_27' title='bbox 542 546 571 587; x_wconf 86' lang='lat' dir='ltr'><strong>er</strong></span> <span class='ocrx_word' id='word_1_28' title='bbox 588 526 749 589; x_wconf 68' lang='lat' dir='ltr'><strong>enneacrl</strong></span> <span class='ocrx_word' id='word_1_29' title='bbox 763 550 928 593; x_wconf 76' lang='lat' dir='ltr'><strong>uuunmvu</strong></span> <span class='ocrx_word' id='word_1_30' title='bbox 939 550 1099 593; x_wconf 80' lang='lat' dir='ltr'><strong>urernrvsa</strong></span> 
     </span>
     <span class='ocr_line' id='line_1_5' title="bbox 133 607 1098 693; baseline 0.004 -20"><span class='ocrx_word' id='word_1_31' title='bbox 133 630 212 673; x_wconf 78' lang='lat' dir='ltr'><strong>suno</strong></span> <span class='ocrx_word' id='word_1_32' title='bbox 242 607 386 693; x_wconf 74' lang='lat' dir='ltr'><strong>(aarum)</strong></span> <span class='ocrx_word' id='word_1_33' title='bbox 414 630 611 673; x_wconf 79' lang='lat' dir='ltr'><strong>snerenrrvu</strong></span> <span class='ocrx_word' id='word_1_34' title='bbox 639 634 659 671; x_wconf 88' lang='lat' dir='ltr'>x</span> <span class='ocrx_word' id='word_1_35' title='bbox 687 633 778 674; x_wconf 75' lang='lat' dir='ltr'><strong>muru</strong></span> <span class='ocrx_word' id='word_1_36' title='bbox 803 633 890 674; x_wconf 76' lang='lat' dir='ltr'><strong>naun</strong></span> <span class='ocrx_word' id='word_1_37' title='bbox 920 634 1098 677; x_wconf 80' lang='lat' dir='ltr'><strong>onoernnn.</strong></span> 
     </span>
     <span class='ocr_line' id='line_1_6' title="bbox 132 696 1099 780; baseline 0.003 -23"><span class='ocrx_word' id='word_1_38' title='bbox 132 696 177 757; x_wconf 79' lang='lat'><strong>35.</strong></span> <span class='ocrx_word' id='word_1_39' title='bbox 201 699 332 755; x_wconf 81' lang='lat' dir='ltr'><strong>Similiter</strong></span> <span class='ocrx_word' id='word_1_40' title='bbox 357 709 384 755; x_wconf 89' lang='lat' dir='ltr'><strong>ct</strong></span> <span class='ocrx_word' id='word_1_41' title='bbox 411 697 545 757; x_wconf 88' lang='lat' dir='ltr'><strong>honorum</strong></span> <span class='ocrx_word' id='word_1_42' title='bbox 568 708 676 775; x_wconf 83' lang='lat' dir='ltr'><strong>emptor</strong></span> <span class='ocrx_word' id='word_1_43' title='bbox 699 700 764 759; x_wconf 86' lang='lat' dir='ltr'><strong>licto</strong></span> <span class='ocrx_word' id='word_1_44' title='bbox 786 719 816 758; x_wconf 85' lang='lat' dir='ltr'><strong>se</strong></span> <span class='ocrx_word' id='word_1_45' title='bbox 838 702 938 759; x_wconf 80' lang='lat' dir='ltr'>herede</span> <span class='ocrx_word' id='word_1_46' title='bbox 960 705 1033 780; x_wconf 78' lang='lat' dir='ltr'><strong>egit3</strong></span> <span class='ocrx_word' id='word_1_47' title='bbox 1055 712 1099 760; x_wconf 85' lang='lat' dir='ltr'><strong>eet</strong></span> 
     </span>
     <span class='ocr_line' id='line_1_7' title="bbox 132 780 1175 863; baseline 0.003 -22"><span class='ocrx_word' id='word_1_48' title='bbox 132 783 266 841; x_wconf 89' lang='lat' dir='ltr'><strong>interdum</strong></span> <span class='ocrx_word' id='word_1_49' title='bbox 289 794 317 841; x_wconf 89' lang='lat' dir='ltr'><strong>et</strong></span> <span class='ocrx_word' id='word_1_50' title='bbox 340 784 392 839; x_wconf 86' lang='lat' dir='ltr'><strong>alio</strong></span> <span class='ocrx_word' id='word_1_51' title='bbox 415 784 495 839; x_wconf 90' lang='lat' dir='ltr'><strong>modo</strong></span> <span class='ocrx_word' id='word_1_52' title='bbox 508 794 601 859; x_wconf 67' lang='lat' dir='ltr'><strong>&#39;agere</strong></span> <span class='ocrx_word' id='word_1_53' title='bbox 621 785 708 842; x_wconf 89' lang='lat' dir='ltr'><strong>solet:</strong></span> <span class='ocrx_word' id='word_1_54' title='bbox 725 780 731 863; x_wconf 83' lang='grc' dir='ltr'>Ι</span> <span class='ocrx_word' id='word_1_55' title='bbox 747 802 810 843; x_wconf 89' lang='lat' dir='ltr'><strong>nam</strong></span> <span class='ocrx_word' id='word_1_56' title='bbox 832 804 865 843; x_wconf 83' lang='lat' dir='ltr'><strong>eu</strong></span> <span class='ocrx_word' id='word_1_57' title='bbox 887 804 1005 861; x_wconf 86' lang='lat' dir='ltr'><strong>persona</strong></span> <span class='ocrx_word' id='word_1_58' title='bbox 1027 789 1098 860; x_wconf 90' lang='lat' dir='ltr'><strong>cius,</strong></span> <span class='ocrx_word' id='word_1_59' title='bbox 1116 795 1175 845; x_wconf 79' lang='lat' dir='ltr'><strong>tol.</strong></span> 
     </span>
     <span class='ocr_line' id='line_1_8' title="bbox 132 866 1099 944; baseline 0.004 -19"><span class='ocrx_word' id='word_1_60' title='bbox 132 869 208 925; x_wconf 86' lang='lat' dir='ltr'><strong>cuius</strong></span> <span class='ocrx_word' id='word_1_61' title='bbox 230 866 300 924; x_wconf 85' lang='lat' dir='ltr'><strong>bona</strong></span> <span class='ocrx_word' id='word_1_62' title='bbox 324 869 434 939; x_wconf 81' lang='lat' dir='ltr'><strong>emerit,</strong></span> <span class='ocrx_word' id='word_1_63' title='bbox 459 877 565 944; x_wconf 83' lang='lat' dir='ltr'><strong>sumpta</strong></span> <span class='ocrx_word' id='word_1_64' title='bbox 586 871 754 942; x_wconf 89' lang='lat' dir='ltr'><strong>intentione,</strong></span> <span class='ocrx_word' id='word_1_65' title='bbox 775 872 915 928; x_wconf 89' lang='lat' dir='ltr'><strong>conuertit</strong></span> <span class='ocrx_word' id='word_1_66' title='bbox 937 872 1099 929; x_wconf 88' lang='lat' dir='ltr'><strong>condemna·</strong></span> 
     </span>
     <span class='ocr_line' id='line_1_9' title="bbox 133 953 1099 1030; baseline 0.004 -21"><span class='ocrx_word' id='word_1_67' title='bbox 133 955 233 1009; x_wconf 91' lang='lat' dir='ltr'><strong>tionem</strong></span> <span class='ocrx_word' id='word_1_68' title='bbox 255 953 283 1009; x_wconf 90' lang='lat' dir='ltr'><strong>in</strong></span> <span class='ocrx_word' id='word_1_69' title='bbox 306 969 382 1009; x_wconf 88' lang='lat' dir='ltr'><strong>suam</strong></span> <span class='ocrx_word' id='word_1_70' title='bbox 397 970 553 1027; x_wconf 80' lang='lat' dir='ltr'><strong>personam,</strong></span> <span class='ocrx_word' id='word_1_71' title='bbox 569 954 596 1009; x_wconf 94' lang='lat' dir='ltr'><strong>id</strong></span> <span class='ocrx_word' id='word_1_72' title='bbox 612 963 665 1026; x_wconf 86' lang='lat' dir='ltr'><strong>est,</strong></span> <span class='ocrx_word' id='word_1_73' title='bbox 686 963 717 1012; x_wconf 93' lang='lat' dir='ltr'><strong>ut</strong></span> <span class='ocrx_word' id='word_1_74' title='bbox 732 955 807 1030; x_wconf 89' lang='lat' dir='ltr'><strong>quod</strong></span> <span class='ocrx_word' id='word_1_75' title='bbox 822 955 894 1011; x_wconf 86' lang='lat' dir='ltr'><strong>illius</strong></span> <span class='ocrx_word' id='word_1_76' title='bbox 910 965 985 1013; x_wconf 88' lang='lat' dir='ltr'><strong>esset</strong></span> <span class='ocrx_word' id='word_1_77' title='bbox 1000 956 1044 1012; x_wconf 91' lang='lat' dir='ltr'><strong>uel</strong></span> <span class='ocrx_word' id='word_1_78' title='bbox 1059 957 1099 1013; x_wconf 91' lang='lat' dir='ltr'><strong>illi</strong></span> 
     </span>
     <span class='ocr_line' id='line_1_10' title="bbox 133 1037 1098 1110; baseline 0.004 -17"><span class='ocrx_word' id='word_1_79' title='bbox 133 1037 193 1108; x_wconf 69' lang='lat' dir='ltr'><strong>dari</strong></span> <span class='ocrx_word' id='word_1_80' title='bbox 212 1045 369 1110; x_wconf 80' lang='lat' dir='ltr'><strong>oporteret,</strong></span> <span class='ocrx_word' id='word_1_81' title='bbox 395 1054 428 1092; x_wconf 91' lang='lat' dir='ltr'><strong>eo</strong></span> <span class='ocrx_word' id='word_1_82' title='bbox 457 1040 566 1095; x_wconf 86' lang='lat' dir='ltr'><strong>nomine</strong></span> <span class='ocrx_word' id='word_1_83' title='bbox 594 1038 767 1096; x_wconf 83' lang='lat' dir='ltr'><strong>aduersarius</strong></span> <span class='ocrx_word' id='word_1_84' title='bbox 795 1040 858 1096; x_wconf 91' lang='lat' dir='ltr'><strong>huic</strong></span> <span class='ocrx_word' id='word_1_85' title='bbox 885 1040 1098 1097; x_wconf 77' lang='lat' dir='ltr'><strong>condemnetur:</strong></span> 
     </span>
     <span class='ocr_line' id='line_1_11' title="bbox 63 1122 1099 1199; baseline 0.003 -21"><span class='ocrx_word' id='word_1_86' title='bbox 63 1125 117 1178; x_wconf 70' lang='lat' dir='ltr'><strong>reae}</strong></span> <span class='ocrx_word' id='word_1_87' title='bbox 133 1138 200 1195; x_wconf 87' lang='lat' dir='ltr'><strong>quae</strong></span> <span class='ocrx_word' id='word_1_88' title='bbox 228 1125 337 1196; x_wconf 85' lang='lat' dir='ltr'><strong>speeies</strong></span> <span class='ocrx_word' id='word_1_89' title='bbox 365 1123 480 1179; x_wconf 85' lang='lat' dir='ltr'><strong>actionis</strong></span> <span class='ocrx_word' id='word_1_90' title='bbox 500 1122 656 1196; x_wconf 80' lang='lat' dir='ltr'><strong>appellatur</strong></span> <span class='ocrx_word' id='word_1_91' title='bbox 677 1124 826 1195; x_wconf 80' lang='lat' dir='ltr'><strong>Rutiliana,</strong></span> <span class='ocrx_word' id='word_1_92' title='bbox 851 1126 914 1198; x_wconf 83' lang='lat' dir='ltr'><strong>quia</strong></span> <span class='ocrx_word' id='word_1_93' title='bbox 936 1142 951 1180; x_wconf 84' lang='lat' dir='ltr'><strong>a</strong></span> <span class='ocrx_word' id='word_1_94' title='bbox 972 1133 1099 1199; x_wconf 87' lang='lat' dir='ltr'><strong>praetore</strong></span> 
     </span>
     <span class='ocr_line' id='line_1_12' title="bbox 132 1206 1099 1280; baseline 0.004 -19"><span class='ocrx_word' id='word_1_95' title='bbox 132 1206 227 1262; x_wconf 86' lang='lat' dir='ltr'><strong>Publio</strong></span> <span class='ocrx_word' id='word_1_96' title='bbox 242 1206 354 1278; x_wconf 88' lang='lat' dir='ltr'><strong>Rutilio,</strong></span> <span class='ocrx_word' id='word_1_97' title='bbox 373 1208 419 1280; x_wconf 91' lang='lat' dir='ltr'><strong>qui</strong></span> <span class='ocrx_word' id='word_1_98' title='bbox 436 1216 463 1263; x_wconf 88' lang='lat' dir='ltr'><strong>et</strong></span> <span class='ocrx_word' id='word_1_99' title='bbox 478 1208 613 1264; x_wconf 90' lang='lat' dir='ltr'><strong>bonorum</strong></span> <span class='ocrx_word' id='word_1_100' title='bbox 629 1208 813 1265; x_wconf 88' lang='lat' dir='ltr'><strong>uenditionem</strong></span> <span class='ocrx_word' id='word_1_101' title='bbox 834 1209 1018 1267; x_wconf 80' lang='lat' dir='ltr'><strong>introduxisse</strong></span> <span class='ocrx_word' id='word_1_102' title='bbox 1033 1209 1099 1266; x_wconf 89' lang='lat' dir='ltr'><strong>dici·</strong></span> 
     </span>
     <span class='ocr_line' id='line_1_13' title="bbox 133 1293 1098 1368; baseline 0.004 -22"><span class='ocrx_word' id='word_1_103' title='bbox 133 1301 185 1360; x_wconf 89' lang='lat' dir='ltr'><strong>tur,</strong></span> <span class='ocrx_word' id='word_1_104' title='bbox 202 1300 346 1364; x_wconf 86' lang='lat' dir='ltr'><strong>conparata</strong></span> <span class='ocrx_word' id='word_1_105' title='bbox 361 1300 413 1349; x_wconf 90' lang='lat' dir='ltr'><strong>est.</strong></span> <span class='ocrx_word' id='word_1_106' title='bbox 449 1294 577 1366; x_wconf 85' lang='lat' dir='ltr'><strong>superior</strong></span> <span class='ocrx_word' id='word_1_107' title='bbox 591 1301 682 1348; x_wconf 84' lang='lat' dir='ltr'><strong>autem</strong></span> <span class='ocrx_word' id='word_1_108' title='bbox 701 1296 807 1368; x_wconf 87' lang='lat' dir='ltr'><strong>specics</strong></span> <span class='ocrx_word' id='word_1_109' title='bbox 822 1295 948 1364; x_wconf 90' lang='lat' dir='ltr'><strong>actionis,</strong></span> <span class='ocrx_word' id='word_1_110' title='bbox 964 1311 1018 1368; x_wconf 85' lang='lat' dir='ltr'><strong>qua</strong></span> <span class='ocrx_word' id='word_1_111' title='bbox 1034 1293 1098 1351; x_wconf 87' lang='lat' dir='ltr'><strong>ficto</strong></span> 
     </span>
     <span class='ocr_line' id='line_1_14' title="bbox 131 1374 1099 1453; baseline 0.006 -23"><span class='ocrx_word' id='word_1_112' title='bbox 131 1391 161 1431; x_wconf 90' lang='lat' dir='ltr'><strong>se</strong></span> <span class='ocrx_word' id='word_1_113' title='bbox 176 1374 277 1431; x_wconf 88' lang='lat' dir='ltr'><strong>herede</strong></span> <span class='ocrx_word' id='word_1_114' title='bbox 287 1374 421 1432; x_wconf 88' lang='lat' dir='ltr'><strong>bonorum</strong></span> <span class='ocrx_word' id='word_1_115' title='bbox 435 1386 542 1450; x_wconf 86' lang='lat' dir='ltr'><strong>emptor</strong></span> <span class='ocrx_word' id='word_1_116' title='bbox 553 1379 624 1449; x_wconf 81' lang='lat' dir='ltr'><strong>agit,</strong></span> <span class='ocrx_word' id='word_1_117' title='bbox 639 1377 770 1434; x_wconf 84' lang='lat' dir='ltr'><strong>Seruiana</strong></span> <span class='ocrx_word' id='word_1_118' title='bbox 783 1386 907 1435; x_wconf 86' lang='lat' dir='ltr'><strong>uocetur.</strong></span> <span class='ocrx_word' id='word_1_119' title='bbox 938 1375 988 1436; x_wconf 77' lang='grc'><strong>36.</strong></span> <span class='ocrx_word' id='word_1_120' title='bbox 1003 1378 1099 1453; x_wconf 74' lang='lat' dir='ltr'><strong>l’ltem</strong></span> 
     </span>
     <span class='ocr_line' id='line_1_15' title="bbox 132 1455 1098 1541; baseline 0.001 -24"><span class='ocrx_word' id='word_1_121' title='bbox 132 1462 273 1531; x_wconf 76' lang='lat' dir='ltr'><strong>usucapio</strong></span> <span class='ocrx_word' id='word_1_122' title='bbox 286 1462 406 1533; x_wconf 74' lang='lat' dir='ltr'><strong>piapitur</strong></span> <span class='ocrx_word' id='word_1_123' title='bbox 421 1464 450 1517; x_wconf 82' lang='lat' dir='ltr'><strong>a&#39;a</strong></span> <span class='ocrx_word' id='word_1_124' title='bbox 467 1477 502 1517; x_wconf 88' lang='lat' dir='ltr'><strong>ea</strong></span> <span class='ocrx_word' id='word_1_125' title='bbox 515 1455 655 1534; x_wconf 62' lang='lat' dir='ltr'><strong>actioael,</strong></span> <span class='ocrx_word' id='word_1_126' title='bbox 671 1479 747 1536; x_wconf 83' lang='lat' dir='ltr'><strong>quae</strong></span> <span class='ocrx_word' id='word_1_127' title='bbox 759 1463 931 1520; x_wconf 80' lang='lat' dir='ltr'><strong>Publiciana</strong></span> <span class='ocrx_word' id='word_1_128' title='bbox 943 1457 1098 1541; x_wconf 86' lang='lat' dir='ltr'><strong>uocatur):</strong></span> 
     </span>
     <span class='ocr_line' id='line_1_16' title="bbox 130 1544 1099 1619; baseline 0.005 -20"><span class='ocrx_word' id='word_1_129' title='bbox 130 1544 212 1600; x_wconf 85' lang='lat' dir='ltr'><strong>datur</strong></span> <span class='ocrx_word' id='word_1_130' title='bbox 227 1553 315 1600; x_wconf 85' lang='lat' dir='ltr'><strong>autem</strong></span> <span class='ocrx_word' id='word_1_131' title='bbox 332 1544 398 1601; x_wconf 87' lang='lat' dir='ltr'><strong>haec</strong></span> <span class='ocrx_word' id='word_1_132' title='bbox 413 1547 483 1603; x_wconf 89' lang='lat' dir='ltr'><strong>actio</strong></span> <span class='ocrx_word' id='word_1_133' title='bbox 500 1547 534 1617; x_wconf 93' lang='lat' dir='ltr'><strong>ei,</strong></span> <span class='ocrx_word' id='word_1_134' title='bbox 551 1548 598 1619; x_wconf 90' lang='lat' dir='ltr'><strong>qui</strong></span> <span class='ocrx_word' id='word_1_135' title='bbox 611 1562 643 1601; x_wconf 84' lang='lat' dir='ltr'><strong>er</strong></span> <span class='ocrx_word' id='word_1_136' title='bbox 655 1548 727 1603; x_wconf 88' lang='lat' dir='ltr'><strong>iusta</strong></span> <span class='ocrx_word' id='word_1_137' title='bbox 741 1565 819 1604; x_wconf 85' lang='lat' dir='ltr'><strong>causa</strong></span> <span class='ocrx_word' id='word_1_138' title='bbox 833 1548 958 1604; x_wconf 86' lang='lat' dir='ltr'><strong>traditam</strong></span> <span class='ocrx_word' id='word_1_139' title='bbox 974 1548 1026 1605; x_wconf 90' lang='lat' dir='ltr'><strong>sibi</strong></span> <span class='ocrx_word' id='word_1_140' title='bbox 1041 1565 1099 1604; x_wconf 92' lang='lat' dir='ltr'><strong>rem</strong></span> 
     </span>
     <span class='ocr_line' id='line_1_17' title="bbox 130 1629 1099 1707; baseline 0.006 -24"><span class='ocrx_word' id='word_1_141' title='bbox 130 1629 249 1685; x_wconf 89' lang='lat' dir='ltr'><strong>nondum</strong></span> <span class='ocrx_word' id='word_1_142' title='bbox 258 1630 606 1703; x_wconf 84' lang='lat' dir='ltr'><strong>usuccpiteamqueamissu</strong></span> <span class='ocrx_word' id='word_1_143' title='bbox 614 1633 790 1704; x_wconf 87' lang='lat' dir='ltr'><strong>possessione</strong></span> <span class='ocrx_word' id='word_1_144' title='bbox 803 1634 886 1707; x_wconf 83' lang='lat' dir='ltr'><strong>petit3</strong></span> <span class='ocrx_word' id='word_1_145' title='bbox 900 1634 1030 1707; x_wconf 86' lang='lat' dir='ltr'><strong>nemqule</strong></span> <span class='ocrx_word' id='word_1_146' title='bbox 1042 1648 1099 1689; x_wconf 91' lang='lat' dir='ltr'><strong>nou</strong></span> 
     </span>
     <span class='ocr_line' id='line_1_18' title="bbox 129 1713 1100 1793; baseline 0.004 -25"><span class='ocrx_word' id='word_1_147' title='bbox 129 1723 222 1787; x_wconf 91' lang='lat' dir='ltr'><strong>potest</strong></span> <span class='ocrx_word' id='word_1_148' title='bbox 243 1732 300 1770; x_wconf 84' lang='lat' dir='ltr'><strong>earn</strong></span> <span class='ocrx_word' id='word_1_149' title='bbox 321 1730 353 1770; x_wconf 81' lang='lat' dir='ltr'><strong>ex</strong></span> <span class='ocrx_word' id='word_1_150' title='bbox 374 1714 433 1769; x_wconf 92' lang='lat' dir='ltr'><strong>iure</strong></span> <span class='ocrx_word' id='word_1_151' title='bbox 454 1713 598 1781; x_wconf 85' lang='lat' dir='ltr'><strong>Quiritium</strong></span> <span class='ocrx_word' id='word_1_152' title='bbox 620 1733 696 1772; x_wconf 87' lang='lat' dir='ltr'><strong>suam</strong></span> <span class='ocrx_word' id='word_1_153' title='bbox 721 1733 781 1773; x_wconf 87' lang='lat' dir='ltr'><strong>esse</strong></span> <span class='ocrx_word' id='word_1_154' title='bbox 804 1717 963 1790; x_wconf 86' lang='lat' dir='ltr'><strong>intendere,</strong></span> <span class='ocrx_word' id='word_1_155' title='bbox 985 1716 1100 1793; x_wconf 82' lang='lat' dir='ltr'><strong>fingitur</strong></span> 
     </span>
     <span class='ocr_line' id='line_1_19' title="bbox 130 1800 1099 1872; baseline 0.003 -18"><span class='ocrx_word' id='word_1_156' title='bbox 130 1815 188 1854; x_wconf 89' lang='lat' dir='ltr'><strong>rern</strong></span> <span class='ocrx_word' id='word_1_157' title='bbox 203 1800 371 1872; x_wconf 87' lang='lat' dir='ltr'><strong>usucepisse,</strong></span> <span class='ocrx_word' id='word_1_158' title='bbox 388 1800 467 1855; x_wconf 87' lang='lat' dir='ltr'><strong>etita</strong></span> <span class='ocrx_word' id='word_1_159' title='bbox 484 1803 563 1872; x_wconf 85' lang='lat' dir='ltr'><strong>quasi</strong></span> <span class='ocrx_word' id='word_1_160' title='bbox 582 1816 614 1855; x_wconf 81' lang='lat' dir='ltr'><strong>eu</strong></span> <span class='ocrx_word' id='word_1_161' title='bbox 634 1802 694 1856; x_wconf 91' lang='lat' dir='ltr'><strong>iure</strong></span> <span class='ocrx_word' id='word_1_162' title='bbox 710 1800 855 1869; x_wconf 84' lang='lat' dir='ltr'><strong>Quiritium</strong></span> <span class='ocrx_word' id='word_1_163' title='bbox 870 1801 996 1859; x_wconf 89' lang='lat' dir='ltr'><strong>dominus</strong></span> <span class='ocrx_word' id='word_1_164' title='bbox 1011 1803 1099 1860; x_wconf 85' lang='lat' dir='ltr'><strong>iectus</strong></span> 
     </span>
     <span class='ocr_line' id='line_1_20' title="bbox 129 1883 1100 1954; baseline 0.006 -16"><span class='ocrx_word' id='word_1_165' title='bbox 129 1894 212 1954; x_wconf 89' lang='lat' dir='ltr'><strong>esset,</strong></span> <span class='ocrx_word' id='word_1_166' title='bbox 228 1883 345 1941; x_wconf 89' lang='lat' dir='ltr'><strong>intendit</strong></span> <span class='ocrx_word' id='word_1_167' title='bbox 361 1886 439 1939; x_wconf 85' lang='lat' dir='ltr'><strong>uelut</strong></span> <span class='ocrx_word' id='word_1_168' title='bbox 454 1884 507 1940; x_wconf 91' lang='lat' dir='ltr'><strong>hoc</strong></span> <span class='ocrx_word' id='word_1_169' title='bbox 522 1884 618 1940; x_wconf 90' lang='lat' dir='ltr'><strong>modo:</strong></span> <span class='ocrx_word' id='word_1_170' title='bbox 639 1901 737 1943; x_wconf 81' lang='lat' dir='ltr'><strong>rvnnx</strong></span> <span class='ocrx_word' id='word_1_171' title='bbox 758 1902 849 1945; x_wconf 79' lang='lat' dir='ltr'><strong>nero.</strong></span> <span class='ocrx_word' id='word_1_172' title='bbox 888 1901 918 1943; x_wconf 81' lang='lat' dir='ltr'><strong>er</strong></span> <span class='ocrx_word' id='word_1_173' title='bbox 938 1903 1023 1951; x_wconf 80' lang='lat' dir='ltr'><strong>ovnur</strong></span> <span class='ocrx_word' id='word_1_174' title='bbox 1043 1903 1100 1944; x_wconf 80' lang='lat' dir='ltr'><strong>no·</strong></span> 
     </span>
    </p>
   </div>
   <div class='ocr_carea' id='block_1_3' title="bbox 128 1960 1100 2469">
    <p class='ocr_par' dir='ltr' id='par_1_3' title="bbox 128 1960 1100 2469">
     <span class='ocr_line' id='line_1_21' title="bbox 129 1960 1099 2045; baseline 0.002 -18"><span class='ocrx_word' id='word_1_175' title='bbox 129 1986 229 2027; x_wconf 80' lang='lat' dir='ltr'><strong>aruum</strong></span> <span class='ocrx_word' id='word_1_176' title='bbox 241 1982 341 2026; x_wconf 74' lang='lat' dir='ltr'><strong>nunus</strong></span> <span class='ocrx_word' id='word_1_177' title='bbox 354 1983 489 2027; x_wconf 73' lang='lat' dir='ltr'><strong>rennues</strong></span> <span class='ocrx_word' id='word_1_178' title='bbox 501 1985 578 2024; x_wconf 86' lang='lat' dir='ltr'><strong>nu1r</strong></span> <span class='ocrx_word' id='word_1_179' title='bbox 590 1960 658 2045; x_wconf 78' lang='lat' dir='ltr'><strong>(er)</strong></span> <span class='ocrx_word' id='word_1_180' title='bbox 670 1985 700 2025; x_wconf 87' lang='lat' dir='ltr'><strong>rs</strong></span> <span class='ocrx_word' id='word_1_181' title='bbox 712 1986 745 2026; x_wconf 81' lang='lat' dir='ltr'><strong>nr</strong></span> <span class='ocrx_word' id='word_1_182' title='bbox 758 1986 916 2028; x_wconf 69' lang='lat' dir='ltr'><strong>animave</strong></span> <span class='ocrx_word' id='word_1_183' title='bbox 928 1986 997 2037; x_wconf 80' lang='lat' dir='ltr'><strong>ner,</strong></span> <span class='ocrx_word' id='word_1_184' title='bbox 1016 1987 1099 2029; x_wconf 77' lang='lat' dir='ltr'><strong>aureo</strong></span> 
     </span>
     <span class='ocr_line' id='line_1_22' title="bbox 129 2057 1100 2126; baseline 0.002 -15"><span class='ocrx_word' id='word_1_185' title='bbox 129 2066 358 2122; x_wconf 76' lang='lat' dir='ltr'><strong>rossensem-ur,</strong></span> <span class='ocrx_word' id='word_1_186' title='bbox 383 2069 447 2110; x_wconf 85' lang='lat' dir='ltr'><strong>rvu</strong></span> <span class='ocrx_word' id='word_1_187' title='bbox 463 2069 493 2111; x_wconf 83' lang='lat' dir='ltr'><strong>su</strong></span> <span class='ocrx_word' id='word_1_188' title='bbox 508 2070 571 2112; x_wconf 85' lang='lat' dir='ltr'><strong>nvu</strong></span> <span class='ocrx_word' id='word_1_189' title='bbox 586 2069 742 2124; x_wconf 77' lang='lat' dir='ltr'><strong>recuruum,</strong></span> <span class='ocrx_word' id='word_1_190' title='bbox 757 2072 800 2111; x_wconf 82' lang='lat' dir='ltr'><strong>nn</strong></span> <span class='ocrx_word' id='word_1_191' title='bbox 816 2072 878 2120; x_wconf 82' lang='lat' dir='ltr'><strong>ovo</strong></span> <span class='ocrx_word' id='word_1_192' title='bbox 896 2072 1027 2126; x_wconf 71' lang='lat' dir='ltr'><strong>sorren,</strong></span> <span class='ocrx_word' id='word_1_193' title='bbox 1049 2057 1100 2113; x_wconf 78' lang='lat' dir='ltr'><strong>’nx</strong></span> 
     </span>
     <span class='ocr_line' id='line_1_23' title="bbox 129 2130 1099 2213; baseline 0.002 -18"><span class='ocrx_word' id='word_1_194' title='bbox 129 2155 203 2197; x_wconf 78' lang='lat' dir='ltr'><strong>aven</strong></span> <span class='ocrx_word' id='word_1_195' title='bbox 228 2153 396 2203; x_wconf 81' lang='lat' dir='ltr'><strong>ovrnuravu</strong></span> <span class='ocrx_word' id='word_1_196' title='bbox 418 2130 512 2197; x_wconf 72' lang='lat' dir='ltr'><strong>Elvs⁵</strong></span> <span class='ocrx_word' id='word_1_197' title='bbox 531 2153 609 2195; x_wconf 81' lang='lat' dir='ltr'><strong>nese</strong></span> <span class='ocrx_word' id='word_1_198' title='bbox 630 2154 819 2196; x_wconf 81' lang='lat' dir='ltr'><strong>oronannnr</strong></span> <span class='ocrx_word' id='word_1_199' title='bbox 843 2146 870 2195; x_wconf 89' lang='lat' dir='ltr'><strong>et</strong></span> <span class='ocrx_word' id='word_1_200' title='bbox 896 2140 1010 2213; x_wconf 83' lang='lat' dir='ltr'><strong>reliqua.</strong></span> <span class='ocrx_word' id='word_1_201' title='bbox 1052 2134 1099 2197; x_wconf 79' lang='grc'><strong>87.</strong></span> 
     </span>
     <span class='ocr_line' id='line_1_24' title="bbox 128 2220 1100 2299; baseline 0.001 -20"><span class='ocrx_word' id='word_1_202' title='bbox 128 2223 196 2279; x_wconf 88' lang='lat' dir='ltr'><strong>item</strong></span> <span class='ocrx_word' id='word_1_203' title='bbox 210 2222 306 2279; x_wconf 88' lang='lat' dir='ltr'><strong>ciuitas</strong></span> <span class='ocrx_word' id='word_1_204' title='bbox 322 2221 441 2278; x_wconf 86' lang='lat' dir='ltr'><strong>Romana</strong></span> <span class='ocrx_word' id='word_1_205' title='bbox 456 2224 603 2297; x_wconf 80' lang='lat' dir='ltr'><strong>peregrino</strong></span> <span class='ocrx_word' id='word_1_206' title='bbox 619 2220 743 2296; x_wconf 77' lang='lat' dir='ltr'><strong>lingitur,</strong></span> <span class='ocrx_word' id='word_1_207' title='bbox 760 2225 783 2278; x_wconf 91' lang='lat' dir='ltr'><strong>si</strong></span> <span class='ocrx_word' id='word_1_208' title='bbox 798 2239 832 2279; x_wconf 93' lang='lat' dir='ltr'><strong>eo</strong></span> <span class='ocrx_word' id='word_1_209' title='bbox 847 2226 957 2280; x_wconf 89' lang='lat' dir='ltr'><strong>nomine</strong></span> <span class='ocrx_word' id='word_1_210' title='bbox 972 2233 1036 2299; x_wconf 79' lang='lat' dir='ltr'><strong>agat</strong></span> <span class='ocrx_word' id='word_1_211' title='bbox 1052 2232 1100 2280; x_wconf 87' lang='lat' dir='ltr'><strong>aut</strong></span> 
     </span>
     <span class='ocr_line' id='line_1_25' title="bbox 128 2306 1098 2381; baseline 0.002 -18"><span class='ocrx_word' id='word_1_212' title='bbox 128 2323 192 2364; x_wconf 89' lang='lat' dir='ltr'><strong>cum</strong></span> <span class='ocrx_word' id='word_1_213' title='bbox 211 2323 244 2362; x_wconf 95' lang='lat' dir='ltr'><strong>eo</strong></span> <span class='ocrx_word' id='word_1_214' title='bbox 266 2314 379 2379; x_wconf 81' lang='lat' dir='ltr'><strong>agatur,</strong></span> <span class='ocrx_word' id='word_1_215' title='bbox 402 2323 456 2380; x_wconf 91' lang='lat' dir='ltr'><strong>quo</strong></span> <span class='ocrx_word' id='word_1_216' title='bbox 478 2309 586 2363; x_wconf 92' lang='lat' dir='ltr'><strong>nomine</strong></span> <span class='ocrx_word' id='word_1_217' title='bbox 607 2309 711 2363; x_wconf 88' lang='lat' dir='ltr'><strong>nostris</strong></span> <span class='ocrx_word' id='word_1_218' title='bbox 730 2306 838 2381; x_wconf 80' lang='lat' dir='ltr'><strong>legibus</strong></span> <span class='ocrx_word' id='word_1_219' title='bbox 859 2310 929 2365; x_wconf 89' lang='lat' dir='ltr'><strong>actio</strong></span> <span class='ocrx_word' id='word_1_220' title='bbox 949 2311 1098 2365; x_wconf 84' lang='lat' dir='ltr'><strong>constituta</strong></span> 
     </span>
     <span class='ocr_line' id='line_1_26' title="bbox 129 2389 1099 2469; baseline 0.002 -22"><span class='ocrx_word' id='word_1_221' title='bbox 129 2399 188 2462; x_wconf 90' lang='lat' dir='ltr'><strong>est,</strong></span> <span class='ocrx_word' id='word_1_222' title='bbox 211 2392 235 2446; x_wconf 85' lang='lat' dir='ltr'><strong>si</strong></span> <span class='ocrx_word' id='word_1_223' title='bbox 256 2389 339 2446; x_wconf 92' lang='lat' dir='ltr'><strong>modo</strong></span> <span class='ocrx_word' id='word_1_224' title='bbox 359 2390 461 2446; x_wconf 91' lang='lat' dir='ltr'><strong>iustum</strong></span> <span class='ocrx_word' id='word_1_225' title='bbox 477 2392 529 2463; x_wconf 89' lang='lat' dir='ltr'><strong>sit,</strong></span> <span class='ocrx_word' id='word_1_226' title='bbox 553 2408 610 2446; x_wconf 87' lang='lat' dir='ltr'><strong>eam</strong></span> <span class='ocrx_word' id='word_1_227' title='bbox 626 2393 761 2447; x_wconf 86' lang='lat' dir='ltr'><strong>actionem</strong></span> <span class='ocrx_word' id='word_1_228' title='bbox 778 2394 858 2448; x_wconf 89' lang='lat' dir='ltr'><strong>etiam</strong></span> <span class='ocrx_word' id='word_1_229' title='bbox 874 2395 910 2449; x_wconf 85' lang='lat' dir='ltr'><strong>ad</strong></span> <span class='ocrx_word' id='word_1_230' title='bbox 922 2395 1099 2469; x_wconf 75' lang='lat' dir='ltr'><strong>peregrinum</strong></span> 
     </span>
    </p>
   </div>
   <div class='ocr_carea' id='block_1_4' title="bbox 121 2530 1100 3095">
    <p class='ocr_par' dir='ltr' id='par_1_4' title="bbox 121 2530 1100 3095">
     <span class='ocr_line' id='line_1_27' title="bbox 204 2530 1099 2600; baseline 0.004 -18"><span class='ocrx_word' id='word_1_231' title='bbox 204 2530 224 2600; x_wconf 92' lang='lat'><strong>¹)</strong></span> <span class='ocrx_word' id='word_1_232' title='bbox 235 2534 261 2583; x_wconf 86' lang='lat' dir='ltr'><strong>in</strong></span> <span class='ocrx_word' id='word_1_233' title='bbox 268 2548 407 2597; x_wconf 83' lang='lat' dir='ltr'><strong>personam</strong></span> <span class='ocrx_word' id='word_1_234' title='bbox 417 2541 503 2598; x_wconf 65' lang='lat' dir='ltr'><strong>eantur</strong></span> <span class='ocrx_word' id='word_1_235' title='bbox 512 2533 570 2583; x_wconf 86' lang='lat' dir='ltr'><strong>edd.</strong></span> <span class='ocrx_word' id='word_1_236' title='bbox 581 2541 607 2583; x_wconf 88' lang='lat' dir='ltr'><strong>et</strong></span> <span class='ocrx_word' id='word_1_237' title='bbox 616 2549 672 2583; x_wconf 82' lang='lat' dir='ltr'><strong>mea</strong></span> <span class='ocrx_word' id='word_1_238' title='bbox 681 2536 773 2584; x_wconf 83' lang='lat' dir='ltr'><strong>altera.</strong></span> <span class='ocrx_word' id='word_1_239' title='bbox 792 2533 867 2595; x_wconf 87' lang='lat' dir='ltr'><strong>Quod</strong></span> <span class='ocrx_word' id='word_1_240' title='bbox 873 2535 951 2585; x_wconf 84' lang='lat' dir='ltr'><strong>nimie</strong></span> <span class='ocrx_word' id='word_1_241' title='bbox 959 2551 976 2585; x_wconf 84' lang='lat' dir='ltr'><strong><em>a</em></strong></span> <span class='ocrx_word' id='word_1_242' title='bbox 988 2537 1014 2586; x_wconf 83' lang='lat'><strong>0.</strong></span> <span class='ocrx_word' id='word_1_243' title='bbox 1025 2550 1099 2586; x_wconf 87' lang='lat' dir='ltr'><strong>rece·</strong></span> 
     </span>
     <span class='ocr_line' id='line_1_28' title="bbox 126 2601 1096 2670; baseline 0.002 -15"><span class='ocrx_word' id='word_1_244' title='bbox 126 2607 176 2665; x_wconf 83' lang='lat' dir='ltr'><strong>dit,</strong></span> <span class='ocrx_word' id='word_1_245' title='bbox 192 2606 219 2655; x_wconf 82' lang='lat' dir='ltr'><strong>ia</strong></span> <span class='ocrx_word' id='word_1_246' title='bbox 230 2620 278 2670; x_wconf 84' lang='lat' dir='ltr'><strong>quo</strong></span> <span class='ocrx_word' id='word_1_247' title='bbox 289 2620 358 2653; x_wconf 86' lang='lat' dir='ltr'><strong>nunc</strong></span> <span class='ocrx_word' id='word_1_248' title='bbox 367 2611 457 2667; x_wconf 82' lang='lat' dir='ltr'><strong>etpost</strong></span> <span class='ocrx_word' id='word_1_249' title='bbox 466 2606 595 2670; x_wconf 65' lang='lat' dir='ltr'><strong>aequitum</strong></span> <span class='ocrx_word' id='word_1_250' title='bbox 611 2601 658 2653; x_wconf 66' lang='lat' dir='ltr'><strong>V&#39;t</strong></span> <span class='ocrx_word' id='word_1_251' title='bbox 663 2606 748 2669; x_wconf 75' lang='lat' dir='ltr'><strong>fuisse</strong></span> <span class='ocrx_word' id='word_1_252' title='bbox 758 2613 839 2669; x_wconf 82' lang='lat' dir='ltr'><strong>puto:</strong></span> <span class='ocrx_word' id='word_1_253' title='bbox 852 2602 879 2655; x_wconf 83' lang='lat' dir='ltr'><strong>‘n</strong></span> <span class='ocrx_word' id='word_1_254' title='bbox 889 2607 919 2655; x_wconf 87' lang='lat' dir='ltr'><strong>dc</strong></span> <span class='ocrx_word' id='word_1_255' title='bbox 930 2608 1011 2657; x_wconf 87' lang='lat' dir='ltr'><strong>deuito</strong></span> <span class='ocrx_word' id='word_1_256' title='bbox 1022 2604 1096 2670; x_wconf 62' lang='lat' dir='ltr'><strong>eget?</strong></span> 
     </span>
     <span class='ocr_line' id='line_1_29' title="bbox 127 2672 1098 2741; baseline 0.003 -16"><span class='ocrx_word' id='word_1_257' title='bbox 127 2672 313 2741; x_wconf 77' lang='lat' dir='ltr'><strong>²)Heffterum</strong></span> <span class='ocrx_word' id='word_1_258' title='bbox 334 2682 451 2735; x_wconf 74' lang='lat' dir='ltr'><strong>secutus,</strong></span> <span class='ocrx_word' id='word_1_259' title='bbox 476 2677 587 2727; x_wconf 81' lang='lat' dir='ltr'><strong>restitui.</strong></span> <span class='ocrx_word' id='word_1_260' title='bbox 625 2676 658 2724; x_wconf 85' lang='lat' dir='ltr'><strong>In</strong></span> <span class='ocrx_word' id='word_1_261' title='bbox 683 2676 709 2728; x_wconf 82' lang='lat'><strong>0.</strong></span> <span class='ocrx_word' id='word_1_262' title='bbox 729 2684 796 2740; x_wconf 86' lang='lat' dir='ltr'><strong>puto</strong></span> <span class='ocrx_word' id='word_1_263' title='bbox 814 2676 900 2741; x_wconf 76' lang='lat' dir='ltr'><strong>fuisse</strong></span> <span class='ocrx_word' id='word_1_264' title='bbox 918 2679 965 2726; x_wconf 82' lang='lat' dir='ltr'><strong>itio</strong></span> <span class='ocrx_word' id='word_1_265' title='bbox 983 2681 1023 2728; x_wconf 85' lang='lat' dir='ltr'><strong>uel</strong></span> <span class='ocrx_word' id='word_1_266' title='bbox 1040 2685 1098 2728; x_wconf 78' lang='lat' dir='ltr'><strong>tter.</strong></span> 
     </span>
     <span class='ocr_line' id='line_1_30' title="bbox 129 2745 1100 2813; baseline 0 -14"><span class='ocrx_word' id='word_1_267' title='bbox 129 2749 170 2813; x_wconf 78' lang='lat' dir='ltr'><strong>Cf.</strong></span> <span class='ocrx_word' id='word_1_268' title='bbox 186 2750 209 2810; x_wconf 69' lang='grc' dir='ltr'><strong>ξ.</strong></span> <span class='ocrx_word' id='word_1_269' title='bbox 225 2758 272 2799; x_wconf 83' lang='lat' dir='ltr'><strong>let.</strong></span> <span class='ocrx_word' id='word_1_270' title='bbox 284 2748 330 2810; x_wconf 82' lang='lat' dir='ltr'><strong>fin.</strong></span> <span class='ocrx_word' id='word_1_271' title='bbox 346 2747 409 2813; x_wconf 79' lang='lat' dir='ltr'><strong>lepis</strong></span> <span class='ocrx_word' id='word_1_272' title='bbox 428 2747 530 2796; x_wconf 82' lang='lat' dir='ltr'><strong>actionis</strong></span> <span class='ocrx_word' id='word_1_273' title='bbox 544 2747 584 2796; x_wconf 87' lang='lat' dir='ltr'><strong>ed.</strong></span> <span class='ocrx_word' id='word_1_274' title='bbox 598 2745 648 2812; x_wconf 80' lang='lat' dir='ltr'><strong>Bp.</strong></span> <span class='ocrx_word' id='word_1_275' title='bbox 662 2757 684 2798; x_wconf 76' lang='lat' dir='ltr'><strong>n.</strong></span> <span class='ocrx_word' id='word_1_276' title='bbox 712 2746 766 2796; x_wconf 86' lang='lat' dir='ltr'><strong>Sed</strong></span> <span class='ocrx_word' id='word_1_277' title='bbox 783 2748 815 2796; x_wconf 86' lang='lat' dir='ltr'><strong>de</strong></span> <span class='ocrx_word' id='word_1_278' title='bbox 832 2748 882 2798; x_wconf 78' lang='lat' dir='ltr'><strong>dae</strong></span> <span class='ocrx_word' id='word_1_279' title='bbox 893 2750 1000 2811; x_wconf 81' lang='lat' dir='ltr'><strong>fictione</strong></span> <span class='ocrx_word' id='word_1_280' title='bbox 1017 2750 1100 2799; x_wconf 80' lang='lat' dir='ltr'><strong>Gaius</strong></span> 
     </span>
     <span class='ocr_line' id='line_1_31' title="bbox 126 2816 1099 2884; baseline 0.001 -15"><span class='ocrx_word' id='word_1_281' title='bbox 126 2820 172 2869; x_wconf 78' lang='lat' dir='ltr'><strong>dic</strong></span> <span class='ocrx_word' id='word_1_282' title='bbox 186 2820 289 2870; x_wconf 83' lang='lat' dir='ltr'><strong>omuino</strong></span> <span class='ocrx_word' id='word_1_283' title='bbox 304 2833 355 2868; x_wconf 85' lang='lat' dir='ltr'><strong>nou</strong></span> <span class='ocrx_word' id='word_1_284' title='bbox 370 2819 433 2883; x_wconf 75' lang='lat' dir='ltr'><strong>epit.</strong></span> <span class='ocrx_word' id='word_1_285' title='bbox 462 2818 567 2868; x_wconf 74' lang='lat' dir='ltr'><strong>heredis</strong></span> <span class='ocrx_word' id='word_1_286' title='bbox 581 2817 620 2867; x_wconf 88' lang='lat' dir='ltr'><strong>ed.</strong></span> <span class='ocrx_word' id='word_1_287' title='bbox 640 2816 715 2867; x_wconf 84' lang='lat' dir='ltr'><strong>Stud.</strong></span> <span class='ocrx_word' id='word_1_288' title='bbox 736 2818 872 2874; x_wconf 80' lang='lat' dir='ltr'><strong>Fortasse:</strong></span> <span class='ocrx_word' id='word_1_289' title='bbox 888 2817 1003 2884; x_wconf 85' lang='lat' dir='ltr'><strong>i(ntentio</strong></span> <span class='ocrx_word' id='word_1_290' title='bbox 1018 2822 1053 2884; x_wconf 84' lang='lat' dir='ltr'><strong>es.</strong></span> <span class='ocrx_word' id='word_1_291' title='bbox 1071 2821 1099 2870; x_wconf 84' lang='lat'><strong>0.</strong></span> 
     </span>
     <span class='ocr_line' id='line_1_32' title="bbox 121 2885 1097 2955; baseline -0.003 -13"><span class='ocrx_word' id='word_1_292' title='bbox 121 2906 153 2955; x_wconf 82' lang='lat' dir='ltr'><strong>p.</strong></span> <span class='ocrx_word' id='word_1_293' title='bbox 168 2902 217 2953; x_wconf 75' lang='lat'><strong>201,</strong></span> <span class='ocrx_word' id='word_1_294' title='bbox 232 2902 266 2940; x_wconf 80' lang='lat' dir='ltr'><strong>1e.</strong></span> <span class='ocrx_word' id='word_1_295' title='bbox 279 2894 291 2939; x_wconf 85' lang='lat'>1</span> <span class='ocrx_word' id='word_1_296' title='bbox 306 2911 340 2931; x_wconf 81' lang='lat'><strong>==</strong></span> <span class='ocrx_word' id='word_1_297' title='bbox 355 2888 467 2955; x_wconf 86' lang='lat' dir='ltr'><strong>intendit)</strong></span> <span class='ocrx_word' id='word_1_298' title='bbox 483 2890 532 2939; x_wconf 91' lang='lat' dir='ltr'><strong>illic</strong></span> <span class='ocrx_word' id='word_1_299' title='bbox 547 2890 582 2953; x_wconf 82' lang='lat' dir='ltr'><strong>ef.</strong></span> <span class='ocrx_word' id='word_1_300' title='bbox 592 2900 614 2951; x_wconf 83' lang='lat'><strong>4,</strong></span> <span class='ocrx_word' id='word_1_301' title='bbox 623 2900 658 2942; x_wconf 77' lang='lat' dir='ltr'><strong>to.</strong></span> <span class='ocrx_word' id='word_1_302' title='bbox 711 2885 733 2955; x_wconf 79' lang='lat'><strong>⁸)</strong></span> <span class='ocrx_word' id='word_1_303' title='bbox 748 2888 936 2940; x_wconf 61' lang='lat' dir='ltr'><strong>&amp;Sedeurlii</strong></span> <span class='ocrx_word' id='word_1_304' title='bbox 945 2893 978 2953; x_wconf 74' lang='lat' dir='ltr'><strong>ej.</strong></span> <span class='ocrx_word' id='word_1_305' title='bbox 989 2900 1058 2954; x_wconf 84' lang='lat' dir='ltr'><strong>peret</strong></span> <span class='ocrx_word' id='word_1_306' title='bbox 1071 2891 1097 2941; x_wconf 81' lang='lat'><strong>0.</strong></span> 
     </span>
     <span class='ocr_line' id='line_1_33' title="bbox 127 2958 1099 3027; baseline 0 -16"><span class='ocrx_word' id='word_1_307' title='bbox 127 2959 151 3027; x_wconf 87' lang='lat'><strong>⁴)</strong></span> <span class='ocrx_word' id='word_1_308' title='bbox 161 2960 207 3011; x_wconf 82' lang='lat' dir='ltr'><strong>Eae</strong></span> <span class='ocrx_word' id='word_1_309' title='bbox 217 2961 266 3010; x_wconf 86' lang='lat' dir='ltr'><strong>Kr.</strong></span> <span class='ocrx_word' id='word_1_310' title='bbox 277 2962 317 3010; x_wconf 88' lang='lat' dir='ltr'><strong>ed.</strong></span> <span class='ocrx_word' id='word_1_311' title='bbox 328 2972 340 3011; x_wconf 79' lang='lat' dir='ltr'><strong>u</strong></span> <span class='ocrx_word' id='word_1_312' title='bbox 353 2975 405 3023; x_wconf 84' lang='lat' dir='ltr'><strong>pro</strong></span> <span class='ocrx_word' id='word_1_313' title='bbox 418 2960 547 3011; x_wconf 82' lang='lat' dir='ltr'><strong>Gdsclreai</strong></span> <span class='ocrx_word' id='word_1_314' title='bbox 560 2964 644 3024; x_wconf 85' lang='lat' dir='ltr'><strong>suppl.</strong></span> <span class='ocrx_word' id='word_1_315' title='bbox 660 2958 786 3009; x_wconf 81' lang='lat' dir='ltr'><strong>‘Eiusdem</strong></span> <span class='ocrx_word' id='word_1_316' title='bbox 794 2961 901 3026; x_wconf 76' lang='lat' dir='ltr'><strong>perceris</strong></span> <span class='ocrx_word' id='word_1_317' title='bbox 910 2958 969 3011; x_wconf 83' lang='lat' dir='ltr'><strong>eat&#39;.</strong></span> <span class='ocrx_word' id='word_1_318' title='bbox 1021 2960 1042 3026; x_wconf 81' lang='lat'><strong>⁶)</strong></span> <span class='ocrx_word' id='word_1_319' title='bbox 1053 2962 1099 3011; x_wconf 73' lang='lat' dir='ltr'><strong>Bac</strong></span> 
     </span>
     <span class='ocr_line' id='line_1_34' title="bbox 125 3031 775 3095; baseline -0.002 -13"><span class='ocrx_word' id='word_1_320' title='bbox 125 3048 184 3082; x_wconf 86' lang='lat' dir='ltr'><strong>mea</strong></span> <span class='ocrx_word' id='word_1_321' title='bbox 199 3035 231 3095; x_wconf 73' lang='lat' dir='ltr'><strong>ej.</strong></span> <span class='ocrx_word' id='word_1_322' title='bbox 251 3031 359 3081; x_wconf 81' lang='lat' dir='ltr'><strong>Inversa</strong></span> <span class='ocrx_word' id='word_1_323' title='bbox 374 3032 467 3082; x_wconf 82' lang='lat' dir='ltr'><strong>ardiae</strong></span> <span class='ocrx_word' id='word_1_324' title='bbox 482 3033 534 3081; x_wconf 88' lang='lat' dir='ltr'><strong>eius</strong></span> <span class='ocrx_word' id='word_1_325' title='bbox 549 3046 577 3081; x_wconf 82' lang='lat' dir='ltr'><strong>ex</strong></span> <span class='ocrx_word' id='word_1_326' title='bbox 592 3033 607 3080; x_wconf 91' lang='lat' dir='ltr'><strong>i.</strong></span> <span class='ocrx_word' id='word_1_327' title='bbox 624 3032 652 3090; x_wconf 88' lang='lat' dir='ltr'><strong>Q.</strong></span> <span class='ocrx_word' id='word_1_328' title='bbox 674 3032 699 3081; x_wconf 85' lang='lat'><strong>0.</strong></span> <span class='ocrx_word' id='word_1_329' title='bbox 715 3032 775 3081; x_wconf 88' lang='lat' dir='ltr'><strong>edd.</strong></span> 
     </span>
    </p>
   </div>
   <div class='ocr_carea' id='block_1_5' title="bbox 120 3153 1097 3647">
    <p class='ocr_par' dir='ltr' id='par_1_5' title="bbox 120 3153 1097 3647">
     <span class='ocr_line' id='line_1_35' title="bbox 200 3153 1097 3226; baseline -0.002 -19"><span class='ocrx_word' id='word_1_330' title='bbox 200 3153 226 3226; x_wconf 65' lang='grc' dir='ltr'><strong>ξ.</strong></span> <span class='ocrx_word' id='word_1_331' title='bbox 242 3159 283 3208; x_wconf 81' lang='grc'><strong>35.</strong></span> <span class='ocrx_word' id='word_1_332' title='bbox 306 3156 344 3221; x_wconf 78' lang='lat' dir='ltr'><strong>Cf.</strong></span> <span class='ocrx_word' id='word_1_333' title='bbox 359 3167 380 3218; x_wconf 75' lang='lat'><strong>3,</strong></span> <span class='ocrx_word' id='word_1_334' title='bbox 394 3168 428 3208; x_wconf 83' lang='lat' dir='ltr'><strong>eo.</strong></span> <span class='ocrx_word' id='word_1_335' title='bbox 448 3156 480 3205; x_wconf 85' lang='lat' dir='ltr'><strong>L.</strong></span> <span class='ocrx_word' id='word_1_336' title='bbox 495 3168 517 3206; x_wconf 82' lang='lat'><strong>4.</strong></span> <span class='ocrx_word' id='word_1_337' title='bbox 536 3158 560 3218; x_wconf 62' lang='grc' dir='ltr'><strong>ξ.</strong></span> <span class='ocrx_word' id='word_1_338' title='bbox 575 3167 609 3206; x_wconf 76' lang='lat' dir='ltr'><strong>tt.</strong></span> <span class='ocrx_word' id='word_1_339' title='bbox 629 3156 663 3205; x_wconf 83' lang='lat'><strong>1).</strong></span> <span class='ocrx_word' id='word_1_340' title='bbox 678 3156 710 3205; x_wconf 86' lang='lat' dir='ltr'><strong>de</strong></span> <span class='ocrx_word' id='word_1_341' title='bbox 721 3157 808 3220; x_wconf 72' lang='lat' dir='ltr'><strong>fidele.</strong></span> <span class='ocrx_word' id='word_1_342' title='bbox 824 3156 912 3205; x_wconf 72' lang='lat' dir='ltr'><strong>iered.</strong></span> <span class='ocrx_word' id='word_1_343' title='bbox 928 3154 973 3221; x_wconf 82' lang='lat' dir='ltr'><strong>(to,</strong></span> <span class='ocrx_word' id='word_1_344' title='bbox 987 3154 1020 3221; x_wconf 79' lang='lat' dir='ltr'><strong>e).</strong></span> <span class='ocrx_word' id='word_1_345' title='bbox 1049 3156 1097 3205; x_wconf 82' lang='lat' dir='ltr'><strong>liu-</strong></span> 
     </span>
     <span class='ocr_line' id='line_1_36' title="bbox 124 3224 1097 3295; baseline -0.002 -16"><span class='ocrx_word' id='word_1_346' title='bbox 124 3228 210 3279; x_wconf 84' lang='lat' dir='ltr'><strong>tiliana</strong></span> <span class='ocrx_word' id='word_1_347' title='bbox 225 3224 286 3295; x_wconf 78' lang='lat' dir='ltr'><strong>tto]</strong></span> <span class='ocrx_word' id='word_1_348' title='bbox 301 3228 336 3292; x_wconf 78' lang='lat' dir='ltr'><strong>cf.</strong></span> <span class='ocrx_word' id='word_1_349' title='bbox 354 3224 414 3277; x_wconf 82' lang='lat' dir='ltr'><strong>‘das</strong></span> <span class='ocrx_word' id='word_1_350' title='bbox 429 3226 511 3278; x_wconf 82' lang='lat' dir='ltr'><strong>Reclt</strong></span> <span class='ocrx_word' id='word_1_351' title='bbox 525 3228 550 3275; x_wconf 92' lang='lat' dir='ltr'><strong>d.</strong></span> <span class='ocrx_word' id='word_1_352' title='bbox 563 3224 676 3277; x_wconf 74' lang='lat' dir='ltr'><strong>Neaum&#39;</strong></span> <span class='ocrx_word' id='word_1_353' title='bbox 688 3244 714 3292; x_wconf 80' lang='lat' dir='ltr'><strong>p·</strong></span> <span class='ocrx_word' id='word_1_354' title='bbox 729 3238 775 3280; x_wconf 73' lang='lat'>168.</span> <span class='ocrx_word' id='word_1_355' title='bbox 796 3227 921 3277; x_wconf 81' lang='lat' dir='ltr'><strong>Zeitcedr.</strong></span> <span class='ocrx_word' id='word_1_356' title='bbox 935 3228 957 3291; x_wconf 83' lang='lat' dir='ltr'><strong>f.</strong></span> <span class='ocrx_word' id='word_1_357' title='bbox 971 3227 1060 3277; x_wconf 81' lang='lat' dir='ltr'><strong>Ciuilr.</strong></span> <span class='ocrx_word' id='word_1_358' title='bbox 1072 3244 1097 3277; x_wconf 86' lang='lat' dir='ltr'><strong>u.</strong></span> 
     </span>
     <span class='ocr_line' id='line_1_37' title="bbox 126 3295 1097 3368; baseline -0.001 -19"><span class='ocrx_word' id='word_1_359' title='bbox 126 3300 208 3349; x_wconf 85' lang='lat' dir='ltr'><strong>Proe.</strong></span> <span class='ocrx_word' id='word_1_360' title='bbox 225 3298 257 3348; x_wconf 90' lang='lat' dir='ltr'><strong>N.</strong></span> <span class='ocrx_word' id='word_1_361' title='bbox 273 3298 302 3348; x_wconf 82' lang='lat' dir='ltr'><strong>F.</strong></span> <span class='ocrx_word' id='word_1_362' title='bbox 317 3297 396 3349; x_wconf 89' lang='lat' dir='ltr'><em>XIV.</em></span> <span class='ocrx_word' id='word_1_363' title='bbox 408 3312 458 3363; x_wconf 86' lang='lat' dir='ltr'><strong>p.1</strong></span> <span class='ocrx_word' id='word_1_364' title='bbox 472 3314 524 3363; x_wconf 79' lang='lat' dir='ltr'><strong>seq.</strong></span> <span class='ocrx_word' id='word_1_365' title='bbox 589 3295 615 3368; x_wconf 65' lang='grc' dir='ltr'><strong>ξ.</strong></span> <span class='ocrx_word' id='word_1_366' title='bbox 630 3302 673 3351; x_wconf 83' lang='grc'><strong>36.</strong></span> <span class='ocrx_word' id='word_1_367' title='bbox 690 3298 729 3362; x_wconf 80' lang='lat' dir='ltr'><strong>Os.</strong></span> <span class='ocrx_word' id='word_1_368' title='bbox 744 3301 784 3361; x_wconf 64' lang='grc' dir='ltr'><strong>ἓξ.</strong></span> <span class='ocrx_word' id='word_1_369' title='bbox 799 3310 820 3351; x_wconf 79' lang='lat' dir='ltr'><strong>t.</strong></span> <span class='ocrx_word' id='word_1_370' title='bbox 834 3310 856 3349; x_wconf 79' lang='lat' dir='ltr'><strong>t.</strong></span> <span class='ocrx_word' id='word_1_371' title='bbox 872 3297 894 3347; x_wconf 87' lang='grc' dir='ltr'><strong>Ι.</strong></span> <span class='ocrx_word' id='word_1_372' title='bbox 909 3299 941 3348; x_wconf 87' lang='lat' dir='ltr'><strong>de</strong></span> <span class='ocrx_word' id='word_1_373' title='bbox 955 3305 1005 3348; x_wconf 85' lang='lat' dir='ltr'><strong>act.</strong></span> <span class='ocrx_word' id='word_1_374' title='bbox 1021 3297 1054 3365; x_wconf 83' lang='lat'><strong>(4,</strong></span> <span class='ocrx_word' id='word_1_375' title='bbox 1063 3299 1097 3364; x_wconf 80' lang='lat' dir='ltr'><strong>e).</strong></span> 
     </span>
     <span class='ocr_line' id='line_1_38' title="bbox 124 3369 1096 3436; baseline -0.001 -16"><span class='ocrx_word' id='word_1_376' title='bbox 124 3370 160 3420; x_wconf 83' lang='lat' dir='ltr'><strong>L.</strong></span> <span class='ocrx_word' id='word_1_377' title='bbox 177 3383 197 3421; x_wconf 92' lang='lat'><strong>1.</strong></span> <span class='ocrx_word' id='word_1_378' title='bbox 207 3386 253 3434; x_wconf 85' lang='lat' dir='ltr'><strong>pr.</strong></span> <span class='ocrx_word' id='word_1_379' title='bbox 273 3371 306 3420; x_wconf 85' lang='lat' dir='ltr'><strong>I).</strong></span> <span class='ocrx_word' id='word_1_380' title='bbox 321 3371 353 3420; x_wconf 89' lang='lat' dir='ltr'><strong>de</strong></span> <span class='ocrx_word' id='word_1_381' title='bbox 368 3370 469 3421; x_wconf 82' lang='lat' dir='ltr'><strong>Public.</strong></span> <span class='ocrx_word' id='word_1_382' title='bbox 486 3372 513 3419; x_wconf 84' lang='lat' dir='ltr'><strong>a’n</strong></span> <span class='ocrx_word' id='word_1_383' title='bbox 527 3385 581 3419; x_wconf 82' lang='lat' dir='ltr'><strong>rem</strong></span> <span class='ocrx_word' id='word_1_384' title='bbox 596 3371 628 3434; x_wconf 80' lang='lat' dir='ltr'><strong>(o,</strong></span> <span class='ocrx_word' id='word_1_385' title='bbox 638 3370 669 3436; x_wconf 80' lang='lat'><strong>2).</strong></span> <span class='ocrx_word' id='word_1_386' title='bbox 690 3369 734 3420; x_wconf 82' lang='lat' dir='ltr'><strong>ubi</strong></span> <span class='ocrx_word' id='word_1_387' title='bbox 748 3371 897 3435; x_wconf 74' lang='lat' dir='ltr'><strong>dependunt:</strong></span> <span class='ocrx_word' id='word_1_388' title='bbox 914 3372 944 3420; x_wconf 81' lang='lat' dir='ltr'><strong>ai</strong></span> <span class='ocrx_word' id='word_1_389' title='bbox 961 3371 1033 3435; x_wconf 80' lang='lat' dir='ltr'><strong>quis</strong></span> <span class='ocrx_word' id='word_1_390' title='bbox 1051 3371 1096 3428; x_wconf 87' lang='lat' dir='ltr'><strong>id,</strong></span> 
     </span>
     <span class='ocr_line' id='line_1_39' title="bbox 126 3441 1096 3506; baseline 0 -16"><span class='ocrx_word' id='word_1_391' title='bbox 126 3442 212 3506; x_wconf 85' lang='lat' dir='ltr'><strong>quod</strong></span> <span class='ocrx_word' id='word_1_392' title='bbox 234 3442 390 3491; x_wconf 85' lang='lat' dir='ltr'><strong>traditum</strong></span> <span class='ocrx_word' id='word_1_393' title='bbox 478 3457 537 3492; x_wconf 85' lang='lat' dir='ltr'><strong>aon</strong></span> <span class='ocrx_word' id='word_1_394' title='bbox 557 3457 575 3490; x_wconf 90' lang='lat' dir='ltr'><strong>a</strong></span> <span class='ocrx_word' id='word_1_395' title='bbox 598 3441 723 3492; x_wconf 84' lang='lat' dir='ltr'><strong>domino</strong></span> <span class='ocrx_word' id='word_1_396' title='bbox 742 3448 800 3501; x_wconf 83' lang='lat' dir='ltr'><strong>est,</strong></span> <span class='ocrx_word' id='word_1_397' title='bbox 824 3442 958 3492; x_wconf 84' lang='lat' dir='ltr'><strong>nondum</strong></span> <span class='ocrx_word' id='word_1_398' title='bbox 981 3456 1096 3491; x_wconf 80' lang='lat' dir='ltr'><strong>usuca·</strong></span> 
     </span>
     <span class='ocr_line' id='line_1_40' title="bbox 120 3508 1095 3581; baseline -0.001 -19"><span class='ocrx_word' id='word_1_399' title='bbox 120 3520 212 3577; x_wconf 82' lang='lat' dir='ltr'><strong>ptum</strong></span> <span class='ocrx_word' id='word_1_400' title='bbox 222 3520 310 3576; x_wconf 88' lang='lat' dir='ltr'><strong>petet</strong></span> <span class='ocrx_word' id='word_1_401' title='bbox 324 3520 372 3563; x_wconf 88' lang='lat' dir='ltr'><strong>etc.</strong></span> <span class='ocrx_word' id='word_1_402' title='bbox 436 3508 462 3581; x_wconf 66' lang='grc' dir='ltr'><strong>ξ</strong></span> <span class='ocrx_word' id='word_1_403' title='bbox 477 3513 520 3564; x_wconf 84' lang='grc'><strong>37.</strong></span> <span class='ocrx_word' id='word_1_404' title='bbox 542 3512 581 3575; x_wconf 82' lang='lat' dir='ltr'><strong>Cf.</strong></span> <span class='ocrx_word' id='word_1_405' title='bbox 599 3512 652 3562; x_wconf 83' lang='lat' dir='ltr'><strong>Cic.</strong></span> <span class='ocrx_word' id='word_1_406' title='bbox 667 3514 699 3562; x_wconf 84' lang='lat' dir='ltr'><strong>de</strong></span> <span class='ocrx_word' id='word_1_407' title='bbox 714 3518 767 3561; x_wconf 88' lang='lat' dir='ltr'><strong>aot.</strong></span> <span class='ocrx_word' id='word_1_408' title='bbox 782 3513 854 3562; x_wconf 85' lang='lat' dir='ltr'><strong>deor.</strong></span> <span class='ocrx_word' id='word_1_409' title='bbox 870 3524 891 3575; x_wconf 76' lang='lat' dir='ltr'><strong>t,</strong></span> <span class='ocrx_word' id='word_1_410' title='bbox 905 3524 940 3572; x_wconf 81' lang='lat' dir='ltr'><strong>tto,</strong></span> <span class='ocrx_word' id='word_1_411' title='bbox 955 3524 989 3564; x_wconf 81' lang='lat' dir='ltr'><strong>tt.</strong></span> <span class='ocrx_word' id='word_1_412' title='bbox 1018 3511 1095 3562; x_wconf 85' lang='lat' dir='ltr'><strong>Verr.</strong></span> 
     </span>
     <span class='ocr_line' id='line_1_41' title="bbox 124 3582 861 3647; baseline -0.001 -14"><span class='ocrx_word' id='word_1_413' title='bbox 124 3582 166 3634; x_wconf 91' lang='lat' dir='ltr'><strong>II.</strong></span> <span class='ocrx_word' id='word_1_414' title='bbox 182 3594 203 3647; x_wconf 78' lang='lat' dir='ltr'><strong>e,</strong></span> <span class='ocrx_word' id='word_1_415' title='bbox 218 3596 251 3635; x_wconf 76' lang='lat'><strong>12.</strong></span> <span class='ocrx_word' id='word_1_416' title='bbox 272 3585 297 3646; x_wconf 68' lang='grc' dir='ltr'><strong>ἓ.</strong></span> <span class='ocrx_word' id='word_1_417' title='bbox 311 3595 336 3635; x_wconf 76' lang='lat'><strong>³1</strong></span> <span class='ocrx_word' id='word_1_418' title='bbox 349 3585 394 3647; x_wconf 83' lang='lat' dir='ltr'><strong>fia.</strong></span> <span class='ocrx_word' id='word_1_419' title='bbox 412 3610 443 3621; x_wconf 90' lang='lat'>-</span> <span class='ocrx_word' id='word_1_420' title='bbox 460 3583 556 3634; x_wconf 84' lang='lat' dir='ltr'><strong>Ascua.</strong></span> <span class='ocrx_word' id='word_1_421' title='bbox 568 3599 596 3646; x_wconf 92' lang='lat' dir='ltr'><strong>p.</strong></span> <span class='ocrx_word' id='word_1_422' title='bbox 611 3596 646 3635; x_wconf 83' lang='lat' dir='ltr'><strong>et.</strong></span> <span class='ocrx_word' id='word_1_423' title='bbox 667 3584 736 3633; x_wconf 82' lang='lat' dir='ltr'><strong>Plut.</strong></span> <span class='ocrx_word' id='word_1_424' title='bbox 754 3583 825 3633; x_wconf 82' lang='lat' dir='ltr'><strong>Caes.</strong></span> <span class='ocrx_word' id='word_1_425' title='bbox 840 3594 861 3634; x_wconf 76' lang='lat' dir='ltr'><strong>a.</strong></span> 
     </span>
    </p>
   </div>
   <div class='ocr_carea' id='block_1_6' title="bbox 0 0 1276 3909">
    <p class='ocr_par' dir='ltr' id='par_1_6' title="bbox 0 0 1276 3909">
     <span class='ocr_line' id='line_1_42' title="bbox 0 0 1276 3909; baseline 0 1"><span class='ocrx_word' id='word_1_426' title='bbox 0 0 1276 3909; x_wconf 95' lang='lat' dir='ltr'><strong> </strong></span> 
     </span>
    </p>
   </div>
  </div>
 </body>
</html>
