2542 3909
182 244 223 305 56
522 255 549 291 u.
569 254 679 290 uvnnars
697 254 797 289 cacano.

181 380 224 440 41.
246 381 293 437 sed
308 382 388 437 etiam
400 381 434 452 ei,
447 382 494 454 qui
504 396 582 437 sacro
593 380 826 450 commendatum
844 379 917 454 quod
929 387 957 435 et
968 393 1039 436 nuno
1051 380 1145 437 multis

181 464 212 521 fit
232 468 259 521 in
275 465 355 536 fanis,
374 460 422 537 (et)
439 464 588 520 Alexander
606 463 739 521 incilicia
760 464 919 538 deposuisse
935 463 1003 538 apud
1022 463 1146 521 Solensis

181 552 209 606 in
231 548 345 605 deluhro
366 546 505 623 pecuniam
528 547 626 603 dicitur
646 556 674 603 et
688 549 859 604 Atheniensis
880 548 1032 604 Clisthenes
1048 548 1146 605 lunoni

182 633 294 701 Samiae,
307 634 374 689 ciuis
389 634 526 707 egregius,
544 648 626 705 quom
641 631 723 688 rebus
740 634 848 689 timeret
864 633 929 696 suis,
946 631 1060 688 filiarum
1072 632 1145 689 dotis

182 716 338 774 credidisse.

244 800 298 855 lam
314 800 347 856 de
366 802 501 874 periuriis,
523 800 557 855 de
578 801 685 855 incesto
707 800 773 856 nihil
795 816 859 856 sane
880 800 931 856 hoc
952 801 1059 873 quidem
1081 799 1145 857 loco

183 884 375 957 disputandum
392 892 443 940 est.

245 968 326 1024 lionis
347 970 420 1041 impii
440 982 475 1023 ne
495 967 601 1041 placare
623 966 739 1023 audeaut
759 967 842 1038 deos,
865 966 1003 1023 Platonem
1024 968 1146 1039 audiant,

183 1054 228 1127 qui
244 1060 320 1109 uetat
335 1052 468 1123 dubitare,
486 1066 537 1125 qua
552 1052 589 1107 sit
603 1059 693 1107 mente
705 1051 813 1107 iuturus
824 1051 903 1124 deus,
919 1068 1002 1124 quom
1013 1053 1056 1107 uir
1065 1068 1145 1109 nemo

181 1136 268 1193 honus
284 1136 316 1191 ab
331 1134 447 1210 inprobo
463 1152 492 1191 se
507 1135 601 1191 donari
616 1135 691 1191 uelit.

245 1220 413 1293 Diligentiam
432 1226 560 1275 uotorum
582 1221 646 1275 satis
666 1221 695 1275 in
708 1219 770 1293 lege
785 1219 886 1276 dictum
902 1227 944 1275 est
958 1212 1009 1276 *a¹
1026 1236 1057 1276 ac
1071 1221 1146 1277 uotis
1182 1266 1185 1268 Α

182 1304 306 1379 sponsio,
329 1320 380 1377 qua
404 1301 554 1377 obligamur
576 1303 636 1359 deo.
667 1320 754 1379 poena
776 1318 843 1359 uero
865 1304 984 1359 uiolatae
1004 1304 1146 1377 religionis

181 1390 280 1445 iustam
300 1388 497 1443 recusationem
518 1402 573 1444 non
594 1388 684 1444 hahet.
722 1387 787 1461 quid
809 1402 862 1462 ego
887 1388 931 1445 hic
950 1387 1146 1445 sceleratorum

181 1480 243 1529 utar
265 1471 404 1545 exemplis,
426 1485 543 1545 quorum
565 1471 661 1547 plenae
682 1471 854 1545 tragoediae?
876 1485 945 1545 quae
967 1479 1029 1527 aute
1049 1472 1146 1529 oculos

181 1565 256 1627 sunt,
272 1557 406 1630 capotius
421 1555 564 1628 adtingam.
601 1558 652 1612 etsi
675 1556 741 1611 haec
761 1557 982 1612 commemoratio
997 1572 1097 1612 uereor
1111 1572 1147 1613 nc

182 1656 262 1713 supra
277 1640 393 1695 hominis
414 1640 549 1695 fortunam
567 1656 626 1697 esse
642 1639 776 1711 uideatur,
796 1646 896 1711 tamen,
912 1641 1039 1714 quoniam
1054 1656 1146 1697 sermo

183 1724 247 1780 mihi
263 1730 306 1779 est
320 1723 390 1797 apud
406 1740 468 1795 uos,
484 1724 551 1780 nihil
566 1722 686 1781 reticebo
702 1723 845 1798 nolamque
860 1724 927 1795 hoc,
948 1724 1022 1797 quod
1037 1723 1146 1797 loquar,

181 1808 232 1863 diis
247 1806 434 1863 inmortalibus
450 1815 557 1881 gratum
573 1810 665 1881 potius
679 1807 766 1863 uideri
782 1824 861 1881 quam
877 1823 970 1889 graue.
999 1807 1076 1863 xvii.
1097 1804 1165 1868 42..

182 1891 270 1947 omnia
287 1897 344 1946 tum
359 1892 524 1964 perditorum
540 1894 640 1948 ciuium
655 1890 757 1947 scelere
769 1892 891 1947 discessu
905 1908 966 1948 meo
981 1892 1147 1966 religionum

182 1976 240 2031 iura
261 1974 364 2048 polluta
386 1983 466 2048 sunt,
487 1974 576 2031 ueaaii
597 1977 685 2032 nostri
709 1974 790 2031 Lares
812 1975 970 2046 familiares,
997 1977 1025 2031 in
1050 1992 1147 2033 eorum

182 2057 291 2115 sedibus
307 2059 508 2116 exaedificatum
523 2059 654 2133 templum
669 2058 821 2131 Licentiae,
836 2059 931 2133 pulsus
946 2076 961 2115 a
977 2059 1096 2116 delubris
1109 2062 1145 2134 is,

181 2145 228 2218 qui
242 2143 289 2199 illa
304 2153 440 2200 seruarat:
457 2145 652 2217 circumspicite
667 2144 791 2199 celeriter
805 2145 904 2216 auimo,
920 2143 987 2200 nihil
1001 2145 1072 2199 enim
1083 2146 1147 2200 atti·

182 2235 228 2284 net
245 2244 407 2302 quemquam
422 2228 565 2299 nominari,
582 2229 628 2301 qui
643 2229 698 2283 sint
712 2242 803 2282 rerum
815 2229 902 2283 exitus
913 2228 1066 2284 consecuti:
1081 2244 1146 2303 nos,

181 2314 228 2386 qui
242 2310 316 2369 illam
331 2311 472 2368 custodem
487 2310 562 2366 urhis
578 2311 704 2367 omnihus
718 2313 820 2385 ereptis
831 2314 933 2367 nostris
950 2311 1031 2368 rebus
1042 2327 1072 2367 ae
1083 2328 1147 2385 per·

182 2397 246 2452 ditis
262 2396 358 2452 uiolari
373 2394 406 2452 ab
421 2396 510 2467 impiis
526 2396 598 2468 passi
613 2410 670 2450 non
685 2412 779 2451 sumus
790 2410 902 2469 eamque
916 2412 948 2451 ea
958 2404 1051 2451 nostra
1062 2394 1147 2454 domo

182 2484 208 2536 in
224 2481 308 2555 ipsius
326 2480 409 2553 patris
424 2478 533 2533 domum
550 2478 706 2552 detulimus,
722 2480 818 2535 iudicia
828 2489 950 2552 senatus,
965 2480 1065 2551 ltaliae,
1076 2496 1146 2554 geu-

181 2566 247 2620 tium
274 2564 389 2636 denique
417 2564 535 2619 omnium
556 2571 732 2619 conseruatae
753 2565 855 2637 patriae
875 2564 1013 2619 consecuti
1034 2578 1145 2635 sumus3

182 2664 237 2722 quo
259 2647 323 2722 quid
344 2646 465 2703 accidere
485 2648 575 2718 potuit
590 2646 693 2703 homini
707 2647 888 2722 praeclarius?
909 2664 1026 2721 quorum
1042 2648 1146 2705 scelere

181 2732 327 2805 religiones
355 2738 414 2785 tum
437 2737 590 2804 prostratae
613 2731 789 2805 adflictaeque
812 2739 892 2803 sunt,
915 2733 1013 2805 partim
1036 2748 1068 2788 ex
1090 2731 1145 2788 illis

181 2816 302 2872 distracti
317 2831 348 2870 ac
363 2813 483 2887 dissipati
499 2815 602 2888 iacent,
619 2818 665 2889 qui
680 2833 747 2872 uero
762 2832 795 2873 eu
809 2818 842 2872 iis
857 2816 996 2873 ethorum
1011 2815 1145 2872 scelerum

180 2900 316 2974 principes
339 2897 444 2954 fuerant
467 2906 495 2955 et
515 2908 625 2973 praeter
647 2908 752 2957 ceteros
774 2901 801 2956 in
825 2901 897 2956 omni
919 2899 1053 2973 religione
1066 2900 1145 2973 inpii,

181 2999 236 3039 non
259 2981 347 3037 solum
371 2983 426 3038 uita
447 2976 501 3040 *θ
523 2985 634 3039 cruciati
656 2992 738 3058 atque
760 2984 909 3056 dedecore,
936 3000 1033 3040 uerunt
1062 2986 1145 3041 etiam

181 3066 320 3141 sepultura
337 3074 364 3121 et
379 3067 458 3123 iustis
474 3069 648 3143 exequiarum
665 3076 819 3125 caruerunt.

243 3145 292 3207 48.
314 3150 345 3220 Q.
369 3149 497 3225 Equidem
517 3154 569 3207 ista
590 3167 721 3225 agnosco,
740 3152 833 3223 irater,
854 3159 881 3207 et
895 3153 1005 3207 meritas
1026 3152 1068 3208 dis
1083 3168 1146 3226 gra·

181 3237 232 3291 tias
248 3252 309 3309 ago,
327 3235 374 3291 sed
389 3237 467 3291 nimis
482 3252 562 3308 saepe
577 3252 656 3291 secus
671 3235 807 3308 aliquanto
822 3236 945 3291 uidemus
961 3235 1087 3296 euadere.

254 3364 273 3434 ¹)
288 3367 456 3417 Intercidieae
471 3366 503 3415 V.
514 3374 605 3429 putat:
624 3362 741 3416 ‘seruari
754 3374 889 3430 oporteree
906 3369 1064 3433 grauissimo
1078 3368 1146 3417 enim

180 3454 214 3488 ex
228 3438 343 3489 omnihus
353 3438 490 3502 promissis
504 3434 563 3495 eai’,
583 3437 689 3486 Malim:
708 3435 823 3487 ‘cervari
835 3446 971 3501 oportere,·
991 3438 1061 3502 quod
1077 3439 1146 3487 enim

179 3512 331 3575 promissum
346 3524 427 3573 aeque
440 3514 558 3557 sanctum
572 3504 620 3557 eat’
638 3509 729 3558 annoti
749 3510 847 3573 sponsio
861 3510 889 3557 in
896 3510 949 3571 fine
959 3510 1145 3574 interrogatio·

179 3583 220 3631 nis
234 3583 309 3647 signo
319 3580 415 3643 posito.
446 3575 466 3644 ⁹)
483 3574 664 3629 ‘excesserunt
678 3577 847 3629 conscientio'
863 3581 965 3643 supplet
974 3578 1005 3627 V.
