2542 3909
170 204 212 260 44
484 182 488 189 ’
508 211 535 246 u.
555 209 665 245 usumve
684 206 785 244 cresso.

170 339 204 396 ob
219 355 276 393 rem
291 338 335 394 lex
351 352 413 391 uera
428 344 509 408 atque
524 336 650 408 princeps
665 342 725 407 apta
741 334 773 389 ad
788 332 933 389 iubendum
948 332 1023 389 etad
1039 340 1134 389 uetan-

170 422 233 477 dum
249 423 318 477 ratio
334 428 376 476 est
391 427 463 475 recta
478 420 574 473 summi
589 418 670 474 louis.

233 505 262 561 V.
285 502 327 563 11.
349 504 381 571 Q.
399 500 554 573 Adsentior,
574 502 667 573 irater,
688 510 729 569 ut,
751 500 824 575 quod
845 509 1006 558 astructum
1021 516 1133 557 uerum·

170 605 234 663 que,
255 586 416 661 (ueternum
433 581 553 661 quoquc)
576 586 612 640 sit
632 602 720 657 neque
740 602 801 641 curn
817 585 927 658 litteris,
949 584 1048 658 quibus
1063 586 1133 643 scita

170 672 335 745 scribuntur,
353 679 399 727 aut
414 672 516 725 oriatur
530 677 576 724 aut
591 668 705 728 occidat.

233 753 274 809 M.
298 754 369 830 Ergo
394 763 423 809 ut
444 753 489 809 illa
511 753 600 808 diuina
616 768 692 808 meus
707 769 811 810 summa
825 753 869 810 lex
883 761 935 822 est,
958 754 1033 822 item,
1049 766 1134 826 quom

170 841 197 894 in
214 840 322 895 homine
337 847 379 895 ost
394 837 513 911 perlecta
528 831 580 894 ss¹
601 838 629 892 in
645 845 735 892 mente
750 838 894 909 sapientis3
915 852 983 910 quae
1005 844 1070 891 sunt
1084 853 1133 893 au·

170 931 224 978 tem
238 924 310 978 uarie
325 932 353 979 et
368 923 400 979 ad
416 931 523 996 tempus
538 922 688 993 descriptae
703 920 828 994 populis,
843 920 937 975 lauore
951 922 1037 993 magis
1053 935 1134 993 quam

170 1023 199 1063 re
219 1006 311 1081 legum
333 1022 431 1063 uomcn
454 1013 557 1061 teuent.
589 1019 695 1059 omnem
717 1007 787 1059 enim
807 1003 912 1077 legem,
934 1019 1003 1077 quae
1025 1003 1133 1075 quidem

170 1099 244 1147 recte
263 1091 306 1146 lex
326 1089 455 1163 appellari
475 1090 571 1161 possit,
594 1102 654 1143 esse
674 1086 833 1143 laudabilem
853 1085 1011 1160 quibusdam
1033 1086 1133 1143 talibus

170 1176 335 1246 argumentis
350 1174 456 1229 docent.
486 1180 593 1228 constat
613 1171 749 1244 prolecto,
771 1171 803 1226 ad
822 1171 936 1227 salutem
951 1172 1051 1227 ciuium
1065 1172 1132 1227 ciui-

169 1265 309 1329 satumque
325 1254 535 1311 incolumitatem
551 1256 688 1327 uitamque
703 1255 841 1310 hominum
854 1256 971 1328 quietam
986 1262 1014 1310 et
1028 1254 1132 1310 beatam

173 1343 296 1397 inuentas
312 1355 371 1395 esse
393 1337 479 1411 leges,
501 1354 613 1412 eosque,
634 1339 681 1410 qui
695 1340 811 1412 primum
826 1337 972 1394 eiusmodi
987 1339 1056 1394 scita
1071 1354 1132 1394 san·

170 1424 269 1496 serint,
279 1422 394 1498 'populis
409 1420 571 1493 ostendisse,
587 1438 617 1477 ea
632 1439 662 1477 se
677 1424 827 1495 scripturos
844 1430 925 1495 atque
940 1422 1053 1491 laturos,
1072 1424 1133 1495 qui·

168 1506 220 1563 bus
234 1508 273 1563 illi
288 1508 395 1562 adscitis
411 1506 599 1579 susceptisque
615 1506 729 1562 honeste
744 1505 876 1579 beateque
892 1508 1030 1574 uiuerent3
1050 1521 1134 1579 quae·

171 1608 223 1664 que
240 1593 278 1646 ita
300 1592 440 1664 conposita
462 1596 607 1663 sanctaque
628 1599 729 1661 essent,
750 1605 794 1645 eas
814 1589 890 1663 leges
905 1588 1032 1645 uidelicet
1045 1591 1133 1645 nomi·

170 1683 275 1735 narent.
302 1690 333 1729 er
352 1690 406 1747 quo
421 1672 544 1746 intellegi
559 1691 608 1746 par
622 1681 675 1747 est,
691 1689 749 1749 eos,
766 1675 812 1746 qui
827 1674 976 1747 perniciosa
992 1681 1018 1728 et
1032 1674 1133 1729 iniusta

170 1757 277 1831 populis
293 1758 364 1814 iussa
381 1757 582 1829 descripserint,
599 1773 681 1829 quom
693 1763 787 1813 contra
798 1756 912 1813 iecerint
926 1772 1005 1828 quam
1016 1756 1134 1829 polliciti

169 1841 342 1914 professique
357 1842 421 1911 siut,
438 1840 544 1913 quiduis
559 1843 651 1914 potius
666 1840 762 1897 tulisse
777 1856 856 1914 quam
871 1839 961 1914 leges:
982 1848 1014 1896 ut
1027 1843 1134 1914 perspi·

170 1926 249 1980 cuum
276 1940 335 1981 esse
355 1927 450 1998 possit,
472 1926 499 1980 in
520 1924 580 1998 ipso
600 1925 710 1980 nomine
730 1924 799 1997 legis
819 1924 1021 1997 interpretando
1043 1926 1133 1980 inesse

169 2010 225 2063 uim
247 2017 274 2063 ot
295 2010 453 2064 sententiam
474 2009 539 2063 iusti
558 2016 585 2064 et
604 2009 662 2063 ueri
683 2007 800 2081 legendi.
837 2024 937 2080 quaero
958 2009 1043 2081 igitur
1063 2016 1132 2077 ate,

170 2090 278 2161 Quinto,
301 2092 370 2147 sicut
390 2091 553 2148 illisolent:
590 2089 634 2151 12.
657 2107 711 2165 quo
733 2093 756 2147 si
777 2092 873 2147 ciuitas
894 2099 995 2162 careat,
1017 2091 1052 2147 ob
1072 2107 1133 2148 eam

168 2178 252 2250 ipsam
268 2192 382 2247 eausam,
400 2176 471 2249 quod
490 2192 522 2232 eo
537 2183 634 2248 careat,
650 2192 701 2249 pro
715 2174 801 2231 uihllo
815 2174 935 2231 habenda
950 2177 995 2247 sit,
1010 2175 1038 2231 ld
1053 2184 1133 2232 estne

168 2260 361 2317 numerandum
377 2261 404 2315 in
419 2260 514 2315 bonis?

234 2342 266 2409 Q.
288 2344 326 2398 Ac
348 2344 475 2398 maxumis
497 2341 615 2415 quidem.

232 2426 272 2482 M.
294 2424 368 2499 Lege
383 2434 472 2480 autem
487 2441 581 2483 careus
597 2428 692 2481 ciuitas
705 2433 782 2482 estne
797 2424 834 2482 ob
846 2419 895 2502 (id)
907 2428 996 2501 ipsum
1007 2424 1131 2483 habenda

168 2509 244 2565 nullo
261 2508 340 2564 locol

234 2592 268 2660 Q.
284 2592 338 2648 llici
354 2592 431 2647 aliter
445 2608 499 2647 uon
516 2600 616 2666 potest.

231 2675 271 2733 M.
288 2676 403 2733 Necesse
417 2684 459 2731 est
473 2678 558 2749 igitur
572 2677 661 2751 legem
676 2676 769 2734 haberi
782 2678 810 2734 iu
825 2676 907 2735 rebus
922 2679 1040 2752 optimis.

233 2761 265 2828 Q.
281 2759 396 2815 Prorsus
412 2760 558 2816 adsentior.

232 2839 276 2901 13.
297 2844 338 2900 M.
362 2842 448 2911 Ouidi
469 2845 542 2918 quod
557 2844 641 2901 muita
655 2846 816 2919 perniciose,
838 2846 921 2902 multa
935 2846 1064 2920 pestilera
1079 2848 1130 2904 scl-

168 2936 282 2983 scuntur
302 2928 329 2982 in
351 2928 469 3002 populis,
492 2943 560 3002 quae
582 2946 637 2985 non
660 2932 745 3002 magis
766 2929 834 3003 te'gis
861 2946 958 2987 nomen
980 2932 1130 3005 attingunt,

169 3027 249 3085 quam
264 3012 287 3067 si
302 3009 420 3067 latrones
436 3012 538 3085 aliquas
554 3028 684 3069 consessu
697 3029 747 3069 suo
763 3015 907 3070 sanxerint.
934 3030 993 3069 nam
1005 3016 1130 3088 sineque

169 3093 333 3152 medicorum
350 3104 493 3169 praecepta
514 3096 568 3153 dici
589 3112 653 3152 uere
668 3105 796 3170 possent,
817 3092 900 3171 qoae²
914 3099 992 3154 luscii
1007 3099 1130 3172 inperiti·
1179 3126 1188 3139 κ
1239 3137 1240 3166 ,

168 3195 221 3253 que
235 3196 287 3253 pro
301 3178 464 3236 salutaribus
480 3178 617 3235 mortifera
633 3183 864 3255 conscripserunt,
880 3198 969 3256 neque
983 3182 1011 3236 io
1025 3182 1130 3256 populo

169 3318 371 3327 ——-—--

241 3382 260 3449 ¹)
279 3386 348 3446 ratio,
368 3385 405 3433 lex
420 3390 469 3433 est:
490 3396 516 3431 ea
535 3396 592 3431 uero
608 3390 645 3432 est
659 3385 764 3448 perlecta
778 3385 919 3449 suppleat<
949 3382 971 3451 ¹)
985 3401 1039 3436 nam
1053 3402 1130 3452 nequo

167 3456 312 3505 medicorum
328 3459 455 3519 praecepta
469 3452 517 3501 dici
531 3466 587 3501 uere
601 3462 708 3517 possent,
722 3457 743 3505 si
752 3470 812 3520 quse
824 3454 881 3521 AB,
895 3457 954 3505 item
964 3464 1058 3507 mutato
1072 3473 1131 3522 pos·

167 3532 220 3574 scut
234 3526 261 3575 ln
276 3532 376 3589 possunt
390 3524 429 3572 ed.
450 3522 481 3572 V.
