2542 3909
156 223 219 280 108
424 228 536 266 currus
554 227 669 264 rnncevs
688 226 846 264 nrcrnrarrrs.

155 375 235 432 quem
253 356 285 412 ad
296 356 434 411 Caesarem
451 355 484 411 de
495 355 709 427 indigitamentis
722 354 854 426 scriptum
864 352 986 424 reliquit.
996 380 1038 393 -
1051 350 1123 408 Cen·-

155 443 239 499 sorin.
256 440 283 496 3.
300 435 328 512 S.
345 438 374 495 2.

217 520 247 581 2.
270 521 382 577 Causam
397 537 464 577 uero
479 522 559 577 huius
574 522 714 577 uarietatis
729 520 800 593 apud
815 519 942 575 Granium
953 518 1118 575 Licinianum
1126 532 1174 581 [66]

154 608 224 663 libro
250 605 371 662 secundo
395 605 511 677 diligens
532 605 621 661 lector
640 606 771 660 inueniet.
812 605 856 659 bit
877 605 963 673 enim,
984 602 1118 659 nundinas

155 691 227 745 louis
242 689 323 745 ierias
337 705 408 760 esse,
424 689 556 762 siquidem
571 687 703 744 flaminica
719 686 843 744 omnibus
859 687 986 744 nundinis
1001 688 1029 742 in
1045 688 1120 761 regia

155 773 213 829 leui
228 775 339 828 arietem
354 773 441 829 soleat
455 772 610 828 immolare:
631 772 680 827 sed
695 772 756 843 lege
771 771 915 827 Hortensia
931 770 1067 841 ellectum,
1089 777 1120 826 ut

156 857 240 912 lastae
254 864 356 927 essent,
372 858 414 913 uti
428 856 534 926 rustici,
555 857 601 928 qui
616 855 783 911 nundinandi
798 872 877 911 causa
892 856 919 910 in
935 853 1029 911 urbem
1044 856 1119 909 ueni·

156 940 247 1010 ebant,
267 941 330 996 lites
350 948 560 1013 componerent;
581 938 688 996 neiasto
710 940 781 995 enim
801 938 845 994 die
865 939 984 1011 praetori
1000 937 1050 993 lari
1064 953 1121 994 non

156 1024 262 1081 licebat.
278 1052 317 1063 -
332 1024 452 1080 llacrob.
467 1022 523 1084 Sat.
541 1024 568 1093 1,
586 1023 635 1080 16.
654 1019 682 1095 S.
699 1021 750 1079 30.

218 1104 248 1165 8.
270 1108 337 1163 ltem
351 1108 455 1164 Boeotii
469 1106 616 1163 Parnasum
638 1114 757 1161 montem
773 1105 891 1179 Apollini
912 1113 1045 1161 sacratum
1060 1120 1122 1161 esse

156 1200 347 1262 memorantes,
367 1190 448 1245 simul
468 1192 600 1246 tamenin
615 1190 710 1245 eodem
725 1195 752 1245 et
768 1188 907 1245 oraculum
923 1188 1078 1262 Delphicum
1092 1197 1122 1244 et

156 1276 297 1349 speluncas
312 1274 451 1330 Bacchides
468 1274 584 1329 unideo
600 1281 768 1329 consecratas
783 1272 887 1328 colunt.
909 1273 981 1327 unde
995 1280 1024 1328 et
1038 1273 1121 1345 Apol·

156 1359 204 1415 lini
230 1366 258 1413 et
278 1356 377 1413 Libero
397 1359 468 1430 patri
496 1358 525 1412 in
550 1356 645 1412 eodem
666 1365 759 1413 monte
781 1372 825 1411 res
847 1355 938 1412 diuina
958 1355 1122 1413 celebratur.

156 1442 235 1510 Quod
256 1457 317 1497 cum
333 1450 360 1496 et
375 1440 460 1496 Varro
475 1448 504 1495 et
518 1439 633 1495 Granius
649 1439 760 1496 Flaccus
777 1437 923 1511 affirment,
945 1440 1025 1495 etiam
1041 1438 1119 1495 Euri-

156 1527 233 1599 pides
248 1526 290 1580 his
305 1526 384 1581 docet
399 1532 452 1579 eto.
473 1552 507 1564 —-
524 1521 642 1578 llacrob.
658 1523 713 1579 Sat.
731 1523 759 1589 1,
778 1523 825 1581 18.
842 1520 871 1597 S.
887 1522 917 1583 4.

219 1607 249 1665 4.
272 1608 446 1682 Aristoteles,
466 1615 497 1663 ut
511 1606 624 1662 Granius
646 1613 786 1677 memorat,
809 1608 851 1661 uir
872 1608 982 1680 ingenio
1003 1622 1120 1680 praepo·

156 1702 216 1748 tens
231 1701 313 1764 atque
328 1693 356 1746 in
370 1690 494 1747 doctrina
508 1692 682 1763 praecipuus,
697 1690 843 1747 llineruam
858 1706 919 1747 essa
937 1688 1039 1745 lunam
1054 1706 1120 1764 pro-

156 1774 288 1832 babilibus
308 1776 475 1847 argumentis
493 1774 608 1847 explicat
633 1782 662 1830 et
688 1774 809 1830 litterata
828 1775 990 1830 auctoritate
1009 1773 1122 1831 demon·

156 1848 234 1918 st'rat.
251 1888 290 1899 —
305 1856 408 1913 Arnob.
425 1856 456 1925 3,
472 1858 522 1914 31.
852 1920 854 1926 ,

218 1939 247 2000 b.
269 1941 429 1998 Nouensiles
441 1941 503 1997 Piso
521 1941 588 1997 deos
605 1958 667 1998 esse
685 1941 769 1997 credit
781 1957 881 1997 nouem
892 1943 920 1996 in
931 1940 1035 1997 Sabinis
1048 1941 1121 2015 apud

156 2025 278 2081 Trebiam
304 2025 480 2082 constitutos.
521 2024 577 2081 Hos
598 2025 711 2081 Granius
733 2025 822 2080 llusas
842 2033 934 2099 putat,
957 2040 1121 2081 consensum

157 2109 361 2166 accommodans
377 2109 463 2166 Aelio.
479 2140 522 2151 -
536 2107 636 2169 Arnob.
653 2109 682 2179 3,
699 2108 750 2166 38.

153 2240 283 2303 fastorum
301 2241 453 2303 scriptores,
472 2239 641 2303 Tarquinium
656 2238 777 2288 Priscum
794 2240 911 2303 aliosque
928 2239 960 2288 de
979 2239 1122 2303 disciplina

155 2310 269 2359 Etrusca
284 2312 428 2373 scriptores
445 2308 613 2374 (Bernhardy
631 2311 648 2357 t.
664 2324 718 2373 cp.
733 2318 780 2360 666.
795 2308 828 2357 Ι..
842 2308 901 2358 Ian.
916 2310 952 2358 ad
961 2308 1080 2359 Macrob.
1091 2327 1121 2374 p.

155 2381 215 2446 664.)
223 2383 282 2429 item
290 2381 481 2445 grammaticos,
491 2394 636 2443 quanquam
646 2394 681 2427 ex
690 2380 731 2428 bis
741 2380 844 2443 quidam
853 2379 903 2429 boo
912 2394 975 2429 aevo
983 2382 1022 2427 uel
1027 2382 1122 2443 paullo

154 2458 212 2514 post
226 2453 296 2498 uelut
309 2449 400 2498 Aelius
413 2447 488 2506 Stilo,
502 2448 609 2506 Santra,
629 2448 741 2497 Verrius
754 2448 873 2509 disocus,
893 2449 1007 2499 OEoudns
1026 2450 1122 2511 Verus,

155 2522 204 2569 alii
217 2521 294 2568 etiam
312 2518 373 2567 XII
387 2518 482 2567 tabulis
496 2520 606 2582 aliisque
625 2520 848 2582 iurisprudentiae
859 2518 976 2583 sontibus
993 2522 1121 2586 insiqnem

155 2604 260 2653 operam
269 2590 403 2638 dederunt,
425 2587 478 2637 Nec
490 2587 516 2637 O.
526 2586 625 2637 Bassus
636 2588 745 2654 (Gauius
756 2592 808 2649 ille,
818 2596 847 2639 ut
852 2589 928 2655 puto)
936 2591 967 2639 de
977 2590 1030 2639 diis
1039 2590 1119 2657 (Lyd.

154 2662 273 2711 demens.
283 2672 305 2720 4,
319 2658 351 2722 6),
366 2658 482 2721 Lepidus
496 2657 615 2725 (oratori
632 2660 684 2709 Cic.
699 2656 774 2709 Brut.
789 2672 822 2711 66.
840 2662 864 2722 ξ.
879 2660 915 2726 96)
930 2661 962 2709 ele
975 2662 1120 2712 sacerdoti-

154 2731 201 2780 bus
210 2728 288 2794 (qu.
299 2729 331 2777 de
341 2744 405 2793 maq.
422 2728 499 2793 1,1t)‚
514 2726 597 2778 Titius
605 2731 638 2779 de
650 2731 729 2793 seriis
740 2728 868 2795 (Macrob.
879 2728 934 2780 Sat.
945 2742 965 2792 1,
976 2743 1009 2782 16.
1020 2732 1055 2795 ef.
1067 2742 1088 2794 6,
1099 2744 1119 2783 6.

155 2803 223 2849 alius
232 2807 270 2848 est
282 2799 308 2848 0.
323 2796 448 2848 dirimit
459 2812 480 2862 6,
491 2798 527 2865 16)
538 2802 648 2864 aliisque
658 2801 694 2849 ad
705 2802 845 2866 reliqiones
854 2801 1029 2864 spectantibus
1039 2801 1119 2867 (Fert.

154 2888 176 2919 u.
191 2870 344 2933 offendices.
360 2868 427 2918 Rica
435 2885 463 2933 p.
474 2880 521 2921 665.
531 2870 590 2937 666),
601 2887 633 2920 ne
644 2871 829 2936 Futqentinnos
842 2872 965 2935 quosdam
975 2886 1120 2923 commemo·

155 2956 208 2989 rem
218 2939 386 3003 (Bernhardy
401 2942 417 2988 t.
433 2956 455 2990 c.
465 2957 494 3004 p.
508 2952 555 2993 666.
571 2940 629 3006 sos),
645 2956 694 3005 quo
706 2943 815 2992 consilio
829 2943 994 3005 scripserint,
1006 2950 1119 2993 vconstat.

156 3010 306 3069 Nicostrati,
325 3017 436 3060 ceterum
453 3013 511 3061 item
521 3014 616 3062 incerti
626 3014 766 3075 scriptoris
780 3012 918 3075 inferioris
928 3014 1030 3072 celatia,
1041 3014 1120 3063 dese·

154 3087 216 3129 natu
231 3079 347 3131 babendo
362 3081 432 3146 quod
444 3089 531 3131 exstat
540 3085 642 3147 insiqne
652 3082 748 3147 sruqm.
759 3082 831 3146 apud
841 3082 906 3132 Fest.
915 3098 937 3131 o.
949 3081 1080 3133 Senacula
1090 3100 1119 3148 p.

154 3163 201 3202 ast.
216 3150 259 3200 bic
273 3154 361 3201 saltem
371 3153 535 3202 adscribam:
549 3153 664 3201 Senacnla
674 3153 719 3201 tria
729 3152 803 3202 luisse
813 3152 909 3214 llomae,
919 3152 943 3202 in
954 3154 1039 3217 quibus
1049 3168 1121 3203 sena·

154 3231 192 3271 tns
205 3222 287 3270 lrabcri
301 3223 385 3271 solitus
396 3223 436 3285 sit,
446 3223 574 3272 memoriae
588 3222 694 3286 prodidit
708 3222 855 3272 Nicostratus
866 3223 891 3271 in
905 3224 975 3285 libro,
985 3224 1121 3287 quiinscri-

153 3293 218 3342 bitur
232 3292 260 3340 de
280 3299 363 3342 senatu
381 3294 499 3342 habendo.
528 3306 609 3350 unum,
630 3294 671 3341 nbi
685 3308 747 3342 nunc
762 3300 800 3341 est
818 3293 883 3342 aedis
899 3292 1044 3343 Concordiae
1059 3295 1122 3344 inter

154 3362 294 3426 Capitolium
309 3370 333 3411 et
340 3364 425 3425 lomna,
435 3364 514 3426 inquo
523 3362 630 3411 solebant
640 3364 790 3423 magistratus
802 3361 966 3430 d(um)t(axat)
976 3378 1030 3413 cum
1040 3365 1122 3414 senio-

153 3434 219 3482 ribus
235 3434 375 3483 dcliberare.
404 3433 504 3481 alterum
518 3433 548 3482 ad
566 3441 659 3497 portam
674 3430 800 3497 Capenam,
815 3436 910 3483 tertium
926 3435 985 3484 citra
1000 3434 1121 3498 Bellonae,

154 3505 177 3553 in
192 3519 239 3567 quo
254 3511 388 3553 exterarum
401 3504 523 3552 nationum
537 3504 629 3566 legatis,
648 3518 708 3567 qnos
723 3504 746 3553 ln
761 3504 845 3553 mbem
859 3504 984 3554 admittere
997 3504 1122 3571 nolebant,

154 3582 250 3623 renatus
265 3574 372 3623 dabatur.
682 3578 686 3587 “
