2542 3909
529 255 564 292 or
582 254 744 292 vsvrsvcrv.
1047 236 1108 302 743

156 383 271 442 heredes
287 399 341 440 nou
356 383 468 441 habere:
491 400 552 440 uam
570 384 657 441 uideri
679 384 877 441 usumfructum
898 375 1110 456 'coustitutum,¹

156 484 211 524 nou
227 483 277 540 per
290 482 451 524 concursum
469 467 594 526 diuisum.

218 545 266 606 79.
298 542 418 626 ²(Iiem)
441 545 585 608 Neratius³
613 560 708 625 putat,
736 568 841 608 cessare
863 553 906 607 ius
929 551 1111 621 adcresccudi,

155 633 202 690 tio.
218 633 237 688 f.
253 632 347 707 Resp,
370 627 438 691 ’cui⁴
452 635 602 692 sententiae
616 637 744 709 congruit
759 637 827 690 ratio
843 634 913 691 Celsi
929 636 1054 705 dicentis,
1071 644 1111 691 to·

156 719 225 773 tiens
240 717 283 773 ius
305 716 476 775 adcresccudi
500 735 573 784 esse,
597 721 723 792 quotiens
737 720 766 774 iu
781 718 902 789 duobus,
925 722 971 792 qrri
994 718 1112 775 solidum

155 801 318 871 habueruut,
333 817 469 858 concursu
484 801 589 858 diuisus
611 811 663 860 est.

218 879 269 942 80.
293 879 385 942 ⁵Unde
401 885 494 942 Celsus
509 885 555 942 lib.
571 885 659 942 XVfil.
679 877 843 963 '(scribit),⁸
864 887 886 941 si
901 885 957 940 duo
973 883 1048 940 fuudi
1062 885 1112 941 do·

155 969 220 1023 mirri
250 967 367 1025 deducto
398 968 542 1026 usufructu
571 971 763 1043 proprietatem
793 970 1019 1042 maucipauerfnt,
1052 977 1112 1024 uter

154 1067 250 1107 eorum
265 1053 384 1108 amiserit
399 1052 608 1122 usumfructum,
623 1052 656 1108 ad
671 1053 864 1126 proprietatem
876 1052 979 1108 redire:
996 1051 1044 1108 sed
1056 1069 1112 1109 uun

154 1134 189 1190 ad
204 1142 301 1204 totam,
323 1134 371 1192 sed
387 1138 517 1210 cuiusque
533 1137 731 1192 usumfructum
747 1138 772 1192 ef
792 1137 862 1210 parti
878 1135 1017 1205 accedere,
1032 1151 1111 1208 quam

154 1219 215 1292 ipse
230 1219 442 1292 mancipauerit:
466 1219 498 1275 ad
513 1235 570 1275 eam
594 1220 663 1275 euim
685 1229 788 1293 partem
811 1219 901 1276 redire
915 1217 1006 1290 debet,
1028 1234 1112 1292 aqua

154 1303 232 1359 initio
255 1301 359 1358 diuisus
381 1310 433 1359 est.
478 1301 605 1372 ‘Plauc',
627 1304 725 1376 iuquit,
751 1301 791 1359 ‘si
812 1310 917 1377 partem
939 1301 1111 1358 ususfructus

155 1384 264 1454 habeas,
280 1393 376 1459 mega
392 1393 476 1442 totam
491 1387 686 1460 proprietatem
701 1403 761 1443 cum
777 1389 864 1460 partis
878 1384 1034 1456 usufructu,
1054 1400 1111 1442 nou

156 1467 277 1542 ’possum
294 1462 365 1525 eam⁷
382 1478 487 1543 partem
503 1469 550 1526 tibi
566 1471 730 1544 mancipare,
746 1487 814 1544 quae
829 1479 871 1526 est
885 1471 943 1526 siue
957 1470 1110 1539 usufructu,

156 1554 281 1625 quoniam
304 1553 404 1609 nuliam
432 1562 535 1627 partem
563 1552 665 1625 habeo,
693 1556 721 1610 iu
742 1571 794 1628 qua
816 1571 870 1611 nou
892 1562 937 1609 est
956 1553 1005 1610 tibi
1032 1570 1110 1609 usus·

154 1635 283 1693 fructus.’
328 1629 399 1713 [si]
421 1638 606 1710 Papinianus
636 1653 743 1712 quoquc
770 1637 838 1694 libro
860 1636 948 1694 XVfli.
972 1636 1112 1705 Quaestio·

155 1735 217 1775 num
234 1722 394 1778 seutentiam
409 1719 512 1778 Neratii
525 1721 633 1796 probat,
649 1737 718 1795 quae
732 1737 787 1777 nou
803 1731 845 1777 est
859 1721 917 1776 sirie
932 1722 1048 1778 ratione.

84 1797 144 1848 [⁶⁴⁸1
217 1798 267 1861 82.
290 1803 394 1862 Poterit
408 1807 509 1878 quaeri,
534 1805 567 1875 si,
587 1803 692 1861 duobus
706 1807 792 1860 seruis
809 1803 953 1861 heredibus
969 1804 1110 1875 institutis,

155 1883 269 1942 deducto
289 1887 434 1945 usufructu
456 1886 612 1963 proprietas
634 1890 670 1944 sit
691 1888 796 1962 legata,
819 1905 852 1943 arr
874 1887 960 1943 altero
982 1887 1111 1943 defuncto

155 1967 325 2026 ususfructus
347 1974 507 2045 proprietati
530 1971 685 2029 adcrescat?
716 1988 776 2027 uam
799 1971 864 2027 iilud
885 1979 1009 2042 constat,
1032 1978 1062 2027 ut
1084 1979 1112 2026 et

155 2051 273 2108 lulianus
292 2052 339 2114 lib.
355 2055 454 2114 XXXV.
469 2055 576 2127 scribit,
600 2063 628 2111 et
642 2054 806 2129 Pomponius
827 2053 875 2112 fib.
891 2053 943 2110 vii.
959 2070 992 2110 ex
1006 2053 1111 2109 Plautio

155 2152 211 2193 uon
233 2135 372 2209 reprobat,
394 2141 418 2195 si
441 2139 547 2196 duobus
568 2141 656 2196 seruis
671 2139 738 2195 meis
759 2137 931 2194 ususfructus
945 2136 1061 2211 legetur,
1083 2144 1111 2192 et

155 2218 223 2276 aiter
239 2217 397 2292 decesserit,
421 2239 481 2280 cum
498 2240 546 2297 per
560 2232 705 2297 utrumque
720 2223 885 2295 quaesissem
899 2221 1110 2289 usumfructum,

155 2304 196 2359 ius
212 2303 385 2361 adcresccudi
399 2321 442 2362 me
457 2307 571 2376 habere3
594 2324 663 2378 cum,
680 2308 703 2362 si
718 2307 829 2362 alterius
844 2307 953 2361 nomiue
973 2304 1111 2377 repudias-

155 2402 222 2459 sem,
239 2385 351 2443 alterfus
363 2391 535 2461 quaesissem,
552 2390 676 2447 haberem
688 2389 793 2462 quidem
808 2388 1007 2447 usumfructum
1023 2396 1110 2443 totum

155 2471 215 2526 iure
231 2469 411 2541 adcresccudi,
429 2473 477 2528 sed
493 2489 525 2528 ex
540 2474 625 2529 solius
641 2491 756 2547 persona
771 2475 930 2530 amitterem.
964 2473 991 2526 irr
1010 2487 1110 2545 propo·

155 2555 208 2610 sito
232 2562 337 2626 autem,
360 2555 493 2629 siquidem
515 2572 583 2630 pure
604 2557 703 2614 fundus
719 2551 743 2635 [.
761 2599 768 2614 .
785 2551 820 2612 ⁸.
837 2551 859 2634 .]
876 2571 931 2612 nou
947 2571 978 2610 er
995 2571 1111 2628 persona

229 2683 252 2754 ¹)
265 2688 281 2736 i.
292 2702 314 2739 e.
325 2693 446 2752 tanquam
460 2691 623 2740 constitutum
637 2705 658 2742 s.
673 2694 731 2754 ipsa
742 2691 922 2741 constitutione
932 2688 1000 2753 (cum
1010 2689 1110 2740 neredi-

154 2758 217 2808 tatis
230 2760 272 2818 sit,
287 2774 352 2823 puae
366 2759 468 2823 utrique
478 2774 530 2822 pro
541 2767 620 2823 parte
633 2762 696 2810 data
710 2760 767 2826 est).
819 2756 903 2827 ²)Est
913 2761 968 2812 les
974 2776 1018 2824 pr.
1036 2760 1068 2809 I).
1079 2761 1111 2809 de
1165 2795 1178 2805 .

155 2829 240 2891 usufr.
255 2827 411 2894 accr.(t,2).
458 2824 479 2894 ⁸)
494 2829 559 2878 Idem
569 2829 680 2879 Neratius
690 2831 750 2897 Dip.
797 2828 968 2896 ⁴)Dip.cuius
984 2830 1110 2880 Vanedd.

156 2895 178 2964 ὅ)
193 2899 276 2949 Prior
284 2913 351 2962 pars
365 2905 452 2948 erasini
464 2898 496 2948 L.
511 2910 532 2950 s.
547 2901 570 2960 §-
586 2912 606 2949 1.
621 2899 654 2948 D.
669 2899 703 2950 id.
768 2897 789 2965 ο)
803 2900 849 2950 Ea
862 2901 922 2966 liip.
937 2902 1061 2964 supplevi.

157 2964 177 3032 ⁹)
192 2983 302 3030 posseme
313 2983 389 3018 meam
405 2969 463 3018 Vnt.
478 2983 551 3032 posse
561 2983 598 3018 me
609 2983 661 3017 earu
670 2969 730 3019 Sao.
741 2974 774 3034 φ’.
785 2972 824 3020 ed.
836 2971 930 3022 Hoiiw.
977 2967 998 3036 8)
1012 2969 1111 3021 Omissa

154 3054 172 3087 a
182 3037 292 3088 librario
302 3041 372 3089 nullo
382 3041 498 3089 indicato
508 3040 588 3089 niatu.
613 3040 658 3088 Ad
666 3043 816 3089 senientiam
826 3041 972 3092 Heimsoetft
983 3040 1015 3090 de
1025 3042 1109 3104 usufr.

154 3123 226 3158 accr.
237 3125 266 3172 p.
280 3120 307 3159 as
321 3116 390 3159 recte
403 3111 519 3174 supplet:
538 3107 651 3174 ‘topatus
663 3112 710 3168 sit,
725 3112 767 3160 ius
780 3113 949 3161 accrescendi
963 3114 1045 3162 iocum
1060 3126 1110 3161 non

154 3177 231 3227 dedet
244 3178 289 3244 (cf.
304 3181 327 3241 §-
338 3178 392 3244 τι),
406 3181 431 3230 si
444 3180 490 3230 sub
506 3181 653 3231 conditione
668 3183 778 3246 tepatur,
793 3183 848 3230 aiio
862 3197 897 3231 ecc
912 3197 992 3231 eausa
1007 3197 1058 3232 non
1073 3189 1111 3231 est

154 3250 196 3297 ius
209 3251 390 3308 accrescendi,
409 3252 470 3314 quia
484 3251 649 3313 ususfructus
662 3258 742 3301 morte
755 3252 829 3301 serui
846 3267 897 3300 non
911 3255 996 3315 perit,
1018 3254 1063 3316 qui
1076 3268 1111 3301 ear

154 3319 252 3369 domini
261 3335 377 3383 persona
390 3322 543 3370 constitutus
557 3318 605 3370 est'
617 3329 666 3371 ete,
689 3321 742 3371 Sed
751 3323 849 3371 mutim:
864 3319 976 3385 ‘topatus
990 3324 1033 3381 sit,
1042 3325 1111 3372 sicut

154 3389 394 3440 liberisdominibus
401 3391 539 3441 heredibus
548 3393 663 3456 seriptis,
672 3400 755 3442 cessat
765 3394 806 3441 ius
813 3393 988 3448 accrescendi,
997 3395 1038 3443 sin
1047 3408 1109 3443 uero

152 3459 199 3509 sub
210 3461 371 3523 condicione,
381 3477 428 3511 nec
433 3463 505 3525 perit
512 3463 584 3512 serui
592 3471 673 3513 morte
683 3463 855 3526 ususfructus,
866 3463 960 3524 quippe
969 3477 1004 3510 eac
1012 3464 1111 3513 domini

153 3529 257 3580 heredis
267 3531 337 3594 facti
346 3547 462 3594 persona
476 3530 641 3584 constitutus'
657 3541 704 3584 etc.
726 3534 820 3592 fundus,
836 3546 881 3581 uon
896 3531 942 3580 snb
957 3533 1110 3583 condicione

153 3602 253 3667 iepatus
265 3604 309 3662 sit,
324 3605 490 3653 concurritur
505 3604 671 3667 ususfructus
685 3619 713 3654 cx
727 3618 829 3668 persona
845 3601 910 3652 serui
925 3600 1038 3651 Momms.
1054 3603 1094 3651 ed.
