2542 3909
148 184 189 240 24
492 192 519 223 nr.
539 188 650 224 nrnnrvs
667 186 767 222 monne.

146 278 226 373 uideo
237 316 377 371 Platonem
392 314 468 370 ilium
480 322 568 383 tuum,
584 329 665 387 qoem
679 321 712 370 tn
726 312 872 381 admiraris,
890 326 969 384 quem
985 310 1110 372 omnibus

146 401 298 472 anteponis,
315 415 395 472 quem
411 399 524 455 manime
539 398 638 468 diligis.

211 498 251 555 M.
276 498 356 555 Visne
378 500 480 572 igitur,
503 506 533 553 ut
556 497 601 552 ilie
617 496 711 552 Cretae
731 507 791 554 cnm
807 494 890 551 citata
910 504 938 551 et
952 512 1013 551 eum
1028 494 1111 552 Lana·

146 584 287 639 daemonio
308 582 416 656 Megillo
433 584 546 651 aestiuo,
568 596 647 654 qnam
669 580 702 635 ad
725 581 833 636 modum
854 576 995 650 descnnit,
1021 579 1063 636 die
1081 580 1111 635 in

146 666 310 740 cupressetis
326 666 487 721 Gnosiorum
503 674 530 721 et
545 666 637 739 spatiis
652 663 837 735 siluestribus,
859 664 955 719 crebro
970 664 1111 735 insistens,

145 752 280 807 interdum
304 749 489 823 adquiescens,
513 746 546 805 de
568 751 700 804 institutis
721 764 812 803 rernm
833 746 1001 823 publicarum
1024 765 1055 804 ao
1076 746 1112 803 de

147 836 254 909 optimis
272 832 377 907 iegibus
394 832 523 907 disputat,
541 835 580 889 sie
597 848 647 889 nos
658 834 731 888 inter
742 832 790 887 has
804 832 1006 905 procerissimas
1022 847 1110 905 popu-

146 918 189 974 los
209 920 237 974 in
260 918 340 973 uiridi
361 932 496 993 opacaque
510 920 568 991 ripa
582 914 792 985 inambulantes,
813 926 870 971 tum
886 924 975 971 autem
989 915 1111 971 residen-

146 1010 204 1077 tes,
228 1012 388 1077 qnaeramus
407 1004 492 1058 isdem
507 1000 541 1057 de
556 1001 637 1057 rebus
653 998 752 1074 aliquid
773 1000 882 1056 uberius
898 1014 977 1074 mam
993 998 1111 1057 forensis

147 1104 213 1143 usus
229 1083 382 1143 desiderati

208 1184 248 1243 16.
272 1187 307 1241 A.
323 1184 379 1259 Ego
396 1202 461 1241 uero
477 1186 529 1240 ista
544 1185 636 1241 audire
652 1185 741 1259 cupio.

209 1269 250 1325 M.
275 1268 343 1337 Quid
359 1270 395 1324 ait
409 1267 543 1336 Quintus?

210 1352 243 1422 Q.
265 1350 342 1409 Nulla
357 1350 390 1408 de
405 1369 435 1407 re
451 1353 545 1425 magis.

210 1451 251 1510 M.
274 1452 306 1509 u
328 1461 403 1511 reate
426 1452 546 1527 quidem:
569 1469 630 1508 nam
649 1454 689 1509 sio
708 1452 845 1517 habetote,
866 1452 990 1527 nuiloin
1011 1468 1112 1527 genere

147 1536 311 1611 disputando
320 1554 401 1611 posse
416 1538 454 1591 ita
467 1534 599 1611 patefieri,
616 1536 680 1611 quid
695 1537 732 1592 sit
747 1538 850 1595 homini
864 1545 958 1593 natura
970 1536 1112 1609 tributum,

149 1629 278 1695 quantem
294 1622 347 1676 uim
363 1636 454 1676 rerum
469 1620 631 1693 optimarum
646 1637 722 1677 mens
738 1621 853 1679 humana
868 1622 1017 1694 contineat,
1033 1623 1112 1682 cuius

148 1706 267 1761 muneris
289 1703 396 1761 colendi
415 1701 602 1777 efficiendique
623 1721 704 1761 eausa
724 1706 781 1761 nati
801 1713 829 1762 et
850 1708 878 1761 in
893 1705 980 1761 iueem
995 1704 1061 1760 editi
1075 1706 1112 1759 si·

148 1804 218 1860 mus,
244 1803 311 1861 quae
333 1790 368 1843 sit
388 1786 544 1845 coniunctio
570 1788 722 1860 hominum,
750 1806 819 1863 quae
845 1789 975 1848 naturalis
995 1790 1112 1847 societas

147 1874 218 1927 inter
236 1872 327 1944 ipsos3
356 1871 397 1927 his
419 1873 489 1927 enim
495 1871 650 1951 explicatis
669 1872 731 1927 ions
752 1872 843 1947 legum
864 1881 891 1928 et
911 1874 978 1928 iuris
996 1874 1112 1931 inueniri

147 1963 248 2029 potest.
1037 1980 1042 1985 ·

210 2030 254 2095 17.
277 2038 312 2097 Α.
335 2038 394 2095 Non
417 2056 483 2113 ergo
506 2055 520 2094 a
542 2041 677 2114 praetoris
700 2040 806 2113 edicto,
833 2050 864 2097 ut
885 2040 1008 2115 plerique
1028 2057 1112 2113 nuno,

148 2140 235 2220 neque
251 2122 420 2221 aduodeoim
435 2122 542 2194 tabuiis,
560 2132 589 2181 ut
604 2125 769 2199 superiores,
784 2125 832 2181 sed
846 2126 957 2200 penitus
969 2140 1003 2182 en
1017 2125 1112 2181 intima

212 2308 252 2365 M.
275 2308 335 2364 Non
350 2307 421 2365 enim
435 2309 463 2364 id
479 2312 633 2381 quaerimus
647 2309 701 2366 hoo
713 2325 856 2379 sermone,
870 2309 1015 2383 Pomponi,
1028 2322 1111 2379 quem

148 2390 306 2447 admodum
322 2407 463 2448 caueamus
479 2392 507 2447 in
521 2394 581 2448 iure
597 2400 644 2447 aut
655 2392 718 2465 quid
735 2392 769 2449 de
788 2408 895 2466 quaque
910 2391 1112 2451 consultatione

147 2474 369 2547 respondeamus.
398 2476 500 2533 sitista
514 2491 559 2533 res
573 2492 686 2549 magna,
705 2477 776 2534 siout
789 2484 848 2547 est,
863 2493 932 2549 quae
946 2475 1113 2549 quoniame

147 2556 239 2613 multis
255 2558 335 2615 clanis
349 2558 431 2629 uiris,
453 2574 525 2617 nuno
546 2558 578 2615 air
595 2576 650 2615 nno
665 2576 770 2617 summa
782 2562 943 2619 auctoritate
958 2569 986 2619 et
997 2560 1112 2621 rotantia

147 2642 308 2712 sustinetur,
328 2642 375 2699 sad
390 2641 469 2699 nohis
485 2644 523 2702 ita
538 2643 732 2717 conplectenda
746 2646 777 2701 in
789 2645 841 2703 hae
854 2644 1040 2718 disputatione
1053 2651 1114 2701 tota

148 2741 228 2782 eausa
243 2734 285 2781 est
300 2726 421 2783 uniuersi
436 2728 503 2784 iuris
516 2744 548 2784 ao
562 2728 672 2801 legum,
693 2737 724 2784 ut
743 2729 796 2789 hoo
807 2728 891 2788 entia
905 2730 979 2801 quad
997 2728 1112 2787 dicimus

146 2810 174 2864 in
189 2824 301 2882 paruum
318 2810 450 2882 quendam
467 2819 495 2868 et
510 2821 655 2887 angustum
677 2812 768 2871 loeum
789 2812 981 2873 concludatur:
1001 2803 1111 2870 natura¹

147 2894 217 2948 enim
242 2894 308 2949 iuris
334 2894 490 2967 espiioanda
509 2894 590 2957 nohis
611 2904 654 2953 est
672 2912 758 2969 eaque
777 2896 810 2952 ah
829 2896 945 2956 hominia
964 2895 1111 2969 repetenda

146 2984 252 3047 natura,
272 2978 482 3038 considerandae
496 2980 579 3051 leges,
601 2980 698 3054 quibus
709 2981 833 3041 ciuitates
842 2982 903 3051 regi
912 2980 1038 3048 demant,
1054 2988 1113 3038 tom

145 3060 211 3117 haee
235 3062 373 3117 tractanda
394 3080 462 3136 quae
484 3066 626 3139 conposita
647 3072 711 3119 sunt
732 3072 759 3119 et
774 3064 930 3136 descripta'
922 3080 982 3123 rura
996 3072 1025 3123 et
1038 3065 1112 3124 iussa

144 3145 353 3242 populorum,
345 3161 373 3201 nr
394 3148 492 3221 quibus
514 3165 548 3205 ne
567 3150 656 3207 nostri
672 3148 780 3264 quidem
795 3147 890 3224 popuii
904 3146 1032 3210 latebunt.
1043 3162 1111 3221 quae

145 3238 278 3287 uocantur
293 3231 352 3289 iura
367 3232 464 3289 oiuilia.
901 3258 904 3266 ·

210 3330 250 3387 Vi.
273 3327 319 3408 18Ὶ
339 3329 373 3397 Q.
396 3332 457 3388 Alte
473 3348 538 3389 uero
554 3338 592 3403 et,
609 3339 640 3387 ut
658 3338 778 3404 oportet,
799 3348 814 3387 a
833 3333 930 3405 eapite,
950 3332 1110 3402 frateune

146 3454 348 3463 -—--.-—..

218 3509 237 3576 1)
256 3519 363 3573 naturae,
382 3519 466 3561 natura
484 3509 540 3559 ΑΒ.
