2542 3909
561 228 585 263 Ia.
604 225 716 262 omctvn.

413 412 455 468 De
477 411 601 468 ciiicic
624 410 880 467 iurisconsulti.

227 513 255 573 8.
278 514 447 586 ‘Nuncupata
467 513 580 585 pecunia
600 512 663 581 esd,
685 519 715 566 ut
737 512 773 566 ait
786 510 891 567 Cincius
906 513 935 567 in
949 512 969 568 i.
986 512 1018 567 li.
1035 511 1068 567 dc
1084 513 1128 568 oi·

164 600 225 656 ficio
253 597 455 661 iurisconsuiti,
485 596 607 652 ‘numine
630 588 793 669 concepta,¹
823 594 978 651 nomittibus
1007 598 1126 669 propriis

164 683 347 758 pronuntiata.
383 678 470 737 “curn
490 696 589 735 nexum
610 679 691 735 saciet
712 680 946 752 mancipiumque,
969 681 1010 736 uti
1032 679 1127 753 lingua

164 768 352 840 nuncupassit,
365 767 403 821 ita
418 767 461 820 ius
475 763 560 821 est0'’
578 764 673 833 idest,
688 765 729 819 uti
744 765 888 819 nominarit
902 763 1048 820 locutusne
1064 766 1128 835 crit,

164 854 201 909 ita
220 852 263 905 ius
282 859 352 906 esto.
382 856 447 904 uota
466 854 619 922 nuncupata
640 847 783 919 dicuntur,
805 862 873 921 quae
889 847 1030 908 consules.
1050 864 1128 921 prae·

164 944 250 1007 tores,
264 951 327 991 cum
340 936 369 989 in
383 934 551 1007 prouinciam
565 930 784 1005 proficiscuntur,
801 930 919 999 iaciunt3
936 948 967 987 ea
981 933 1010 987 in
1024 930 1128 989 tabulas

164 1018 351 1092 praesentibus
371 1017 463 1073 multis
485 1014 664 1073 reseruntur!
703 1022 730 1071 at
752 1014 848 1071 Santra
871 1023 923 1072 etc.
943 1044 977 1054 —
1003 1014 1077 1071 Fest.
1101 1034 1127 1072 v.

163 1103 321 1176 Nuncnpata
336 1120 363 1175 p.
382 1101 452 1158 173.

227 1183 256 1245 C.
277 1181 381 1250 ²Snnt,
404 1186 452 1257 qui
472 1193 500 1239 et
520 1183 671 1239 inien'cres
691 1184 751 1239 diei
769 1188 875 1253 putent
896 1185 1040 1253 colonias,
1059 1201 1129 1256 quae
1184 1247 1188 1255 Ι

80 1271 85 1277 ’
164 1278 229 1327 sunt
242 1271 384 1326 deductae
394 1269 467 1324 Alba
481 1268 580 1340 Conna
595 1272 624 1323 in
641 1268 759 1323 Priscus
772 1265 892 1335 Latinos,
909 1282 984 1339 pnes
1001 1268 1125 1340 Tarqui·
1134 1280 1178 1328 [21]
1253 1256 1254 1273 ¹

164 1358 231 1411 nius
247 1370 306 1411 rec
326 1353 468 1425 subegerit
485 1350 632 1407 secundum
652 1366 733 1407 mare
753 1367 811 1407 non
829 1352 913 1423 lcnye
927 1351 1002 1407 inira
1017 1349 1128 1407 Romam

164 1439 194 1494 in
215 1438 382 1494 ciuitatibus
401 1436 570 1492 Latinorum
576 1459 586 1498 ‚·
607 1450 711 1507 eosque
733 1438 834 1491 sanatis
857 1438 1027 1507 appellatos,
1052 1438 1130 1508 quod

165 1538 215 1579 eos
229 1536 287 1578 rex
300 1528 409 1594 praeter
420 1521 577 1592 opinionem
592 1519 675 1575 breui
683 1522 854 1589 pacanisset
868 1520 1076 1592 sannuissetque
1091 1537 1129 1576 ac

165 1623 230 1662 cnm
248 1610 283 1662 iis
295 1604 401 1676 pacisci
417 1604 552 1675 potuisset
566 1605 709 1659 nominee
731 1617 765 1657 re
780 1605 861 1673 dato,
885 1610 916 1658 nt
932 1606 972 1658 ait
987 1601 1094 1659 Cincius
1110 1604 1129 1661 l.

164 1690 196 1745 ii.
212 1689 246 1744 de
260 1688 359 1761 officio
373 1686 576 1743 iurisconsulti.
592 1714 632 1726 -
649 1684 720 1741 Fest.
735 1704 758 1739 v.
775 1686 898 1763 Sanates
912 1703 941 1759 p.
957 1685 1028 1743 321.

227 1768 273 1829 10.
294 1770 384 1826 Subici
399 1774 472 1826 aries
486 1773 607 1846 dicitnr,
622 1774 673 1843 qni
685 1788 740 1841 pro
756 1774 851 1826 occiso
869 1773 973 1839 datur,
996 1770 1071 1843 qucd
1087 1769 1128 1843 iit,

164 1864 197 1912 ut
215 1858 252 1911 ait
272 1855 378 1910 Cincius
397 1858 428 1910 in
448 1857 521 1911 libro
537 1894 544 1908 .
561 1895 569 1910 .
586 1896 594 1911 .
609 1857 645 1911 de
665 1854 764 1925 efficio
779 1853 981 1923 inaccensuiti
1003 1854 1128 1927 exemplo

165 1942 385 2009 Atheniensium,
402 1941 483 2010 apud
496 1955 567 2012 qnos
581 1938 707 2013 expiandi
722 1940 807 2012 gratia
824 1939 892 1994 aries
904 1940 1022 2011 inipitnr
1034 1938 1070 1995 ab
1082 1955 1125 2008 cc,

165 2028 215 2095 qni
233 2028 340 2080 inuitus
354 2023 446 2079 scelus
462 2023 583 2093 admisit,
604 2038 707 2097 poenae
727 2024 895 2095 pendendae
907 2025 981 2078 loen.
1000 2052 1038 2062 -
1055 2021 1129 2084 Fest.

164 2126 188 2167 v.
204 2101 296 2163 Aries³
310 2125 338 2181 p.
351 2106 423 2164 347.

505 2256 787 2332 Mystagcgiccn.

226 2359 265 2419 11.
294 2361 429 2416 'i'rientem
456 2361 566 2415 tertium
587 2357 678 2431 pondo
699 2374 828 2413 coronam
847 2374 955 2414 auream
971 2357 1077 2415 dedisse
1099 2374 1129 2416 se

162 2445 220 2501 lcui
236 2444 352 2513 donum,
373 2444 482 2514 scripsit
497 2442 525 2497 'C
540 2440 681 2508 Quinctius
697 2436 850 2515 cruciator),
866 2458 948 2515 quom
963 2456 1012 2515 per
1027 2458 1129 2500 nouem

164 2528 221 2583 dies
242 2526 357 2582 tetidem
380 2525 459 2580 urbes
482 2532 510 2580 et
532 2524 662 2580 decimam
677 2523 822 2581 Praeneste
845 2528 969 2599 cepisset.
1001 2526 1028 2581 id
1043 2528 1130 2601 signi·

163 2609 245 2668 ficare
266 2612 303 2666 ait
318 2608 424 2665 Cincius
445 2611 474 2664 in
489 2608 696 2681 Mystagcgiccn
711 2607 729 2667 i.
747 2607 777 2664 ii.
798 2609 864 2665 duas
885 2608 966 2665 libras
985 2610 1077 2683 pondo
1102 2620 1129 2667 et

163 2696 302 2751 trientem.
316 2723 357 2732 -
373 2691 444 2748 dest.
461 2709 486 2745 v.
503 2691 640 2746 'irientem
655 2710 683 2765 p.
702 2690 771 2748 363.

508 2842 550 2898 iic
571 2858 608 2897 re
629 2842 787 2900 militari.

227 2942 274 3003 12.
295 2944 402 3000 Cincius
424 2945 451 2999 in
475 2943 544 2999 libro
567 2944 649 2998 tertio
672 2943 706 2999 dc
729 2960 759 3000 re
774 2944 881 3000 militari
898 2944 1017 3002 iecialem
1032 2942 1129 3021 populi

163 3030 276 3085 Romani
291 3029 391 3086 beilum
406 3026 571 3083 indicentem
585 3026 708 3084 hostibus
724 3027 864 3103 telumque
878 3030 905 3085 in
922 3046 1017 3103 agrum
1033 3044 1130 3086 eorum

163 3115 305 3171 iacientem
321 3114 362 3170 his
385 3110 476 3168 uerbis
499 3113 538 3167 uti
560 3114 683 3186 scripsit:
706 3112 804 3177 ‘cvcn
826 3128 964 3171 ronvnvs
987 3130 1131 3173 nunnun-

238 3275 258 3344 ¹)
271 3276 376 3341 Scripsi
390 3276 513 3328 Zeitscdr.
526 3278 548 3339 f.
562 3277 649 3343 pescli.
666 3276 737 3326 nW.
752 3276 800 3325 xit.
812 3293 840 3342 p.
856 3288 904 3329 29³.
937 3277 975 3341 Of.
992 3274 1090 3327 ‘neunt
1103 3278 1129 3327 d.

166 3346 278 3399 Necum'
291 3364 318 3412 p.
334 3359 368 3399 24.
383 3349 479 3398 numina
493 3357 558 3397 certa
575 3348 634 3398 Cod.
650 3349 779 3409 nominata,
794 3356 859 3398 certa
878 3347 963 3397 Ursin.
980 3350 1013 3410 ej.
1040 3343 1062 3412 ²)
1078 3347 1130 3398 Re·

164 3422 239 3469 stitui
253 3419 312 3482 fere
333 3416 428 3469 ‘necne
445 3420 470 3469 d.
487 3417 597 3469 Nexum’
610 3435 639 3482 p.
655 3429 701 3470 253.
741 3415 761 3483 8)
783 3418 821 3476 Cf.
842 3419 915 3481 infra
931 3418 967 3467 M.
984 3417 1130 3468 Antistium

164 3489 309 3539 Labeonem
318 3501 338 3541 5.
349 3498 374 3540 et
383 3490 426 3540 tib.
437 3506 516 3541 meum
527 3489 611 3539 ‘Seru
626 3486 703 3539 nuit!
711 3504 739 3552 p.
750 3499 797 3539 stc.
815 3488 997 3554 Osenbritqpen
1008 3488 1072 3538 tiber
1080 3491 1131 3539 dns

166 3560 300 3610 Parricid.
312 3577 340 3625 p.
356 3573 389 3613 18.

153 3836 168 3873 t
