<?xml version="1.0" encoding="UTF-8"?>
<!DOCTYPE html PUBLIC "-//W3C//DTD XHTML 1.0 Transitional//EN"
    "http://www.w3.org/TR/xhtml1/DTD/xhtml1-transitional.dtd">
<html xmlns="http://www.w3.org/1999/xhtml" xml:lang="en" lang="en">
 <head>
  <title>
</title>
<meta http-equiv="Content-Type" content="text/html;charset=utf-8" />
  <meta name='ocr-system' content='tesseract 3.04.00' />
  <meta name='ocr-capabilities' content='ocr_page ocr_carea ocr_par ocr_line ocrx_word'/>
</head>
<body>
  <div class='ocr_page' id='page_1' title='image "./iurisprudentiae01huscgoog_0145.png"; bbox 0 0 2542 3909; ppageno 0'>
   <div class='ocr_carea' id='block_1_1' title="bbox 483 230 1091 286">
    <p class='ocr_par' dir='ltr' id='par_1_1' title="bbox 483 230 1091 286">
     <span class='ocr_line' id='line_1_1' title="bbox 483 230 1091 286; baseline -0.003 -14"><span class='ocrx_word' id='word_1_1' title='bbox 483 238 506 273; x_wconf 92' lang='lat' dir='ltr'><strong>c.</strong></span> <span class='ocrx_word' id='word_1_2' title='bbox 526 237 621 272; x_wconf 79' lang='lat' dir='ltr'><strong>mm</strong></span> <span class='ocrx_word' id='word_1_3' title='bbox 639 237 740 274; x_wconf 71' lang='lat' dir='ltr'><strong>curro.</strong></span> <span class='ocrx_word' id='word_1_4' title='bbox 1033 230 1091 286; x_wconf 80' lang='lat'><strong>121</strong></span> 
     </span>
    </p>
   </div>
   <div class='ocr_carea' id='block_1_2' title="bbox 28 362 1096 2697">
    <p class='ocr_par' dir='ltr' id='par_1_2' title="bbox 28 362 1094 1357">
     <span class='ocr_line' id='line_1_2' title="bbox 130 362 1094 438; baseline -0.002 -17"><span class='ocrx_word' id='word_1_5' title='bbox 130 373 211 421; x_wconf 83' lang='lat' dir='ltr'><strong>uacat</strong></span> <span class='ocrx_word' id='word_1_6' title='bbox 222 364 302 420; x_wconf 84' lang='lat' dir='ltr'><strong>uitio.</strong></span> <span class='ocrx_word' id='word_1_7' title='bbox 325 365 421 437; x_wconf 77' lang='lat' dir='ltr'><strong>‘igitur</strong></span> <span class='ocrx_word' id='word_1_8' title='bbox 434 364 544 419; x_wconf 88' lang='lat' dir='ltr'><strong>silentio</strong></span> <span class='ocrx_word' id='word_1_9' title='bbox 556 380 672 437; x_wconf 74' lang='lat' dir='ltr'><strong>surpere</strong></span> <span class='ocrx_word' id='word_1_10' title='bbox 682 380 742 420; x_wconf 91' lang='lat' dir='ltr'><strong>oum</strong></span> <span class='ocrx_word' id='word_1_11' title='bbox 754 363 862 435; x_wconf 85' lang='lat' dir='ltr'><strong>dicitur,</strong></span> <span class='ocrx_word' id='word_1_12' title='bbox 878 362 1023 438; x_wconf 78' lang='lat' dir='ltr'><strong>significat,</strong></span> <span class='ocrx_word' id='word_1_13' title='bbox 1039 380 1094 420; x_wconf 89' lang='lat' dir='ltr'><strong>non</strong></span> 
     </span>
     <span class='ocr_line' id='line_1_3' title="bbox 86 447 1094 522; baseline -0.001 -17"><span class='ocrx_word' id='word_1_14' title='bbox 86 447 309 522; x_wconf 63' lang='lat' dir='ltr'><strong>ractorerpeltart,</strong></span> <span class='ocrx_word' id='word_1_15' title='bbox 324 464 379 521; x_wconf 91' lang='lat' dir='ltr'><strong>quo</strong></span> <span class='ocrx_word' id='word_1_16' title='bbox 394 447 483 504; x_wconf 86' lang='lat' dir='ltr'><strong>minus</strong></span> <span class='ocrx_word' id='word_1_17' title='bbox 498 464 554 503; x_wconf 91' lang='lat' dir='ltr'><strong>rem</strong></span> <span class='ocrx_word' id='word_1_18' title='bbox 570 456 657 521; x_wconf 73' lang='lat' dir='ltr'><strong>gerat.</strong></span> <span class='ocrx_word' id='word_1_19' title='bbox 696 455 723 503; x_wconf 92' lang='lat' dir='ltr'><strong>at</strong></span> <span class='ocrx_word' id='word_1_20' title='bbox 737 449 887 519; x_wconf 85' lang='lat' dir='ltr'><strong>sinistrum,</strong></span> <span class='ocrx_word' id='word_1_21' title='bbox 910 449 1011 504; x_wconf 83' lang='lat' dir='ltr'><strong>hortari</strong></span> <span class='ocrx_word' id='word_1_22' title='bbox 1027 464 1094 521; x_wconf 86' lang='lat' dir='ltr'><strong>quo·</strong></span> 
     </span>
     <span class='ocr_line' id='line_1_4' title="bbox 131 530 1092 607; baseline -0.002 -19"><span class='ocrx_word' id='word_1_23' title='bbox 131 549 186 607; x_wconf 87' lang='lat' dir='ltr'><strong>quc</strong></span> <span class='ocrx_word' id='word_1_24' title='bbox 207 531 327 606; x_wconf 86' lang='lat' dir='ltr'><strong>auspicia</strong></span> <span class='ocrx_word' id='word_1_25' title='bbox 347 531 380 586; x_wconf 86' lang='lat' dir='ltr'><strong>ad</strong></span> <span class='ocrx_word' id='word_1_26' title='bbox 403 532 547 606; x_wconf 75' lang='lat' dir='ltr'><strong>agendum,</strong></span> <span class='ocrx_word' id='word_1_27' title='bbox 570 532 644 605; x_wconf 89' lang='lat' dir='ltr'><strong>quod</strong></span> <span class='ocrx_word' id='word_1_28' title='bbox 660 533 749 588; x_wconf 90' lang='lat' dir='ltr'><strong>animo</strong></span> <span class='ocrx_word' id='word_1_29' title='bbox 765 534 826 605; x_wconf 86' lang='lat' dir='ltr'><strong>quis</strong></span> <span class='ocrx_word' id='word_1_30' title='bbox 841 530 1040 605; x_wconf 90' lang='lat' dir='ltr'><strong>proposuerit&#39;.</strong></span> <span class='ocrx_word' id='word_1_31' title='bbox 1053 562 1092 573; x_wconf 91' lang='lat'><strong>—-</strong></span> 
     </span>
     <span class='ocr_line' id='line_1_5' title="bbox 130 615 537 689; baseline 0 -19"><span class='ocrx_word' id='word_1_32' title='bbox 130 616 204 673; x_wconf 75' lang='lat' dir='ltr'><strong>liest.</strong></span> <span class='ocrx_word' id='word_1_33' title='bbox 221 634 247 670; x_wconf 89' lang='lat' dir='ltr'><strong>r.</strong></span> <span class='ocrx_word' id='word_1_34' title='bbox 262 615 407 671; x_wconf 80' lang='lat' dir='ltr'><strong>Sinistrum</strong></span> <span class='ocrx_word' id='word_1_35' title='bbox 421 633 448 689; x_wconf 89' lang='lat' dir='ltr'><strong>p.</strong></span> <span class='ocrx_word' id='word_1_36' title='bbox 465 616 537 672; x_wconf 84' lang='grc'><strong>351.</strong></span> 
     </span>
     <span class='ocr_line' id='line_1_6' title="bbox 193 696 1092 773; baseline 0.001 -18"><span class='ocrx_word' id='word_1_37' title='bbox 193 696 239 757; x_wconf 82' lang='grc'><strong>21.</strong></span> <span class='ocrx_word' id='word_1_38' title='bbox 262 699 372 755; x_wconf 79' lang='lat' dir='ltr'>Stellam</span> <span class='ocrx_word' id='word_1_39' title='bbox 394 698 546 773; x_wconf 77' lang='lat' dir='ltr'><strong>significare</strong></span> <span class='ocrx_word' id='word_1_40' title='bbox 569 701 605 755; x_wconf 92' lang='lat' dir='ltr'><strong>ait</strong></span> <span class='ocrx_word' id='word_1_41' title='bbox 627 701 722 755; x_wconf 76' lang='lat' dir='ltr'><strong>Ateius</strong></span> <span class='ocrx_word' id='word_1_42' title='bbox 745 699 836 773; x_wconf 88' lang='lat' dir='ltr'><strong>Capito</strong></span> <span class='ocrx_word' id='word_1_43' title='bbox 859 699 957 755; x_wconf 87' lang='lat' dir='ltr'><strong>laetum</strong></span> <span class='ocrx_word' id='word_1_44' title='bbox 981 710 1007 756; x_wconf 87' lang='lat' dir='ltr'><strong>et</strong></span> <span class='ocrx_word' id='word_1_45' title='bbox 1029 717 1092 773; x_wconf 92' lang='lat' dir='ltr'><strong>pro-</strong></span> 
     </span>
     <span class='ocr_line' id='line_1_7' title="bbox 28 776 1093 857; baseline 0.002 -21"><span class='ocrx_word' id='word_1_46' title='bbox 28 777 30 836; x_wconf 72' lang='lat'>?</span> <span class='ocrx_word' id='word_1_47' title='bbox 130 799 241 857; x_wconf 85' lang='lat' dir='ltr'><strong>sperum</strong></span> <span class='ocrx_word' id='word_1_48' title='bbox 256 776 470 857; x_wconf 68' lang='grc' dir='ltr'><strong>’(ιιαριινίιιηι),1</strong></span> <span class='ocrx_word' id='word_1_49' title='bbox 486 784 673 840; x_wconf 86' lang='lat' dir='ltr'><strong>auctoritatem</strong></span> <span class='ocrx_word' id='word_1_50' title='bbox 689 792 799 839; x_wconf 87' lang='lat' dir='ltr'><strong>secutus</strong></span> <span class='ocrx_word' id='word_1_51' title='bbox 811 783 838 837; x_wconf 90' lang='lat' dir='ltr'><strong>P.</strong></span> <span class='ocrx_word' id='word_1_52' title='bbox 849 782 957 839; x_wconf 86' lang='lat' dir='ltr'><strong>Seruilii</strong></span> <span class='ocrx_word' id='word_1_53' title='bbox 972 786 1093 857; x_wconf 79' lang='lat' dir='ltr'><strong>auguris,</strong></span> 
     </span>
     <span class='ocr_line' id='line_1_8' title="bbox 131 860 1093 941; baseline -0.001 -17"><span class='ocrx_word' id='word_1_54' title='bbox 131 863 197 941; x_wconf 75' lang='lat' dir='ltr'><strong>’loll</strong></span> <span class='ocrx_word' id='word_1_55' title='bbox 219 866 334 937; x_wconf 88' lang='lat' dir='ltr'><strong>stellam,</strong></span> <span class='ocrx_word' id='word_1_56' title='bbox 358 882 427 941; x_wconf 91' lang='lat' dir='ltr'><strong>quae</strong></span> <span class='ocrx_word' id='word_1_57' title='bbox 449 866 592 923; x_wconf 86' lang='lat' dir='ltr'><strong>clamella</strong></span> <span class='ocrx_word' id='word_1_58' title='bbox 614 882 691 922; x_wconf 86' lang='lat' dir='ltr'><strong>aerea</strong></span> <span class='ocrx_word' id='word_1_59' title='bbox 713 860 848 922; x_wconf 87' lang='lat' dir='ltr'><strong>adsimili²</strong></span> <span class='ocrx_word' id='word_1_60' title='bbox 862 866 956 922; x_wconf 86' lang='lat' dir='ltr'><strong>stellae</strong></span> <span class='ocrx_word' id='word_1_61' title='bbox 970 867 1039 923; x_wconf 90' lang='lat' dir='ltr'><strong>locis</strong></span> <span class='ocrx_word' id='word_1_62' title='bbox 1053 870 1093 923; x_wconf 87' lang='lat' dir='ltr'><strong>in·</strong></span> 
     </span>
     <span class='ocr_line' id='line_1_9' title="bbox 28 949 865 1025; baseline 0.001 -19"><span class='ocrx_word' id='word_1_63' title='bbox 28 991 29 1024; x_wconf 44' lang='lat' dir='ltr'><strong>p</strong></span> <span class='ocrx_word' id='word_1_64' title='bbox 131 952 272 1025; x_wconf 82' lang='lat' dir='ltr'><strong>auguralis</strong></span> <span class='ocrx_word' id='word_1_65' title='bbox 286 949 424 1024; x_wconf 81' lang='lat' dir='ltr'><strong>infigatur.</strong></span> <span class='ocrx_word' id='word_1_66' title='bbox 440 980 478 990; x_wconf 93' lang='lat'>-</span> <span class='ocrx_word' id='word_1_67' title='bbox 494 949 566 1006; x_wconf 81' lang='lat' dir='ltr'><strong>Fest.</strong></span> <span class='ocrx_word' id='word_1_68' title='bbox 584 968 609 1006; x_wconf 87' lang='lat' dir='ltr'><strong>v.</strong></span> <span class='ocrx_word' id='word_1_69' title='bbox 624 950 735 1005; x_wconf 78' lang='lat' dir='ltr'>Stellam</span> <span class='ocrx_word' id='word_1_70' title='bbox 750 968 777 1023; x_wconf 89' lang='lat' dir='ltr'><strong>p.</strong></span> <span class='ocrx_word' id='word_1_71' title='bbox 793 949 865 1008; x_wconf 85' lang='lat'><strong>351.</strong></span> 
     </span>
     <span class='ocr_line' id='line_1_10' title="bbox 28 1032 1094 1108; baseline -0.005 -15"><span class='ocrx_word' id='word_1_72' title='bbox 28 1032 29 1062; x_wconf 66' lang='lat' dir='ltr'><strong>r</strong></span> <span class='ocrx_word' id='word_1_73' title='bbox 194 1032 244 1093; x_wconf 89' lang='grc'><strong>22.</strong></span> <span class='ocrx_word' id='word_1_74' title='bbox 269 1036 361 1091; x_wconf 75' lang='lat' dir='ltr'><strong>Ateius</strong></span> <span class='ocrx_word' id='word_1_75' title='bbox 383 1033 495 1108; x_wconf 77' lang='lat' dir='ltr'><strong>Capito,</strong></span> <span class='ocrx_word' id='word_1_76' title='bbox 516 1034 617 1107; x_wconf 77' lang='lat' dir='ltr'><strong>publici</strong></span> <span class='ocrx_word' id='word_1_77' title='bbox 640 1035 794 1106; x_wconf 88' lang='lat' dir='ltr'><strong>priuatique</strong></span> <span class='ocrx_word' id='word_1_78' title='bbox 816 1034 882 1088; x_wconf 89' lang='lat' dir='ltr'><strong>iuris</strong></span> <span class='ocrx_word' id='word_1_79' title='bbox 905 1034 1094 1105; x_wconf 87' lang='lat' dir='ltr'><strong>peritissimus,</strong></span> 
     </span>
     <span class='ocr_line' id='line_1_11' title="bbox 28 1116 1094 1192; baseline 0.004 -24"><span class='ocrx_word' id='word_1_80' title='bbox 28 1128 29 1168; x_wconf 66' lang='lat' dir='ltr'><strong>l</strong></span> <span class='ocrx_word' id='word_1_81' title='bbox 131 1118 196 1192; x_wconf 89' lang='lat' dir='ltr'><strong>quid</strong></span> <span class='ocrx_word' id='word_1_82' title='bbox 219 1118 263 1174; x_wconf 83' lang='lat' dir='ltr'><strong>lex</strong></span> <span class='ocrx_word' id='word_1_83' title='bbox 278 1126 361 1189; x_wconf 84' lang='lat' dir='ltr'><strong>esset,</strong></span> <span class='ocrx_word' id='word_1_84' title='bbox 384 1118 457 1174; x_wconf 88' lang='lat' dir='ltr'><strong>hisce</strong></span> <span class='ocrx_word' id='word_1_85' title='bbox 472 1117 563 1173; x_wconf 86' lang='lat' dir='ltr'><strong>uerbis</strong></span> <span class='ocrx_word' id='word_1_86' title='bbox 577 1116 716 1173; x_wconf 88' lang='lat' dir='ltr'><strong>deliniuit:</strong></span> <span class='ocrx_word' id='word_1_87' title='bbox 747 1116 833 1186; x_wconf 60' lang='grc' dir='ltr'><strong>Μ,</strong></span> <span class='ocrx_word' id='word_1_88' title='bbox 855 1118 954 1189; x_wconf 88' lang='lat' dir='ltr'><strong>inquit,</strong></span> <span class='ocrx_word' id='word_1_89' title='bbox 977 1116 1033 1172; x_wconf 73' lang='lat' dir='ltr'><strong>‘est</strong></span> <span class='ocrx_word' id='word_1_90' title='bbox 1048 1134 1094 1189; x_wconf 79' lang='lat' dir='ltr'><strong>ge·</strong></span> 
     </span>
     <span class='ocr_line' id='line_1_12' title="bbox 28 1198 1092 1275; baseline -0.002 -17"><span class='ocrx_word' id='word_1_91' title='bbox 28 1203 29 1234; x_wconf 50' lang='lat' dir='ltr'><strong>r</strong></span> <span class='ocrx_word' id='word_1_92' title='bbox 129 1202 223 1258; x_wconf 89' lang='lat' dir='ltr'><strong>nerale</strong></span> <span class='ocrx_word' id='word_1_93' title='bbox 237 1203 342 1257; x_wconf 88' lang='lat' dir='ltr'><strong>iussum</strong></span> <span class='ocrx_word' id='word_1_94' title='bbox 355 1201 452 1275; x_wconf 91' lang='lat' dir='ltr'><strong>populi</strong></span> <span class='ocrx_word' id='word_1_95' title='bbox 466 1210 513 1257; x_wconf 90' lang='lat' dir='ltr'><strong>aut</strong></span> <span class='ocrx_word' id='word_1_96' title='bbox 527 1200 624 1274; x_wconf 86' lang='lat' dir='ltr'><strong>plebis,</strong></span> <span class='ocrx_word' id='word_1_97' title='bbox 640 1207 755 1274; x_wconf 73' lang='lat' dir='ltr'><strong>rogante</strong></span> <span class='ocrx_word' id='word_1_98' title='bbox 770 1198 952 1273; x_wconf 75' lang='lat' dir='ltr'><strong>magistratu&#39;.</strong></span> <span class='ocrx_word' id='word_1_99' title='bbox 970 1228 1006 1241; x_wconf 90' lang='lat'><em>-</em></span> <span class='ocrx_word' id='word_1_100' title='bbox 1024 1199 1092 1256; x_wconf 87' lang='lat' dir='ltr'><strong>Geli.</strong></span> 
     </span>
     <span class='ocr_line' id='line_1_13' title="bbox 131 1285 337 1357; baseline -0.005 -16"><span class='ocrx_word' id='word_1_101' title='bbox 131 1287 183 1357; x_wconf 89' lang='grc'><strong>10,</strong></span> <span class='ocrx_word' id='word_1_102' title='bbox 198 1285 249 1343; x_wconf 94' lang='grc'><strong>20.</strong></span> <span class='ocrx_word' id='word_1_103' title='bbox 266 1286 293 1357; x_wconf 75' lang='lat' dir='ltr'><strong>S.</strong></span> <span class='ocrx_word' id='word_1_104' title='bbox 310 1285 337 1341; x_wconf 92' lang='grc'><strong>2.</strong></span> 
     </span>
    </p>

    <p class='ocr_par' dir='ltr' id='par_1_3' title="bbox 131 1366 1093 1527">
     <span class='ocr_line' id='line_1_14' title="bbox 193 1366 1093 1441; baseline -0.004 -13"><span class='ocrx_word' id='word_1_105' title='bbox 193 1366 244 1429; x_wconf 81' lang='grc'><strong>23.</strong></span> <span class='ocrx_word' id='word_1_106' title='bbox 271 1368 442 1425; x_wconf 73' lang='lat' dir='ltr'>plebiscitum</span> <span class='ocrx_word' id='word_1_107' title='bbox 463 1371 548 1440; x_wconf 76' lang='lat' dir='ltr'><strong>igitur</strong></span> <span class='ocrx_word' id='word_1_108' title='bbox 569 1377 612 1424; x_wconf 90' lang='lat' dir='ltr'><strong>cst</strong></span> <span class='ocrx_word' id='word_1_109' title='bbox 626 1367 773 1424; x_wconf 88' lang='lat' dir='ltr'><strong>secuudum</strong></span> <span class='ocrx_word' id='word_1_110' title='bbox 790 1383 851 1424; x_wconf 91' lang='lat' dir='ltr'><strong>eum</strong></span> <span class='ocrx_word' id='word_1_111' title='bbox 867 1367 1025 1441; x_wconf 78' lang='lat' dir='ltr'><strong>Capitonem</strong></span> <span class='ocrx_word' id='word_1_112' title='bbox 1040 1368 1093 1441; x_wconf 83' lang='lat' dir='ltr'><strong>lea,</strong></span> 
     </span>
     <span class='ocr_line' id='line_1_15' title="bbox 131 1444 1040 1527; baseline -0.002 -18"><span class='ocrx_word' id='word_1_113' title='bbox 131 1470 211 1527; x_wconf 86' lang='lat' dir='ltr'><strong>quam</strong></span> <span class='ocrx_word' id='word_1_114' title='bbox 227 1453 331 1527; x_wconf 85' lang='lat' dir='ltr'><strong>plebes,</strong></span> <span class='ocrx_word' id='word_1_115' title='bbox 346 1470 401 1509; x_wconf 90' lang='lat' dir='ltr'><strong>non</strong></span> <span class='ocrx_word' id='word_1_116' title='bbox 415 1452 534 1526; x_wconf 87' lang='lat' dir='ltr'><strong>populus</strong></span> <span class='ocrx_word' id='word_1_117' title='bbox 550 1444 678 1526; x_wconf 82' lang='lat' dir='ltr'><strong>accipit.³</strong></span> <span class='ocrx_word' id='word_1_118' title='bbox 694 1481 732 1491; x_wconf 92' lang='lat'>-</span> <span class='ocrx_word' id='word_1_119' title='bbox 749 1451 816 1509; x_wconf 86' lang='lat' dir='ltr'><strong>Geli.</strong></span> <span class='ocrx_word' id='word_1_120' title='bbox 834 1452 883 1523; x_wconf 86' lang='grc'><strong>10,</strong></span> <span class='ocrx_word' id='word_1_121' title='bbox 900 1451 948 1510; x_wconf 88' lang='grc'><strong>20.</strong></span> <span class='ocrx_word' id='word_1_122' title='bbox 965 1451 994 1522; x_wconf 72' lang='lat' dir='ltr'><strong>S.</strong></span> <span class='ocrx_word' id='word_1_123' title='bbox 1011 1452 1040 1509; x_wconf 88' lang='grc'><strong>6.</strong></span> 
     </span>
    </p>

    <p class='ocr_par' dir='ltr' id='par_1_4' title="bbox 130 1533 1094 2112">
     <span class='ocr_line' id='line_1_16' title="bbox 194 1533 1094 1615; baseline -0.003 -21"><span class='ocrx_word' id='word_1_124' title='bbox 194 1533 244 1594; x_wconf 78' lang='grc'><strong>24.</strong></span> <span class='ocrx_word' id='word_1_125' title='bbox 267 1534 372 1603; x_wconf 81' lang='lat' dir='ltr'><strong>Quanto</strong></span> <span class='ocrx_word' id='word_1_126' title='bbox 393 1553 483 1615; x_wconf 44' lang='lat' dir='ltr'><strong>,opere</strong></span> <span class='ocrx_word' id='word_1_127' title='bbox 511 1543 600 1592; x_wconf 89' lang='lat' dir='ltr'><strong>autem</strong></span> <span class='ocrx_word' id='word_1_128' title='bbox 623 1551 703 1591; x_wconf 89' lang='lat' dir='ltr'><strong>curae</strong></span> <span class='ocrx_word' id='word_1_129' title='bbox 725 1535 822 1606; x_wconf 81' lang='lat' dir='ltr'><strong>luerit,</strong></span> <span class='ocrx_word' id='word_1_130' title='bbox 850 1552 885 1591; x_wconf 89' lang='lat' dir='ltr'><strong>ne</strong></span> <span class='ocrx_word' id='word_1_131' title='bbox 908 1536 969 1609; x_wconf 88' lang='lat' dir='ltr'><strong>quis</strong></span> <span class='ocrx_word' id='word_1_132' title='bbox 992 1535 1094 1591; x_wconf 87' lang='lat' dir='ltr'><strong>uiolare</strong></span> 
     </span>
     <span class='ocr_line' id='line_1_17' title="bbox 130 1618 1094 1693; baseline -0.003 -16"><span class='ocrx_word' id='word_1_133' title='bbox 130 1621 232 1678; x_wconf 85' lang='lat' dir='ltr'><strong>ductus</strong></span> <span class='ocrx_word' id='word_1_134' title='bbox 247 1636 379 1693; x_wconf 87' lang='lat' dir='ltr'><strong>aquamue</strong></span> <span class='ocrx_word' id='word_1_135' title='bbox 393 1635 448 1675; x_wconf 89' lang='lat' dir='ltr'><strong>nou</strong></span> <span class='ocrx_word' id='word_1_136' title='bbox 463 1636 618 1676; x_wconf 74' lang='lat' dir='ltr'><strong>concessam</strong></span> <span class='ocrx_word' id='word_1_137' title='bbox 633 1619 757 1676; x_wconf 89' lang='lat' dir='ltr'><strong>deriuare</strong></span> <span class='ocrx_word' id='word_1_138' title='bbox 772 1618 894 1690; x_wconf 86' lang='lat' dir='ltr'><strong>auderet,</strong></span> <span class='ocrx_word' id='word_1_139' title='bbox 909 1636 969 1675; x_wconf 89' lang='lat' dir='ltr'><strong>cum</strong></span> <span class='ocrx_word' id='word_1_140' title='bbox 981 1634 1014 1675; x_wconf 82' lang='lat' dir='ltr'><strong>ex</strong></span> <span class='ocrx_word' id='word_1_141' title='bbox 1026 1618 1094 1674; x_wconf 90' lang='lat' dir='ltr'><strong>mul-</strong></span> 
     </span>
     <span class='ocr_line' id='line_1_18' title="bbox 131 1703 1094 1779; baseline -0.002 -19"><span class='ocrx_word' id='word_1_142' title='bbox 131 1707 165 1761; x_wconf 90' lang='lat' dir='ltr'><strong>tis</strong></span> <span class='ocrx_word' id='word_1_143' title='bbox 181 1720 314 1779; x_wconf 89' lang='lat' dir='ltr'><strong>apparere</strong></span> <span class='ocrx_word' id='word_1_144' title='bbox 328 1712 431 1778; x_wconf 85' lang='lat' dir='ltr'><strong>potest,</strong></span> <span class='ocrx_word' id='word_1_145' title='bbox 446 1712 504 1759; x_wconf 90' lang='lat' dir='ltr'><strong>tum</strong></span> <span class='ocrx_word' id='word_1_146' title='bbox 520 1719 551 1759; x_wconf 83' lang='lat' dir='ltr'><strong>er</strong></span> <span class='ocrx_word' id='word_1_147' title='bbox 567 1719 611 1774; x_wconf 87' lang='lat' dir='ltr'><strong>co,</strong></span> <span class='ocrx_word' id='word_1_148' title='bbox 626 1703 701 1776; x_wconf 82' lang='lat' dir='ltr'><strong>quod</strong></span> <span class='ocrx_word' id='word_1_149' title='bbox 712 1704 799 1759; x_wconf 88' lang='lat' dir='ltr'><strong>circus</strong></span> <span class='ocrx_word' id='word_1_150' title='bbox 811 1705 941 1759; x_wconf 79' lang='lat' dir='ltr'><strong>maximus</strong></span> <span class='ocrx_word' id='word_1_151' title='bbox 952 1720 985 1759; x_wconf 90' lang='lat' dir='ltr'><strong>ne</strong></span> <span class='ocrx_word' id='word_1_152' title='bbox 998 1703 1094 1759; x_wconf 88' lang='lat' dir='ltr'><strong>diebus</strong></span> 
     </span>
     <span class='ocr_line' id='line_1_19' title="bbox 131 1785 1094 1862; baseline 0 -19"><span class='ocrx_word' id='word_1_153' title='bbox 131 1789 242 1862; x_wconf 88' lang='lat' dir='ltr'><strong>quidem</strong></span> <span class='ocrx_word' id='word_1_154' title='bbox 265 1787 391 1843; x_wconf 88' lang='lat' dir='ltr'><strong>ludorum</strong></span> <span class='ocrx_word' id='word_1_155' title='bbox 413 1788 572 1843; x_wconf 83' lang='lat' dir='ltr'><strong>circensium</strong></span> <span class='ocrx_word' id='word_1_156' title='bbox 594 1788 646 1842; x_wconf 92' lang='lat' dir='ltr'><strong>nisi</strong></span> <span class='ocrx_word' id='word_1_157' title='bbox 668 1785 793 1842; x_wconf 90' lang='lat' dir='ltr'><strong>aedilium</strong></span> <span class='ocrx_word' id='word_1_158' title='bbox 815 1796 861 1842; x_wconf 88' lang='lat' dir='ltr'><strong>aut</strong></span> <span class='ocrx_word' id='word_1_159' title='bbox 877 1804 1020 1844; x_wconf 90' lang='lat' dir='ltr'><strong>censorum</strong></span> <span class='ocrx_word' id='word_1_160' title='bbox 1033 1804 1094 1861; x_wconf 91' lang='lat' dir='ltr'><strong>per·</strong></span> 
     </span>
     <span class='ocr_line' id='line_1_20' title="bbox 131 1870 1093 1945; baseline -0.003 -17"><span class='ocrx_word' id='word_1_161' title='bbox 131 1875 218 1928; x_wconf 90' lang='lat' dir='ltr'><strong>missu</strong></span> <span class='ocrx_word' id='word_1_162' title='bbox 233 1870 412 1944; x_wconf 80' lang='lat' dir='ltr'><strong>irrigabatur:</strong></span> <span class='ocrx_word' id='word_1_163' title='bbox 435 1871 508 1945; x_wconf 90' lang='lat' dir='ltr'><strong>quod</strong></span> <span class='ocrx_word' id='word_1_164' title='bbox 529 1871 641 1926; x_wconf 78' lang='lat' dir='ltr'><strong>(iurasse</strong></span> <span class='ocrx_word' id='word_1_165' title='bbox 657 1872 736 1926; x_wconf 86' lang='lat' dir='ltr'><strong>etiam</strong></span> <span class='ocrx_word' id='word_1_166' title='bbox 751 1878 894 1944; x_wconf 80' lang='lat' dir='ltr'><strong>postquam</strong></span> <span class='ocrx_word' id='word_1_167' title='bbox 910 1888 954 1927; x_wconf 90' lang='lat' dir='ltr'><strong>res</strong></span> <span class='ocrx_word' id='word_1_168' title='bbox 970 1871 1003 1926; x_wconf 86' lang='lat' dir='ltr'><strong>ad</strong></span> <span class='ocrx_word' id='word_1_169' title='bbox 1019 1888 1093 1927; x_wconf 90' lang='lat' dir='ltr'><strong>cura·</strong></span> 
     </span>
     <span class='ocr_line' id='line_1_21' title="bbox 132 1953 1093 2029; baseline 0 -18"><span class='ocrx_word' id='word_1_170' title='bbox 132 1964 208 2012; x_wconf 91' lang='lat' dir='ltr'><strong>tores</strong></span> <span class='ocrx_word' id='word_1_171' title='bbox 230 1956 339 2011; x_wconf 83' lang='lat' dir='ltr'><strong>transiit</strong></span> <span class='ocrx_word' id='word_1_172' title='bbox 360 1953 411 2011; x_wconf 89' lang='lat' dir='ltr'><strong>sub</strong></span> <span class='ocrx_word' id='word_1_173' title='bbox 425 1956 563 2029; x_wconf 76' lang='lat' dir='ltr'><strong>Augusto,</strong></span> <span class='ocrx_word' id='word_1_174' title='bbox 586 1954 656 2027; x_wconf 89' lang='lat' dir='ltr'><strong>apud</strong></span> <span class='ocrx_word' id='word_1_175' title='bbox 673 1955 778 2009; x_wconf 82' lang='lat' dir='ltr'><strong>Ateium</strong></span> <span class='ocrx_word' id='word_1_176' title='bbox 794 1953 949 2027; x_wconf 81' lang='lat' dir='ltr'><strong>Capitonem</strong></span> <span class='ocrx_word' id='word_1_177' title='bbox 965 1954 1093 2028; x_wconf 78' lang='lat' dir='ltr'><strong>legimus</strong></span> 
     </span>
     <span class='ocr_line' id='line_1_22' title="bbox 131 2036 725 2112; baseline -0.002 -18"><span class='ocrx_word' id='word_1_178' title='bbox 131 2070 172 2079; x_wconf 96' lang='lat'><em>-</em></span> <span class='ocrx_word' id='word_1_179' title='bbox 187 2038 312 2094; x_wconf 82' lang='lat' dir='ltr'><strong>Frontin.</strong></span> <span class='ocrx_word' id='word_1_180' title='bbox 328 2038 362 2095; x_wconf 88' lang='lat' dir='ltr'><strong>de</strong></span> <span class='ocrx_word' id='word_1_181' title='bbox 377 2040 490 2112; x_wconf 88' lang='lat' dir='ltr'><strong>aquaed.</strong></span> <span class='ocrx_word' id='word_1_182' title='bbox 505 2039 556 2095; x_wconf 82' lang='grc'><strong>97.</strong></span> <span class='ocrx_word' id='word_1_183' title='bbox 573 2038 636 2093; x_wconf 86' lang='lat' dir='ltr'><strong>coll.</strong></span> <span class='ocrx_word' id='word_1_184' title='bbox 655 2036 725 2094; x_wconf 86' lang='grc'><strong>102.</strong></span> 
     </span>
    </p>

    <p class='ocr_par' dir='ltr' id='par_1_5' title="bbox 132 2120 1096 2697">
     <span class='ocr_line' id='line_1_23' title="bbox 195 2120 1093 2195; baseline -0.004 -14"><span class='ocrx_word' id='word_1_185' title='bbox 195 2120 245 2181; x_wconf 70' lang='grc'><strong>25.</strong></span> <span class='ocrx_word' id='word_1_186' title='bbox 270 2124 304 2178; x_wconf 82' lang='lat' dir='ltr'><strong>At</strong></span> <span class='ocrx_word' id='word_1_187' title='bbox 319 2121 413 2195; x_wconf 86' lang='lat' dir='ltr'><strong>Capito</strong></span> <span class='ocrx_word' id='word_1_188' title='bbox 430 2124 521 2177; x_wconf 77' lang='lat' dir='ltr'><strong>Ateius</strong></span> <span class='ocrx_word' id='word_1_189' title='bbox 544 2123 570 2177; x_wconf 92' lang='lat' dir='ltr'><strong>in</strong></span> <span class='ocrx_word' id='word_1_190' title='bbox 593 2121 685 2177; x_wconf 90' lang='lat' dir='ltr'><strong>eadem</strong></span> <span class='ocrx_word' id='word_1_191' title='bbox 709 2120 817 2194; x_wconf 88' lang='lat' dir='ltr'><strong>quidem</strong></span> <span class='ocrx_word' id='word_1_192' title='bbox 834 2122 960 2194; x_wconf 86' lang='lat' dir='ltr'><strong>opinione</strong></span> <span class='ocrx_word' id='word_1_193' title='bbox 977 2129 1028 2193; x_wconf 83' lang='lat' dir='ltr'><strong>est,</strong></span> <span class='ocrx_word' id='word_1_194' title='bbox 1044 2120 1093 2177; x_wconf 88' lang='lat' dir='ltr'><strong>scd</strong></span> 
     </span>
     <span class='ocr_line' id='line_1_24' title="bbox 132 2197 1094 2280; baseline -0.002 -18"><span class='ocrx_word' id='word_1_195' title='bbox 132 2206 256 2280; x_wconf 79' lang='lat' dir='ltr'><strong>exemplo</strong></span> <span class='ocrx_word' id='word_1_196' title='bbox 279 2205 390 2262; x_wconf 88' lang='lat' dir='ltr'><strong>adiuuat</strong></span> <span class='ocrx_word' id='word_1_197' title='bbox 411 2207 671 2278; x_wconf 85' lang='lat' dir='ltr'><strong>interpretationem.</strong></span> <span class='ocrx_word' id='word_1_198' title='bbox 705 2197 842 2259; x_wconf 64' lang='lat' dir='ltr'><strong>‘coenant</strong></span> <span class='ocrx_word' id='word_1_199' title='bbox 864 2207 891 2259; x_wconf 90' lang='lat' dir='ltr'><strong>in</strong></span> <span class='ocrx_word' id='word_1_200' title='bbox 914 2203 1030 2259; x_wconf 86' lang='lat' dir='ltr'><strong>secunda</strong></span> <span class='ocrx_word' id='word_1_201' title='bbox 1054 2213 1094 2260; x_wconf 91' lang='lat' dir='ltr'><strong>ta·</strong></span> 
     </span>
     <span class='ocr_line' id='line_1_25' title="bbox 132 2283 1094 2362; baseline -0.003 -17"><span class='ocrx_word' id='word_1_202' title='bbox 132 2289 193 2345; x_wconf 90' lang='lat' dir='ltr'><strong>buia</strong></span> <span class='ocrx_word' id='word_1_203' title='bbox 210 2289 327 2347; x_wconf 87' lang='lat' dir='ltr'><strong>secunda</strong></span> <span class='ocrx_word' id='word_1_204' title='bbox 342 2288 427 2362; x_wconf 78' lang='lat' dir='ltr'><strong>lege’,</strong></span> <span class='ocrx_word' id='word_1_205' title='bbox 444 2283 569 2362; x_wconf 75' lang='lat' dir='ltr'><strong>’inquit,⁶</strong></span> <span class='ocrx_word' id='word_1_206' title='bbox 584 2288 726 2362; x_wconf 76' lang='lat' dir='ltr'><strong>‘scriptum</strong></span> <span class='ocrx_word' id='word_1_207' title='bbox 743 2296 800 2343; x_wconf 86' lang='lat' dir='ltr'><strong>est:</strong></span> <span class='ocrx_word' id='word_1_208' title='bbox 823 2284 917 2354; x_wconf 78' lang='lat' dir='ltr'><strong>“Quid</strong></span> <span class='ocrx_word' id='word_1_209' title='bbox 933 2288 1029 2342; x_wconf 86' lang='lat' dir='ltr'><strong>horum</strong></span> <span class='ocrx_word' id='word_1_210' title='bbox 1042 2287 1094 2343; x_wconf 81' lang='lat' dir='ltr'><strong>luit</strong></span> 
     </span>
     <span class='ocr_line' id='line_1_26' title="bbox 132 2363 1096 2442; baseline 0 -15"><span class='ocrx_word' id='word_1_211' title='bbox 132 2390 216 2429; x_wconf 87' lang='lat' dir='ltr'><strong>unum</strong></span> <span class='ocrx_word' id='word_1_212' title='bbox 238 2373 321 2430; x_wconf 88' lang='lat' dir='ltr'><strong>iudici</strong></span> <span class='ocrx_word' id='word_1_213' title='bbox 342 2372 479 2429; x_wconf 87' lang='lat' dir='ltr'><strong>arbitroue</strong></span> <span class='ocrx_word' id='word_1_214' title='bbox 500 2388 594 2442; x_wconf 80' lang='lat' dir='ltr'><strong>moue,</strong></span> <span class='ocrx_word' id='word_1_215' title='bbox 617 2389 650 2428; x_wconf 89' lang='lat' dir='ltr'><strong>eo</strong></span> <span class='ocrx_word' id='word_1_216' title='bbox 673 2372 739 2427; x_wconf 85' lang='lat' dir='ltr'><strong>&#39;dics</strong></span> <span class='ocrx_word' id='word_1_217' title='bbox 762 2363 911 2427; x_wconf 81' lang='lat' dir='ltr'><strong>diffensus⁶</strong></span> <span class='ocrx_word' id='word_1_218' title='bbox 933 2368 1028 2427; x_wconf 90' lang='lat' dir='ltr'><strong>esto’&#39;.</strong></span> <span class='ocrx_word' id='word_1_219' title='bbox 1052 2372 1096 2427; x_wconf 90' lang='lat' dir='ltr'><strong>hic</strong></span> 
     </span>
     <span class='ocr_line' id='line_1_27' title="bbox 133 2456 1095 2530; baseline -0.002 -18"><span class='ocrx_word' id='word_1_220' title='bbox 133 2465 248 2530; x_wconf 89' lang='lat' dir='ltr'><strong>uterque</strong></span> <span class='ocrx_word' id='word_1_221' title='bbox 270 2465 347 2513; x_wconf 90' lang='lat' dir='ltr'><strong>actor</strong></span> <span class='ocrx_word' id='word_1_222' title='bbox 368 2472 485 2530; x_wconf 88' lang='lat' dir='ltr'><strong>reusque</strong></span> <span class='ocrx_word' id='word_1_223' title='bbox 504 2458 531 2511; x_wconf 90' lang='lat' dir='ltr'><strong>in</strong></span> <span class='ocrx_word' id='word_1_224' title='bbox 547 2456 647 2512; x_wconf 87' lang='lat' dir='ltr'><strong>iudicio</strong></span> <span class='ocrx_word' id='word_1_225' title='bbox 663 2458 702 2511; x_wconf 90' lang='lat' dir='ltr'><strong>rei</strong></span> <span class='ocrx_word' id='word_1_226' title='bbox 719 2464 859 2514; x_wconf 87' lang='lat' dir='ltr'><strong>uocantur.</strong></span> <span class='ocrx_word' id='word_1_227' title='bbox 882 2458 1001 2527; x_wconf 89' lang='lat' dir='ltr'><strong>itemque</strong></span> <span class='ocrx_word' id='word_1_228' title='bbox 1018 2471 1095 2511; x_wconf 83' lang='lat' dir='ltr'><strong>accu-</strong></span> 
     </span>
     <span class='ocr_line' id='line_1_28' title="bbox 133 2533 1092 2610; baseline -0.003 -14"><span class='ocrx_word' id='word_1_229' title='bbox 133 2550 209 2598; x_wconf 86' lang='lat' dir='ltr'><strong>sator</strong></span> <span class='ocrx_word' id='word_1_230' title='bbox 222 2533 319 2596; x_wconf 77' lang='lat' dir='ltr'><strong>’reus⁷</strong></span> <span class='ocrx_word' id='word_1_231' title='bbox 334 2542 436 2597; x_wconf 88' lang='lat' dir='ltr'><strong>accitur</strong></span> <span class='ocrx_word' id='word_1_232' title='bbox 451 2557 525 2596; x_wconf 88' lang='lat' dir='ltr'><strong>more</strong></span> <span class='ocrx_word' id='word_1_233' title='bbox 540 2548 634 2595; x_wconf 89' lang='lat' dir='ltr'><strong>uetere</strong></span> <span class='ocrx_word' id='word_1_234' title='bbox 650 2547 677 2595; x_wconf 88' lang='lat' dir='ltr'><strong>et</strong></span> <span class='ocrx_word' id='word_1_235' title='bbox 692 2539 888 2595; x_wconf 85' lang='lat' dir='ltr'><strong>consuetudine</strong></span> <span class='ocrx_word' id='word_1_236' title='bbox 905 2537 1034 2610; x_wconf 86' lang='lat' dir='ltr'><strong>antiqua&#39;.</strong></span> <span class='ocrx_word' id='word_1_237' title='bbox 1055 2569 1092 2579; x_wconf 88' lang='lat'>-</span> 
     </span>
     <span class='ocr_line' id='line_1_29' title="bbox 132 2624 467 2697; baseline 0.009 -17"><span class='ocrx_word' id='word_1_238' title='bbox 132 2625 206 2685; x_wconf 72' lang='lat' dir='ltr'><strong>lest.</strong></span> <span class='ocrx_word' id='word_1_239' title='bbox 222 2644 246 2679; x_wconf 85' lang='lat' dir='ltr'><strong>v.</strong></span> <span class='ocrx_word' id='word_1_240' title='bbox 264 2625 335 2680; x_wconf 86' lang='lat' dir='ltr'><strong>Reus</strong></span> <span class='ocrx_word' id='word_1_241' title='bbox 350 2642 378 2697; x_wconf 85' lang='lat' dir='ltr'><strong>p.</strong></span> <span class='ocrx_word' id='word_1_242' title='bbox 395 2624 467 2684; x_wconf 83' lang='grc'><strong>273.</strong></span> 
     </span>
    </p>
   </div>
   <div class='ocr_carea' id='block_1_3' title="bbox 128 2729 1098 3650">
    <p class='ocr_par' dir='ltr' id='par_1_6' title="bbox 128 2729 1098 3650">
     <span class='ocr_line' id='line_1_30' title="bbox 128 2729 1096 2802; baseline -0.002 -13"><span class='ocrx_word' id='word_1_243' title='bbox 128 2736 322 2802; x_wconf 67' lang='lat' dir='ltr'><strong>pertinentiam</strong></span> <span class='ocrx_word' id='word_1_244' title='bbox 334 2752 362 2787; x_wconf 82' lang='lat' dir='ltr'><strong>ae</strong></span> <span class='ocrx_word' id='word_1_245' title='bbox 372 2738 565 2802; x_wconf 76' lang='lat' dir='ltr'><strong>usumaitLpd.</strong></span> <span class='ocrx_word' id='word_1_246' title='bbox 581 2738 613 2786; x_wconf 84' lang='lat' dir='ltr'><strong>de</strong></span> <span class='ocrx_word' id='word_1_247' title='bbox 626 2744 716 2787; x_wconf 77' lang='lat' dir='ltr'><strong>asterii¹</strong></span> <span class='ocrx_word' id='word_1_248' title='bbox 735 2748 755 2787; x_wconf 80' lang='lat' dir='ltr'><strong>a.</strong></span> <span class='ocrx_word' id='word_1_249' title='bbox 765 2748 795 2798; x_wconf 74' lang='lat' dir='ltr'><strong>a,</strong></span> <span class='ocrx_word' id='word_1_250' title='bbox 811 2736 855 2786; x_wconf 85' lang='lat' dir='ltr'><strong>ubi</strong></span> <span class='ocrx_word' id='word_1_251' title='bbox 868 2737 1006 2786; x_wconf 79' lang='lat' dir='ltr'><strong>cameriam</strong></span> <span class='ocrx_word' id='word_1_252' title='bbox 1018 2729 1096 2800; x_wconf 73' lang='grc' dir='ltr'><strong><em>ἱερέα</em></strong></span> 
     </span>
     <span class='ocr_line' id='line_1_31' title="bbox 132 2807 1097 2875; baseline -0.004 -16"><span class='ocrx_word' id='word_1_253' title='bbox 132 2812 255 2875; x_wconf 82' lang='lat' dir='ltr'><strong>appellat,</strong></span> <span class='ocrx_word' id='word_1_254' title='bbox 266 2810 284 2858; x_wconf 89' lang='lat' dir='ltr'><strong>i.</strong></span> <span class='ocrx_word' id='word_1_255' title='bbox 295 2824 316 2857; x_wconf 91' lang='lat' dir='ltr'><strong>e.</strong></span> <span class='ocrx_word' id='word_1_256' title='bbox 324 2809 478 2871; x_wconf 77' lang='lat' dir='ltr'><strong>pontificem.</strong></span> <span class='ocrx_word' id='word_1_257' title='bbox 492 2807 557 2856; x_wconf 86' lang='lat' dir='ltr'><strong>Nam</strong></span> <span class='ocrx_word' id='word_1_258' title='bbox 569 2809 671 2871; x_wconf 77' lang='lat' dir='ltr'><strong>etlepcs</strong></span> <span class='ocrx_word' id='word_1_259' title='bbox 679 2807 797 2857; x_wconf 86' lang='lat' dir='ltr'><strong>ludorum</strong></span> <span class='ocrx_word' id='word_1_260' title='bbox 806 2808 964 2857; x_wconf 82' lang='lat' dir='ltr'><strong>secularium</strong></span> <span class='ocrx_word' id='word_1_261' title='bbox 976 2809 1097 2869; x_wconf 77' lang='lat' dir='ltr'><strong>eaposuir</strong></span> 
     </span>
     <span class='ocr_line' id='line_1_32' title="bbox 133 2876 1095 2945; baseline -0.003 -16"><span class='ocrx_word' id='word_1_262' title='bbox 133 2888 240 2931; x_wconf 79' lang='lat' dir='ltr'><strong>auctore</strong></span> <span class='ocrx_word' id='word_1_263' title='bbox 252 2878 343 2945; x_wconf 76' lang='lat' dir='ltr'><strong>Zoeim.</strong></span> <span class='ocrx_word' id='word_1_264' title='bbox 354 2890 375 2939; x_wconf 77' lang='lat'><strong>2,</strong></span> <span class='ocrx_word' id='word_1_265' title='bbox 385 2890 406 2928; x_wconf 77' lang='lat' dir='ltr'><strong>t.</strong></span> <span class='ocrx_word' id='word_1_266' title='bbox 416 2876 501 2944; x_wconf 77' lang='lat' dir='ltr'><strong>(iufra</strong></span> <span class='ocrx_word' id='word_1_267' title='bbox 512 2894 578 2926; x_wconf 86' lang='lat' dir='ltr'><strong>num.</strong></span> <span class='ocrx_word' id='word_1_268' title='bbox 586 2876 623 2942; x_wconf 73' lang='lat'><strong>34)</strong></span> <span class='ocrx_word' id='word_1_269' title='bbox 632 2879 797 2941; x_wconf 83' lang='lat' dir='ltr'><strong>utplcraquc,</strong></span> <span class='ocrx_word' id='word_1_270' title='bbox 808 2893 872 2941; x_wconf 82' lang='lat' dir='ltr'><strong>quae</strong></span> <span class='ocrx_word' id='word_1_271' title='bbox 885 2880 908 2927; x_wconf 92' lang='lat' dir='ltr'><strong>is</strong></span> <span class='ocrx_word' id='word_1_272' title='bbox 917 2876 1095 2927; x_wconf 75' lang='lat' dir='ltr'><strong>delocsacrl-</strong></span> 
     </span>
     <span class='ocr_line' id='line_1_33' title="bbox 130 2945 1098 3012; baseline -0.003 -12"><span class='ocrx_word' id='word_1_273' title='bbox 130 2952 191 3012; x_wconf 78' lang='lat' dir='ltr'><strong>flcio</strong></span> <span class='ocrx_word' id='word_1_274' title='bbox 199 2950 291 3011; x_wconf 82' lang='lat' dir='ltr'><strong>tradit,</strong></span> <span class='ocrx_word' id='word_1_275' title='bbox 297 2964 331 2997; x_wconf 84' lang='lat' dir='ltr'><strong>cac</strong></span> <span class='ocrx_word' id='word_1_276' title='bbox 339 2949 521 3012; x_wconf 83' lang='lat' dir='ltr'><strong>Aleiosurapta</strong></span> <span class='ocrx_word' id='word_1_277' title='bbox 531 2963 585 2997; x_wconf 87' lang='lat' dir='ltr'><strong>esse</strong></span> <span class='ocrx_word' id='word_1_278' title='bbox 593 2949 739 2997; x_wconf 83' lang='lat' dir='ltr'><strong>uideuatur.</strong></span> <span class='ocrx_word' id='word_1_279' title='bbox 757 2946 873 3007; x_wconf 72' lang='lat' dir='ltr'><strong>(laianu,</strong></span> <span class='ocrx_word' id='word_1_280' title='bbox 882 2948 951 3012; x_wconf 86' lang='lat' dir='ltr'><strong>quod</strong></span> <span class='ocrx_word' id='word_1_281' title='bbox 957 2945 1051 2996; x_wconf 81' lang='lat' dir='ltr'><strong>Osann.</strong></span> <span class='ocrx_word' id='word_1_282' title='bbox 1062 2950 1098 2997; x_wconf 87' lang='lat' dir='ltr'><strong>ad</strong></span> 
     </span>
     <span class='ocr_line' id='line_1_34' title="bbox 134 3017 1095 3085; baseline -0.001 -17"><span class='ocrx_word' id='word_1_283' title='bbox 134 3021 257 3085; x_wconf 83' lang='lat' dir='ltr'><strong>Pompou.</strong></span> <span class='ocrx_word' id='word_1_284' title='bbox 264 3035 293 3083; x_wconf 84' lang='lat' dir='ltr'><strong>p.</strong></span> <span class='ocrx_word' id='word_1_285' title='bbox 304 3031 337 3070; x_wconf 80' lang='lat' dir='ltr'><strong>ut.</strong></span> <span class='ocrx_word' id='word_1_286' title='bbox 348 3020 380 3068; x_wconf 85' lang='lat' dir='ltr'><strong>de</strong></span> <span class='ocrx_word' id='word_1_287' title='bbox 392 3018 514 3082; x_wconf 81' lang='lat' dir='ltr'><strong>Capitone</strong></span> <span class='ocrx_word' id='word_1_288' title='bbox 523 3019 696 3069; x_wconf 82' lang='lat' dir='ltr'><strong>seuduolasse</strong></span> <span class='ocrx_word' id='word_1_289' title='bbox 708 3018 789 3067; x_wconf 84' lang='lat' dir='ltr'><strong>ailad</strong></span> <span class='ocrx_word' id='word_1_290' title='bbox 798 3018 880 3069; x_wconf 88' lang='lat' dir='ltr'><strong>Laur.</strong></span> <span class='ocrx_word' id='word_1_291' title='bbox 891 3018 959 3084; x_wconf 76' lang='lat' dir='ltr'><strong>Lyd.</strong></span> <span class='ocrx_word' id='word_1_292' title='bbox 968 3017 1000 3066; x_wconf 86' lang='lat' dir='ltr'><strong>de</strong></span> <span class='ocrx_word' id='word_1_293' title='bbox 1008 3026 1095 3067; x_wconf 85' lang='lat' dir='ltr'><strong>comet.</strong></span> 
     </span>
     <span class='ocr_line' id='line_1_35' title="bbox 130 3086 1096 3157; baseline -0.006 -14"><span class='ocrx_word' id='word_1_294' title='bbox 130 3106 155 3154; x_wconf 83' lang='lat' dir='ltr'><strong>p.</strong></span> <span class='ocrx_word' id='word_1_295' title='bbox 164 3104 198 3143; x_wconf 75' lang='lat'><strong>22.</strong></span> <span class='ocrx_word' id='word_1_296' title='bbox 207 3094 311 3157; x_wconf 81' lang='lat' dir='ltr'><strong>ipnoro‚</strong></span> <span class='ocrx_word' id='word_1_297' title='bbox 318 3104 413 3139; x_wconf 81' lang='lat' dir='ltr'><strong>cumae</strong></span> <span class='ocrx_word' id='word_1_298' title='bbox 417 3090 550 3153; x_wconf 84' lang='lat' dir='ltr'><strong>prodiisse</strong></span> <span class='ocrx_word' id='word_1_299' title='bbox 561 3090 662 3153; x_wconf 83' lang='lat' dir='ltr'><strong>quidem</strong></span> <span class='ocrx_word' id='word_1_300' title='bbox 670 3090 693 3137; x_wconf 88' lang='lat' dir='ltr'><strong>is</strong></span> <span class='ocrx_word' id='word_1_301' title='bbox 703 3088 768 3137; x_wconf 83' lang='lat' dir='ltr'><strong>liber</strong></span> <span class='ocrx_word' id='word_1_302' title='bbox 779 3090 907 3141; x_wconf 85' lang='lat' dir='ltr'><strong>uideatur.</strong></span> <span class='ocrx_word' id='word_1_303' title='bbox 930 3086 949 3153; x_wconf 89' lang='grc'><strong>1)</strong></span> <span class='ocrx_word' id='word_1_304' title='bbox 957 3087 1096 3150; x_wconf 88' lang='lat' dir='ltr'><strong>Suppleui;</strong></span> 
     </span>
     <span class='ocr_line' id='line_1_36' title="bbox 134 3155 1095 3227; baseline -0.006 -15"><span class='ocrx_word' id='word_1_305' title='bbox 134 3160 663 3227; x_wconf 79' lang='lat' dir='ltr'><strong>abcequcasoerbumexcidicseuideatur.</strong></span> <span class='ocrx_word' id='word_1_306' title='bbox 686 3155 826 3224; x_wconf 76' lang='lat' dir='ltr'><strong>¹)Scripsi,·</strong></span> <span class='ocrx_word' id='word_1_307' title='bbox 833 3160 924 3209; x_wconf 88' lang='lat' dir='ltr'><strong>stellam</strong></span> <span class='ocrx_word' id='word_1_308' title='bbox 935 3172 994 3222; x_wconf 86' lang='lat' dir='ltr'><strong>quae</strong></span> <span class='ocrx_word' id='word_1_309' title='bbox 1003 3158 1095 3206; x_wconf 82' lang='lat' dir='ltr'><strong>lamella</strong></span> 
     </span>
     <span class='ocr_line' id='line_1_37' title="bbox 134 3227 1096 3295; baseline -0.002 -15"><span class='ocrx_word' id='word_1_310' title='bbox 134 3247 202 3281; x_wconf 84' lang='lat' dir='ltr'><strong>aerea</strong></span> <span class='ocrx_word' id='word_1_311' title='bbox 214 3232 332 3282; x_wconf 85' lang='lat' dir='ltr'><strong>adsimilis</strong></span> <span class='ocrx_word' id='word_1_312' title='bbox 351 3231 397 3280; x_wconf 83' lang='lat' dir='ltr'><strong>Gd.</strong></span> <span class='ocrx_word' id='word_1_313' title='bbox 407 3231 530 3295; x_wconf 85' lang='lat' dir='ltr'><strong>Plerique</strong></span> <span class='ocrx_word' id='word_1_314' title='bbox 538 3231 629 3279; x_wconf 88' lang='lat' dir='ltr'><strong>stellam</strong></span> <span class='ocrx_word' id='word_1_315' title='bbox 644 3238 803 3294; x_wconf 77' lang='lat' dir='ltr'><strong>eacpuupunt.</strong></span> <span class='ocrx_word' id='word_1_316' title='bbox 838 3227 859 3295; x_wconf 85' lang='lat'><strong>⁸)</strong></span> <span class='ocrx_word' id='word_1_317' title='bbox 876 3230 971 3286; x_wconf 86' lang='lat' dir='ltr'><strong>Potest,</strong></span> <span class='ocrx_word' id='word_1_318' title='bbox 987 3234 1015 3275; x_wconf 86' lang='lat' dir='ltr'><strong>ut</strong></span> <span class='ocrx_word' id='word_1_319' title='bbox 1029 3228 1096 3278; x_wconf 79' lang='lat' dir='ltr'><strong>lanc</strong></span> 
     </span>
     <span class='ocr_line' id='line_1_38' title="bbox 134 3300 1096 3366; baseline -0.007 -14"><span class='ocrx_word' id='word_1_320' title='bbox 134 3304 305 3366; x_wconf 78' lang='lat' dir='ltr'><strong>definitionem</strong></span> <span class='ocrx_word' id='word_1_321' title='bbox 320 3304 376 3365; x_wconf 87' lang='lat' dir='ltr'><strong>ipse</strong></span> <span class='ocrx_word' id='word_1_322' title='bbox 397 3300 494 3350; x_wconf 80' lang='lat' dir='ltr'><strong>Gellius</strong></span> <span class='ocrx_word' id='word_1_323' title='bbox 513 3317 547 3350; x_wconf 84' lang='lat' dir='ltr'><strong>eac</strong></span> <span class='ocrx_word' id='word_1_324' title='bbox 563 3300 735 3365; x_wconf 83' lang='lat' dir='ltr'><strong>Capitoniana</strong></span> <span class='ocrx_word' id='word_1_325' title='bbox 754 3302 818 3365; x_wconf 77' lang='lat' dir='ltr'><strong>lepis</strong></span> <span class='ocrx_word' id='word_1_326' title='bbox 836 3302 984 3363; x_wconf 80' lang='lat' dir='ltr'><strong>defiuitione</strong></span> <span class='ocrx_word' id='word_1_327' title='bbox 999 3304 1096 3346; x_wconf 81' lang='lat' dir='ltr'><strong>tantum</strong></span> 
     </span>
     <span class='ocr_line' id='line_1_39' title="bbox 134 3366 1095 3439; baseline -0.006 -18"><span class='ocrx_word' id='word_1_328' title='bbox 134 3375 255 3436; x_wconf 76' lang='lat' dir='ltr'><strong>effecerit.</strong></span> <span class='ocrx_word' id='word_1_329' title='bbox 286 3369 308 3439; x_wconf 86' lang='lat'><strong>⁴)</strong></span> <span class='ocrx_word' id='word_1_330' title='bbox 322 3370 427 3435; x_wconf 82' lang='lat' dir='ltr'><strong>Scripsi</strong></span> <span class='ocrx_word' id='word_1_331' title='bbox 439 3371 485 3437; x_wconf 84' lang='lat' dir='ltr'><strong>(ec.</strong></span> <span class='ocrx_word' id='word_1_332' title='bbox 502 3378 539 3419; x_wconf 88' lang='lat' dir='ltr'><strong>etc</strong></span> <span class='ocrx_word' id='word_1_333' title='bbox 554 3372 674 3421; x_wconf 73' lang='lat' dir='ltr'><strong>adhaesit</strong></span> <span class='ocrx_word' id='word_1_334' title='bbox 683 3388 705 3420; x_wconf 89' lang='lat' dir='ltr'><strong>o.</strong></span> <span class='ocrx_word' id='word_1_335' title='bbox 721 3370 931 3436; x_wconf 78' lang='lat' dir='ltr'><strong>interpretation).</strong></span> <span class='ocrx_word' id='word_1_336' title='bbox 960 3366 1035 3417; x_wconf 88' lang='lat' dir='ltr'><strong>Numa</strong></span> <span class='ocrx_word' id='word_1_337' title='bbox 1052 3367 1095 3416; x_wconf 74' lang='lat' dir='ltr'><strong>Cel.</strong></span> 
     </span>
     <span class='ocr_line' id='line_1_40' title="bbox 133 3437 1096 3509; baseline -0.008 -17"><span class='ocrx_word' id='word_1_338' title='bbox 133 3458 186 3492; x_wconf 89' lang='lat' dir='ltr'><strong>nam</strong></span> <span class='ocrx_word' id='word_1_339' title='bbox 201 3448 233 3509; x_wconf 64' lang='grc' dir='ltr'><strong>φ’.</strong></span> <span class='ocrx_word' id='word_1_340' title='bbox 251 3445 379 3508; x_wconf 84' lang='lat' dir='ltr'><strong>plerique.</strong></span> <span class='ocrx_word' id='word_1_341' title='bbox 418 3439 440 3505; x_wconf 64' lang='grc' dir='ltr'><strong>ι)</strong></span> <span class='ocrx_word' id='word_1_342' title='bbox 457 3441 575 3505; x_wconf 85' lang='lat' dir='ltr'><strong>Scripsi,·</strong></span> <span class='ocrx_word' id='word_1_343' title='bbox 592 3444 616 3491; x_wconf 88' lang='lat' dir='ltr'><strong>in</strong></span> <span class='ocrx_word' id='word_1_344' title='bbox 637 3458 682 3505; x_wconf 84' lang='lat' dir='ltr'><strong>qua</strong></span> <span class='ocrx_word' id='word_1_345' title='bbox 704 3440 747 3490; x_wconf 83' lang='lat' dir='ltr'><strong>Gd.</strong></span> <span class='ocrx_word' id='word_1_346' title='bbox 767 3442 825 3491; x_wconf 83' lang='lat' dir='ltr'><strong>cdd.</strong></span> <span class='ocrx_word' id='word_1_347' title='bbox 864 3437 886 3507; x_wconf 77' lang='lat'><strong>⁶)</strong></span> <span class='ocrx_word' id='word_1_348' title='bbox 901 3441 954 3489; x_wconf 87' lang='lat' dir='ltr'><strong>Hic</strong></span> <span class='ocrx_word' id='word_1_349' title='bbox 973 3439 1038 3486; x_wconf 85' lang='lat' dir='ltr'><strong>etin</strong></span> <span class='ocrx_word' id='word_1_350' title='bbox 1057 3452 1096 3485; x_wconf 86' lang='lat' dir='ltr'><strong>se·</strong></span> 
     </span>
     <span class='ocr_line' id='line_1_41' title="bbox 134 3507 1095 3579; baseline -0.011 -15"><span class='ocrx_word' id='word_1_351' title='bbox 134 3515 267 3579; x_wconf 78' lang='lat' dir='ltr'><strong>quenulae</strong></span> <span class='ocrx_word' id='word_1_352' title='bbox 277 3513 524 3577; x_wconf 77' lang='lat' dir='ltr'><strong>Mullcrumscqucr.</strong></span> <span class='ocrx_word' id='word_1_353' title='bbox 546 3513 585 3563; x_wconf 85' lang='lat' dir='ltr'><strong>Dc</strong></span> <span class='ocrx_word' id='word_1_354' title='bbox 594 3515 645 3563; x_wconf 80' lang='lat' dir='ltr'><strong>lrac</strong></span> <span class='ocrx_word' id='word_1_355' title='bbox 660 3514 714 3578; x_wconf 75' lang='lat' dir='ltr'><strong>lcpe</strong></span> <span class='ocrx_word' id='word_1_356' title='bbox 726 3511 787 3560; x_wconf 92' lang='lat' dir='ltr'><strong>XII</strong></span> <span class='ocrx_word' id='word_1_357' title='bbox 797 3511 846 3562; x_wconf 81' lang='lat' dir='ltr'><strong>lab.</strong></span> <span class='ocrx_word' id='word_1_358' title='bbox 860 3512 894 3573; x_wconf 86' lang='lat' dir='ltr'><strong>cf.</strong></span> <span class='ocrx_word' id='word_1_359' title='bbox 903 3507 997 3561; x_wconf 74' lang='lat' dir='ltr'><strong>setall.</strong></span> <span class='ocrx_word' id='word_1_360' title='bbox 1010 3523 1038 3571; x_wconf 89' lang='lat' dir='ltr'><strong>p.</strong></span> <span class='ocrx_word' id='word_1_361' title='bbox 1049 3518 1095 3557; x_wconf 75' lang='lat'>120.</span> 
     </span>
     <span class='ocr_line' id='line_1_42' title="bbox 136 3573 1094 3650; baseline -0.013 -15"><span class='ocrx_word' id='word_1_362' title='bbox 136 3580 156 3649; x_wconf 80' lang='lat'><strong>²)</strong></span> <span class='ocrx_word' id='word_1_363' title='bbox 169 3584 284 3650; x_wconf 69' lang='lat' dir='ltr'><strong>Scripsi3</strong></span> <span class='ocrx_word' id='word_1_364' title='bbox 304 3585 360 3634; x_wconf 83' lang='lat' dir='ltr'><strong>deci</strong></span> <span class='ocrx_word' id='word_1_365' title='bbox 377 3583 421 3632; x_wconf 75' lang='lat' dir='ltr'><strong>ed.</strong></span> <span class='ocrx_word' id='word_1_366' title='bbox 440 3584 497 3633; x_wconf 85' lang='lat' dir='ltr'><strong>edd.</strong></span> <span class='ocrx_word' id='word_1_367' title='bbox 513 3582 642 3650; x_wconf 76' lang='lat' dir='ltr'><strong>Intellipe,</strong></span> <span class='ocrx_word' id='word_1_368' title='bbox 656 3599 673 3631; x_wconf 88' lang='lat' dir='ltr'><strong>a</strong></span> <span class='ocrx_word' id='word_1_369' title='bbox 687 3597 820 3645; x_wconf 85' lang='lat' dir='ltr'><strong>praecone</strong></span> <span class='ocrx_word' id='word_1_370' title='bbox 834 3588 1011 3631; x_wconf 80' lang='lat' dir='ltr'><strong>accusatorem</strong></span> <span class='ocrx_word' id='word_1_371' title='bbox 1032 3573 1094 3625; x_wconf 76' lang='lat' dir='ltr'><strong>‘rei’</strong></span> 
     </span>
    </p>
   </div>
   <div class='ocr_carea' id='block_1_4' title="bbox 0 0 1280 3909">
    <p class='ocr_par' dir='ltr' id='par_1_7' title="bbox 0 0 1280 3909">
     <span class='ocr_line' id='line_1_43' title="bbox 0 0 1280 3909; baseline 0 0"><span class='ocrx_word' id='word_1_372' title='bbox 0 0 1280 3909; x_wconf 95' lang='lat' dir='ltr'><strong> </strong></span> 
     </span>
    </p>
   </div>
  </div>
 </body>
</html>
