2542 3909
414 198 541 235 vouvsxvs
559 199 707 235 mouera
727 187 839 236 m-eo
1035 183 1098 248 417

146 330 261 402 septima
276 327 378 384 decima
392 327 487 384 deinde
502 329 641 384 interiecta
653 331 760 384 nomine
770 337 889 402 notaque
900 340 983 387 caret.
1005 338 1101 388 octaua

146 413 251 472 decima
272 411 416 474 uocabitur
442 414 578 468 semuncia
599 412 718 468 sextula:
746 429 806 468 nam
834 415 884 470 hae
906 412 995 470 decies
1017 417 1101 473 octies

146 497 245 552 ductae
260 513 347 552 assem
362 494 493 553 efficiunt.
534 493 585 554 42.
608 495 674 552 Post
695 497 741 552 has
763 496 904 553 inferiores
926 506 1034 572 partes,
1056 514 1102 556 ex·

148 589 228 655 cepta
252 581 403 650 semuncia,
433 579 535 636 duabus
557 580 684 650 sextulis,
706 580 822 646 sicilico,
850 582 970 652 sextula,
995 581 1101 640 dimidia

147 663 264 736 sextula,
280 663 423 737 scriptule,
439 679 527 736 neque
544 662 673 720 uocabula
683 659 791 738 propria
804 681 892 739 neque
903 674 982 722 notas
993 666 1102 724 habent.

147 743 198 806 48.
221 747 383 818 centesima,
398 763 467 820 quae
481 747 625 804 ’commodi
640 758 687 805 aut
698 764 839 805 usurarum
850 743 980 805 uomine¹
996 750 1028 805 ad
1044 767 1103 807 sor·

148 840 204 888 tem
219 831 415 906 applicaretur,
429 830 499 887 'cum
515 830 534 886 C
550 839 656 887 centum
674 826 867 904 significaret,²
886 833 1001 903 sicilico,
1018 833 1045 889 iel
1061 843 1103 890 est

149 914 169 970 G
184 931 281 972 auerso
296 907 439 989 ’colepid³
461 915 568 987 notari,
591 915 663 988 quod
686 915 896 972 conuertehatur
910 916 942 971 ad
958 933 1015 972 eam
1030 933 1103 975 sum·

149 1001 333 1072 mam,·cuius
354 1000 499 1055 centesima
522 1000 613 1055 lutura
633 1007 703 1064 erat,
729 1006 757 1056 et
776 1001 833 1056 siue
855 1015 906 1055 una
927 1010 1101 1072 conuenerat,

149 1086 220 1140 unu's
235 1083 364 1155 sicilicus,
379 1085 437 1139 siue
453 1082 556 1158 plures,
573 1091 614 1139 tot
629 1075 741 1138 sicilici⁴
755 1082 935 1156 ponebantur.
1007 1089 1011 1094 ’

212 1163 262 1223 44.
286 1167 361 1224 Sicut
376 1174 464 1224 autem
479 1169 546 1222 assis
561 1166 705 1239 appellatio
717 1165 749 1221 ad
761 1183 851 1224 rerum
867 1166 1014 1223 solidarum
1024 1169 1102 1225 here·

149 1250 297 1325 ditatisque
315 1253 413 1322 totius,
437 1250 535 1307 alluisio
556 1260 646 1306 autem
667 1252 724 1306 cius
745 1249 777 1306 ad
799 1253 914 1324 partium
935 1250 1102 1308 demonstra·

149 1337 252 1390 tioucm
273 1337 405 1408 pertinet,
425 1335 461 1389 ita
483 1336 562 1390 etiam
583 1333 614 1390 ad
629 1335 770 1408 pecuniam
792 1343 957 1391 numeratam
973 1336 1103 1410 refertur,

151 1433 220 1491 quae
236 1417 299 1474 olim
313 1420 341 1474 in
357 1434 418 1474 aere
433 1426 504 1482 erat,
527 1425 622 1491 postea
637 1426 664 1473 et
679 1419 707 1473 in
722 1428 835 1492 argento
855 1419 929 1474 ieriri
950 1421 1040 1493 coepit
1055 1422 1101 1491 ita,

152 1509 182 1558 ut
197 1503 284 1558 omnis
299 1519 424 1558 nummus
439 1510 585 1576 argenteus
606 1519 638 1558 es
659 1518 771 1559 numero
793 1504 863 1559 aeris
878 1509 1041 1576 potestatem
1057 1504 1103 1560 lra-

150 1585 235 1642 berct.
272 1582 320 1645 ts.
341 1585 379 1642 Eo
393 1587 421 1642 iu
443 1596 635 1642 numerosum
656 1587 682 1641 hi
698 1589 819 1662 argentei
837 1589 952 1644 nummi:
968 1587 1103 1660 denarius,

150 1671 228 1728 cuius
243 1677 284 1726 est
299 1678 362 1726 nota
373 1665 410 1742 ti,
426 1671 576 1743 quinarius,
591 1673 668 1726 cuius
684 1678 726 1726 est
739 1679 802 1726 nota
815 1669 845 1743 t,
861 1673 1015 1742 sestertius,
1028 1667 1103 1728 cuius

151 1761 215 1815 nota
230 1760 272 1810 est
288 1753 339 1814 HS.
376 1753 539 1811 victoriatus
555 1755 640 1824 enim,
656 1749 756 1827 ²(qai)⁵
771 1771 843 1810 nunc
859 1756 1016 1812 tantundem
1032 1757 1104 1813 ualet

151 1845 281 1911 quantum
296 1839 449 1911 quinarius,
475 1837 538 1894 olim
561 1846 591 1893 ut
604 1840 764 1912 peregrinus
780 1855 904 1894 nummus
921 1839 981 1895 loco
997 1843 1103 1913 tn'erciS,

150 1928 183 1977 ut
197 1939 269 1978 nunc
283 1921 511 1978 tetradrachmum
527 1930 555 1977 et
566 1921 703 1992 drachma,
716 1922 872 1980 habebatur.
911 1918 959 1979 46.
976 1923 1103 1980 Denarius

150 2007 238 2079 primo
253 2022 326 2062 asses
349 2005 442 2061 decem
464 2004 581 2076 ualebat,
605 2005 676 2060 unde
691 2012 720 2060 et
734 2022 833 2061 nomen
849 2007 944 2076 tranit3
966 2009 1103 2080 quinarius

151 2089 289 2146 dimidium
311 2091 380 2161 eius,
402 2089 429 2144 id
445 2105 486 2146 est
501 2091 622 2163 quinque
636 2105 722 2161 asses,
744 2089 816 2144 uude
830 2092 929 2164 etipse
943 2085 1105 2161 ‘uocatus;⁶

77 2176 293 2237 [malsestertius
316 2173 384 2230 duos
407 2189 479 2229 asses
502 2181 530 2228 et
551 2173 699 2242 semissem,
722 2175 798 2245 quasi
820 2175 900 2228 sensis
922 2175 1029 2246 tertius,
1052 2171 1102 2250 (ut)

152 2258 251 2314 Graeca
267 2255 352 2332 figura
367 2250 494 2332 ἕβδομον
508 2249 707 2331 ἡμιτάλαντον
723 2253 797 2326 (na'm
813 2272 860 2312 sex
876 2256 975 2313 talenta
990 2266 1019 2313 et
1033 2259 1104 2314 simi·

151 2342 283 2398 talentum
305 2357 338 2397 eo
361 2340 444 2398 uerbo
466 2333 633 2418 significant)
663 2333 768 2415 '(tum)⁷
791 2340 837 2418 les
860 2343 939 2396 etiam
962 2341 1104 2410 duodecim

225 2479 246 2550 ¹)
261 2483 319 2533 Hoc
333 2491 371 2533 est
383 2489 430 2534 aut
439 2483 563 2537 commodi
576 2484 705 2534 creditori
718 2482 799 2532 ablati
813 2484 921 2542 nomine,
934 2484 959 2533 si
968 2491 1029 2548 post
1038 2499 1105 2534 men-

150 2569 203 2604 sem
225 2555 323 2604 demunt
344 2557 499 2614 solveretur,
523 2562 568 2603 aut
590 2555 660 2619 quod
677 2555 792 2617 pecunia
814 2555 841 2602 in
864 2569 972 2604 ntensene
994 2555 1107 2606 debitori

152 2625 404 2674 utendadatasr'at.
434 2625 472 2688 Of.
489 2625 521 2673 J..
536 2635 557 2674 2.
572 2627 596 2686 §-
611 2635 632 2676 5.
661 2625 692 2673 D.
707 2625 819 2674 deadm.
834 2639 887 2674 rer.
902 2627 938 2674 ad
952 2627 999 2675 eiu.
1015 2624 1105 2692 (ὀψε).

153 2691 175 2761 ¹)
195 2694 304 2760 Uterque
318 2696 403 2746 codes
415 2703 441 2745 et
453 2695 512 2745 edd.
526 2695 590 2744 iaec
604 2694 683 2744 cerba
696 2694 789 2744 labent
803 2697 872 2744 inter
890 2697 953 2760 quod
968 2704 992 2746 et
1007 2702 1106 2746 conuer-

152 2767 253 2816 tebatur.
275 2764 330 2815 Sed
341 2773 461 2830 apparet,
474 2781 506 2815 ea
520 2767 669 2829 aliquando,
681 2781 736 2815 euna
747 2766 883 2828 applicaret'
897 2768 1023 2831 scriptam
1033 2775 1105 2830 esset,

152 2838 317 2887 assimiliter
334 2837 479 2887 desinentia
497 2838 602 2895 omissa,
624 2836 718 2886 deinde
736 2838 763 2884 in
777 2837 893 2902 maraine
910 2840 1042 2901 suppleta,
1057 2854 1108 2902 po·

150 2915 245 2958 stremo
259 2909 344 2958 alieno
359 2909 416 2958 loco
429 2908 550 2957 restituta
564 2921 627 2956 esse.
679 2903 700 2972 ⁸)
715 2921 799 2956 auerso
814 2921 842 2955 eo
857 2907 888 2956 P.
908 2907 939 2957 V.
954 2909 1011 2957 edd.
1027 2923 1056 2957 eo
1069 2925 1105 2958 sc.

148 2993 201 3043 pro
216 2993 244 3027 co
258 2979 391 3041 scriptum,
402 2984 544 3041 posteaque
558 2978 729 3040 epitatsenso
740 2992 833 3026 carens
843 2979 968 3029 omissum.
991 2979 1104 3028 Murenae.

148 3055 211 3113 post
223 3049 383 3112 applicaretur
391 3050 518 3112 supplerit
528 3045 633 3116 [solebat
644 3044 721 3115 olim].
745 3047 798 3097 Sed
805 3047 849 3097 dic
858 3063 911 3098 mos
920 3050 976 3098 aine
986 3047 1073 3106 dubio,
1082 3051 1106 3098 si

151 3119 226 3168 binas
240 3121 391 3169 centesimas
404 3120 548 3182 exceperis,
562 3120 638 3168 etiam
649 3125 740 3182 postea
754 3119 866 3168 durarit.
918 3115 939 3184 ι)
959 3119 1105 3178 Videamus,

152 3204 184 3239 ne
198 3189 241 3239 laic
251 3197 362 3253 propter
375 3205 516 3240 recurreres
531 3189 597 3239 idem
611 3189 714 3239 uerbum
727 3189 871 3244 exciderit:
890 3189 940 3238 sire
954 3204 1010 3252 pars
1025 3197 1106 3238 cente·

151 3261 239 3323 simae,
260 3261 311 3310 eius
330 3261 406 3325 partis
425 3267 481 3310 nota
499 3260 607 3310 subiecta
627 3260 728 3310 sicilico.
794 3256 814 3325 ὁ)
828 3258 964 3322 Suppleui;
983 3261 1017 3323 ef.
1033 3262 1057 3322 5.
1071 3273 1108 3312 tt.

152 3327 288 3397 ⁶)uocatur
303 3331 334 3380 P.
354 3331 386 3381 V.
401 3331 460 3381 edd.
525 3329 545 3397 ⁷)
561 3338 586 3380 ut
599 3338 624 3380 et
637 3338 686 3380 tum
700 3332 831 3395 suppleui‚·
849 3345 884 3379 sc.
900 3330 948 3380 liae
962 3338 1075 3380 notatum
1090 3337 1108 3382 t.

151 3416 212 3451 mox
227 3403 343 3452 interiit:
357 3403 417 3452 inde
431 3403 507 3451 etiarn
521 3410 545 3452 ut
560 3403 678 3451 omissum
692 3409 737 3451 est.
773 3401 898 3451 Graecum
917 3404 1058 3465 exemplam
1072 3415 1107 3451 ex

152 3471 286 3522 Herodoto
307 3480 431 3536 sumptum
451 3487 519 3531 esse,
545 3473 671 3537 Didymus
696 3473 767 3536 apud
790 3472 921 3522 Priscian.
947 3472 979 3521 de
996 3471 1118 3536 ponder.-

148 3557 177 3606 p.
193 3553 245 3594 titt
262 3542 366 3593 Puteoli.
382 3544 463 3605 docet,
478 3559 549 3608 quern
564 3543 718 3593 Maecianus
732 3543 833 3592 uidetur
847 3549 950 3592 secutus
963 3557 1025 3592 csse.

205 3639 307 3671 manses.
321 3639 403 3670 aursi.
417 3640 470 3672 m,
488 3640 526 3672 sm.
551 3641 574 3674 r.
857 3629 891 3679 it
