2542 3909
479 262 515 299 nn
533 261 646 299 uetere
664 262 743 299 mn
759 263 779 299 1.
1067 254 1108 313 37

141 392 169 446 in
184 390 254 461 uita,
276 387 378 444 honum
393 404 454 443 esse
475 387 657 460 decreuerint,
676 387 721 445 hic
736 382 795 463 (nii)
810 389 862 445 nisi
877 389 950 463 quod
965 389 1111 447 honestum

142 482 215 531 esset
230 466 349 546 puterii¹
364 472 475 529 honum.

206 560 242 613 A.
265 556 325 612 Non
344 572 454 629 paruam
469 571 537 612 uero
552 557 764 613 controuersiam
779 554 864 622 dieis,
882 565 925 613 set
939 550 1023 627 eam,²
1042 572 1111 630 quae

142 642 255 698 dirimat
270 642 368 695 omnia.

206 725 249 781 M.
272 722 360 779 Probe
374 722 482 795 quidem
497 724 623 787 sentires,
640 724 664 779 si
678 738 709 779 re
724 738 755 778 ac
768 739 823 779 non
835 722 925 780 uerbis
936 722 1110 781 dissiderent.

205 807 275 863 iiiii.
295 810 330 863 A.
352 805 424 878 Ergo
439 807 583 863 adsentiris
599 806 733 863 Antiocho
749 806 872 863 familiari
884 824 956 879 meo,
978 809 1110 881 magistro

142 893 215 949 enirn
231 907 288 947 non
304 889 391 947 audeo
402 890 502 957 dicere,
519 905 636 963 quocum
649 890 705 946 uixi
716 898 745 947 et
757 894 804 963 qni
814 906 858 948 me
869 907 901 946 ea
912 893 1013 947 nostris
1024 907 1110 963 paene

143 974 277 1033 conueiiit
287 973 404 1030 hortulis
413 973 579 1047 deduxitque
592 973 1109 1047 inAcadetniamperpaueolispnssihtts.

206 1058 249 1117 M.
271 1058 319 1113 Vir
338 1060 390 1113 iste
412 1057 463 1113 luit
477 1057 523 1114 iiie
539 1053 672 1131 (quidem)
687 1056 807 1131 prudens
822 1065 851 1113 et
865 1066 962 1113 acutus
975 1066 1003 1113 et
1016 1060 1044 1113 in
1059 1074 1110 1114 suo

142 1158 246 1218 genere
267 1140 406 1215 perlectus
420 1142 557 1214 mihique,
576 1150 608 1197 ut
619 1142 684 1212 sris,
705 1140 851 1211 familiaris,
871 1141 937 1213 quoi
952 1148 1042 1197 umen
1056 1158 1110 1215 ego

143 1227 280 1283 adsentiar
293 1227 321 1280 in
337 1224 461 1282 omnihus
476 1240 570 1294 neone,
587 1240 651 1280 mox
665 1223 775 1282 uidero:
795 1225 849 1283 hoc
862 1224 934 1296 dico,
949 1232 1111 1282 controuer-

145 1312 214 1365 siam
228 1317 311 1365 iotam
327 1310 405 1365 istam
419 1326 502 1382 posse
516 1309 614 1365 sedari.

213 1388 259 1447 55.
270 1394 310 1448 Λ.
334 1391 404 1459 Quin
419 1394 492 1448 istuc
507 1392 613 1449 tundern
630 1389 707 1467 (non)
723 1385 846 1450 uiie’sil³

211 1476 250 1533 M.
274 1475 348 1547 Quia,
365 1478 399 1546 si,
417 1484 447 1531 ut
462 1475 543 1532 Chius
556 1476 729 1535 Aristodlxit
745 1476 946 1533 solumbonum
960 1476 1110 1549 essequod

143 1561 290 1617 honestum
302 1569 385 1629 esset,
402 1560 555 1633 malumque
570 1559 644 1632 quod
656 1569 747 1634 turpe,
761 1566 865 1617 ceteras
875 1577 920 1617 res
932 1562 1020 1615 omnis
1030 1559 1111 1634 plane

143 1646 217 1719 paris
233 1660 265 1700 ac
278 1661 313 1700 ne
329 1645 466 1700 minimum
482 1644 588 1717 quidem
605 1652 696 1699 utrum
710 1643 836 1700 adessent
846 1660 879 1700 au
891 1644 1017 1701 abessent
1027 1644 1111 1700 inter·

144 1744 216 1799 esse,
231 1726 311 1783 ualde
326 1743 340 1782 a
355 1726 506 1784 Xenocrate
520 1737 548 1783 et
563 1725 708 1783 Aristotele
728 1734 756 1783 et
770 1727 803 1783 ah
818 1727 864 1783 illa
878 1726 997 1785 Platonis
1012 1728 1111 1785 inutilla

144 1812 316 1885 discreparet
336 1812 484 1883 esset(pue)
505 1814 579 1867 inter
598 1829 647 1867 eos
667 1811 702 1867 de
717 1826 747 1867 re
762 1814 876 1868 maxims
889 1820 917 1868 et
932 1812 967 1867 de
982 1814 1056 1870 omni
1070 1812 1112 1869 ul·

143 1896 227 1953 uendi
242 1896 349 1951 rationo
364 1894 510 1951 dissensio:
526 1912 598 1952 nunc
614 1910 693 1969 uero,
708 1912 792 1969 quom
807 1893 902 1968 decus,
918 1896 992 1968 quod
1008 1898 1112 1969 antiqui

146 1995 282 2036 sommum
296 1978 397 2036 honum
410 1996 470 2035 esse
482 1979 613 2049 dixerant,
629 1980 674 2035 hic
684 1978 774 2035 solum
786 1980 888 2037 honum
899 1980 981 2051 dicat,
992 1981 1112 2053 itemque

146 2063 265 2120 dedecus
280 2062 318 2119 iiii
334 2078 468 2119 summum
483 2063 589 2134 maium,
609 2063 764 2135 hiesoium,
783 2062 900 2127 diuitias,
919 2063 1111 2135 ualetudinem,

142 2146 377 2223 pulchritudinem
400 2147 553 2203 commodas
575 2162 619 2203 res
641 2144 773 2219 appellet,
796 2162 852 2203 non
873 2146 974 2215 hones,
995 2163 1112 2220 pauper·

145 2240 246 2303 tatem,
270 2229 452 2299 debilitatem,
475 2230 598 2287 dolorem
621 2229 814 2300 incommodas,
837 2244 892 2283 non
915 2228 1007 2297 maias,
1029 2232 1113 2286 sentit

143 2314 217 2372 idem
239 2313 314 2387 quod
330 2313 504 2386 Xenocrates,
526 2314 598 2386 quod
615 2313 788 2382 Aristoteles,
808 2312 932 2385 loquitur
951 2311 1004 2368 alio
1019 2313 1111 2370 modo.

145 2416 178 2456 ex
193 2399 244 2455 hac
259 2407 347 2453 autern
363 2414 419 2455 non
433 2413 537 2469 rerum,
552 2396 599 2453 sed
614 2396 761 2453 uerborum
776 2395 909 2453 discordia
925 2399 1113 2453 controuersia

146 2491 190 2539 est
204 2490 265 2537 nata
280 2480 314 2537 de
322 2480 438 2550 linibus;
453 2484 480 2537 in
492 2496 554 2553 que,
571 2482 699 2553 quoniam
710 2475 805 2536 usum⁴
815 2482 956 2555 cepionem
970 2479 1112 2539 duodecim

148 2564 255 2621 tabulae
276 2567 346 2621 intra
365 2567 485 2638 quinque
505 2565 587 2637 pedes
608 2581 668 2621 esse
683 2564 841 2635 noluerunt,
862 2564 969 2637 depasci
990 2575 1112 2622 ueterem

146 2649 349 2723 possessionem
365 2648 520 2705 Academiae
542 2648 574 2704 eh
596 2650 650 2705 hoc
671 2657 751 2705 acuto
773 2649 884 2705 homine
905 2664 960 2703 non
982 2651 1112 2719 sinemus,

145 2750 197 2789 nec
212 2731 326 2788 Mamilia
340 2732 402 2807 iege
417 2732 527 2805 singuli,
544 2732 591 2813 sed
606 2750 621 2788 e
635 2748 683 2789 xri
699 2741 754 2789 tres
769 2732 862 2788 arbitri
877 2729 938 2787 finis
954 2748 1090 2806 regemus.

209 2820 258 2883 56.
280 2824 314 2891 Q.
337 2824 484 2892 Quamnam
499 2826 584 2899 igitur
598 2826 759 2881 sententiam
774 2824 906 2879 dicimusi

209 2907 252 2964 M.
275 2908 384 2981 Requiri
405 2909 511 2983 placere
533 2910 671 2978 terminos,
693 2924 763 2981 quos
782 2907 908 2963 Socrates
927 2910 1045 2981 pogesii,
1067 2907 1113 2963 iis·

147 3008 202 3066 que
217 3008 322 3066 parere.

212 3076 245 3143 Q.
268 3075 417 3147 Praeclare,
434 3076 527 3145 irater,
543 3077 594 3131 iem
606 3092 678 3131 nune
690 3092 706 3131 a
716 3084 744 3131 te
755 3075 836 3131 uerba
847 3084 1014 3149 usurpantur
1025 3074 1112 3131 ciuilis

145 3162 215 3217 iuris
238 3168 267 3217 et
287 3160 391 3233 legum,
414 3176 467 3232 quo
490 3159 524 3215 de
546 3176 647 3233 genere
668 3166 783 3232 expecto
799 3159 1008 3234 disputationem
1022 3166 1112 3227 tuam3

222 3372 242 3439 ¹)
256 3374 421 3438 hienisiqnod
430 3374 555 3423 honestum
564 3380 629 3423 ossei
638 3376 704 3423 nihii
716 3390 770 3425 esse
779 3375 867 3438 poterit
881 3375 920 3423 ed.
933 3374 963 3421 V.
993 3368 1015 3435 ¹)
1029 3385 1112 3435 perum

146 3462 205 3497 nero
226 3446 415 3496 controuersiam
434 3446 495 3495 diois
513 3452 611 3494 estnon
626 3459 679 3493 eam
693 3445 748 3493 AB
765 3446 864 3493 Pernam
877 3458 935 3492 uero
950 3457 971 3491 o.
987 3441 1009 3491 d.
1025 3448 1049 3489 ni
1064 3456 1111 3490 non

149 3532 200 3567 eam
211 3518 250 3569 ed.
258 3518 290 3567 V.
320 3514 342 3581 ⁸)
356 3518 402 3575 Qui
417 3516 478 3565 istnc
489 3516 583 3565 tandem
596 3516 684 3563 uides?
697 3516 755 3563 edd.
766 3516 823 3577 qnin
833 3515 896 3561 istnc
906 3512 1000 3560 tandem
1012 3509 1112 3573 (tendes

149 3588 185 3653 A)
199 3590 267 3638 uides
282 3587 339 3638 AB.
378 3585 400 3654 ⁴)
414 3602 471 3636 usus
486 3586 542 3635 AB.
557 3587 596 3636 ed.
617 3585 648 3634 V.
668 3600 713 3633 usu
727 3586 767 3632 ed.
782 3598 837 3630 ntea
851 3594 871 3631 tt.
