2542 3909
444 243 554 277 SERVIVS
573 242 709 279 omrem
723 243 816 279 RVFVS.

264 486 269 491 ⁴
324 412 509 479 SERVIVS
539 411 763 479 SVLPICIVS
792 412 933 480 RVFVS

457 520 521 587 (cos.
537 537 559 570 a.
574 537 597 570 u.
613 533 661 571 roe.
676 521 736 569 obiit
750 521 808 586 711).

517 621 558 675 lle
585 618 741 676 dotibus.

204 728 228 787 L
250 729 364 786 Seruius
386 745 496 803 quoque
511 727 647 801 Sulpicius
661 730 689 783 in
705 728 791 799 libro,
812 746 892 803 quem
907 731 1062 803 composuit
1077 729 1110 785 de

143 815 263 885 dotibus,
287 823 346 870 tum
368 814 484 886 primum
506 814 646 868 cautiones
668 814 708 868 rei
730 815 840 869 uxoriae
863 816 1027 870 necessarias
1049 830 1110 870 esse

90 902 216 961 [ectuisas
230 899 359 972 scripsit,
374 913 437 953 cum
451 896 566 969 Spurius
582 896 733 966 Caruilius,
749 898 793 953 cui
807 897 885 970 liuga
899 908 1110 970 cognomentum

143 984 207 1055 init,
229 984 274 1039 uir
287 980 399 1049 nobilis,
421 981 569 1037 diuortium
584 997 646 1037 cum
662 996 747 1036 uxore
762 979 837 1050 lecit,
860 981 924 1052 quia
938 980 1017 1037 liberi
1031 998 1064 1037 er
1079 998 1110 1038 aa

141 1068 267 1139 corporis
282 1064 353 1123 tuitio
368 1081 424 1120 non
440 1067 638 1138 gignerentur,
658 1080 729 1119 anno
751 1061 824 1119 urbis
840 1063 964 1119 conditae
979 1067 1109 1137 quingen·

142 1151 241 1207 tesimo
258 1150 387 1205 uicesimo
402 1150 486 1205 tertio
502 1147 535 1203 ll.
551 1148 633 1203 tuba
648 1147 677 1201 P.
695 1146 799 1203 Valerio
815 1164 886 1203 coss.
916 1150 1005 1221 Atque
1015 1150 1038 1203 is
1049 1147 1110 1203 Car·

142 1235 225 1290 uilius
241 1233 356 1288 traditur
371 1248 493 1302 uxorem,
509 1249 589 1305 quam
605 1231 716 1303 dimisit,
733 1233 843 1305 egregie
860 1230 985 1288 dilexisse
1001 1232 1107 1288 carissi·

142 1334 270 1389 mamque
283 1333 391 1372 morum
407 1318 465 1371 eius
481 1318 567 1389 gratia
582 1314 724 1386 hahuisse,
746 1315 794 1371 sed
809 1316 982 1371 iurisiurandi
997 1316 1108 1390 religio·

144 1417 208 1457 nem
223 1402 308 1456 animo
322 1410 406 1474 atque
420 1401 506 1455 amori
520 1401 712 1472 praeuertisse,
728 1400 802 1472 quod
819 1404 907 1455 iurare
921 1418 936 1455 a
951 1400 1109 1457 censoribus

144 1491 259 1542 coactus
274 1493 341 1555 crat,
355 1500 471 1540 uxorem
486 1500 516 1539 se
531 1482 644 1539 liberum
654 1484 839 1557 quaerundum
851 1483 1107 1557 gratiahabiturum.

141 1600 185 1610 -
201 1568 270 1623 Gell.
286 1567 317 1638 4,
332 1568 361 1625 3.
379 1566 407 1639 S.
426 1567 456 1627 2.

205 1648 236 1709 2.
260 1650 401 1725 sponsalia
423 1653 451 1707 in
473 1667 505 1707 ea
526 1658 603 1724 parte
617 1640 720 1721 ltaliae,
743 1668 811 1724 quae
826 1650 930 1707 Latium
946 1652 1108 1725 appellatur,

141 1739 196 1794 boc
217 1752 295 1793 more
315 1743 397 1809 atquc
412 1735 471 1791 iure
486 1734 566 1790 solita
587 1734 662 1805 fieri,
682 1736 792 1809 scripsit
807 1734 918 1791 Seruius
934 1734 1068 1810 Sulpicius
1080 1738 1109 1793 in

141 1821 229 1892 libro,
253 1835 334 1893 quem
358 1816 520 1894 (in)scripsit
542 1819 574 1874 de
596 1817 721 1876 dotibus:
760 1818 823 1886 ‘Qut
844 1819 981 1891 uxorem',
1008 1822 1108 1895 iuquit,

143 1905 290 1961 ‘ducturus
311 1912 385 1975 erat,
406 1901 437 1958 ab
459 1918 508 1974 eo,
529 1902 601 1959 unde
615 1902 736 1959 ducenda
753 1910 826 1975 erat,
843 1903 1036 1978 stipulabatur,
1051 1922 1107 1960 eam

141 1991 171 2044 in
183 1988 385 2044 matrimonium
401 1982 509 2060 (datam
523 1990 575 2048 iri;
590 1990 640 2060 qui
653 1988 863 2060 (immutarat,
878 1989 908 2044 id
922 1990 1012 2045 eidem
1022 2005 1107 2060 spon·

143 2074 237 2130 debat.
264 2074 333 2128 item
345 2074 397 2142 qui
410 2087 531 2128 uxorem
546 2073 671 2128 daturus
685 2079 760 2142 erat,
776 2074 812 2129 ab
828 2086 870 2141 co,
888 2076 937 2129 cui
950 2088 1012 2128 eam
1024 2074 1107 2130 dotu-

143 2173 197 2215 rua
216 2163 297 2226 erat,
320 2156 525 2226 stipulabatur,
547 2170 610 2211 eam
631 2160 661 2211 in
681 2154 900 2225 matrimonium)
920 2156 1029 2212 ductum
1051 2151 1107 2227 iri‚¹

144 2244 191 2315 qui
205 2240 340 2296 ducturus
360 2248 434 2307 erat,
453 2238 481 2294 id
501 2233 601 2295 eidem¹
617 2237 778 2312 spondebat.
808 2238 833 2293 ls
849 2247 1005 2295 contractus
1023 2242 1108 2313 stipu-

143 2326 274 2381 lationum
289 2324 522 2396 sponsionumque
537 2322 679 2378 dicebatur
692 2321 838 2396 sponsalia.
867 2316 948 2377 ltcm²
961 2339 1029 2397 qnae
1044 2339 1107 2396 pro·

143 2412 224 2465 missa
245 2416 313 2475 crat,
337 2423 436 2480 sponsa
458 2405 654 2481 appellabatur,
677 2408 724 2480 qui
746 2405 931 2479 spoponderat
953 2407 1108 2479 ducturum,

141 2509 273 2568 sponsus.
308 2490 360 2547 Sed
381 2492 404 2545 si
424 2500 488 2563 post
509 2506 553 2546 eas
573 2490 758 2565 stipulationis
779 2507 850 2546 uxor
863 2508 918 2547 non
934 2491 1047 2547 dabatur
1061 2502 1106 2549 aut

141 2594 202 2633 nou
215 2574 379 2644 ducebatur,
401 2576 447 2647 qui
467 2566 683 2648 stipulabatur,³
704 2591 737 2629 ex
751 2591 855 2648 sponsu
870 2575 976 2649 agebat.
1004 2576 1107 2633 ludices

142 2651 371 2735 cognoscebant⁴²
405 2658 503 2727 ludex,
526 2656 701 2731 quamobrem
722 2657 785 2713 data
806 2668 949 2732 acceptans
963 2677 1018 2715 non
1035 2670 1108 2717 asset

141 2761 223 2817 uxor,
239 2741 397 2819 quaerebat.
427 2741 456 2797 Si
468 2741 535 2797 nibil
548 2743 639 2798 iustae
654 2758 750 2798 causae
765 2741 921 2814 uidebatur,
936 2744 1012 2800 litem
1026 2760 1107 2817 pecu·

137 2832 185 2886 nia
207 2825 376 2897 aestimabat,
399 2828 548 2900 quantique
570 2826 742 2889 interfuerat,
767 2842 824 2882 eam
847 2843 959 2883 uxorem
980 2828 1047 2883 ’dari
1063 2838 1107 2884 aut

140 2906 257 2987 accipi,⁶
279 2926 356 2980 enm,
378 2911 425 2983 qui
439 2910 641 2983 spoponderat,
658 2910 707 2981 'ei,
724 2911 770 2984 qui
786 2911 930 2984 stipulatus
946 2904 1029 2984 erat,⁶
1043 2929 1107 2969 con-

215 3072 237 3140 ¹)
251 3074 297 3125 aa
311 3075 438 3125 Mantuani
451 3078 485 3138 qi.
501 3073 595 3140 (ngb.
609 3074 707 3125 Betbm.
723 3074 817 3137 Hallw.
833 3074 882 3127 obl.
893 3092 921 3140 p.
932 3074 976 3141 98).
1003 3072 1024 3140 ²)
1033 3074 1107 3126 Scri-

135 3148 189 3211 prr'.
204 3155 263 3195 tunc
279 3146 342 3195 cdd.
357 3153 407 3195 tum
421 3146 479 3195 edd.
506 3141 632 3210 ³)Mattm
648 3144 773 3209 stipulatus
789 3154 839 3195 erat
863 3144 1107 3213 nuenarianae

140 3220 170 3267 in
179 3217 751 3281 cauairpecuniariamcondemnationemnon
762 3216 961 3274 admittentibus,
971 3216 1023 3278 ipsi
1028 3219 1107 3280 magi-

139 3295 251 3347 marm,
264 3289 345 3337 ueluti
358 3289 383 3336 ei
392 3289 450 3351 quis
456 3288 539 3349 fllium
545 3288 707 3351 familiarem
716 3289 733 3335 i.
748 3284 795 3347 Qu.
804 3302 878 3338 suum
887 3285 1044 3341 vindicabat,
1054 3288 1107 3335 siue

139 3362 173 3418 ia,
187 3361 233 3424 qui
246 3373 334 3409 noxae
346 3358 425 3407 datus
438 3365 509 3417 erat,
518 3360 634 3421 pecunia
648 3360 733 3407 soluta
748 3365 776 3408 ut
791 3361 1025 3412 manumitteretur,
1035 3364 1107 3417 pete-

139 3430 226 3479 batur.
242 3430 333 3480 Oollat.
348 3440 370 3488 a,
383 3441 404 3480 tt.
434 3425 457 3493 5)
471 3427 575 3494 Scripsi
578 3446 589 3487 ;
603 3428 680 3490 accipi
695 3437 735 3477 aut
746 3428 797 3477 dari
808 3428 870 3480 aaa.
881 3428 939 3479 edd.
970 3421 990 3489 6)
1004 3422 1108 3488 Scripsi

140 3501 266 3551 Zeitsebr.
278 3501 302 3564 f.
315 3499 402 3566 gescb.
419 3498 490 3548 IlW.
505 3501 532 3550 ll.
544 3518 572 3565 p.
587 3510 636 3552 ato.
668 3497 764 3551 Omissa
780 3515 801 3548 υ.
817 3500 839 3549 el
853 3506 941 3549 cetera
955 3496 1030 3544 uncis
1046 3496 1107 3546 incl.

139 3570 231 3622 Hertz.
