2542 3909
492 239 516 274 c.
533 238 631 273 annm
648 238 751 275 camno.
1037 226 1099 284 115

200 362 248 423 δι
271 363 389 421 ‘Potitus
404 366 538 419 seruitute
552 364 591 419 ob
605 366 731 435 antiquis
740 364 899 431 dicebatur,
917 362 986 435 qui’,
1003 371 1033 419 ut
1045 354 1100 417 ait¹

137 450 238 517 Labeo,
262 448 435 504 ‘seruitutem
455 450 557 516 seruit,
582 445 755 503 'cuiusmodi
767 438 922 504 dictiones²
936 440 1101 519 proxim(u)e

90 546 132 598 [so]
138 534 232 590 Graeci
245 537 335 589 moris
348 540 423 588 sunt.
452 533 550 587 codem
564 532 646 586 modo
661 529 801 586 dicebatur
816 530 847 586 ab
863 531 981 604 antiquis
994 534 1102 603 potitus

136 618 281 678 boetium'.
294 644 335 657 -—
351 615 425 672 lut.
441 632 466 671 v.
479 614 588 670 Potitus
603 602 736 671 seruitute
752 632 779 687 p.
795 612 867 672 250.

421 792 457 858 0.
480 790 641 856 Annius
665 791 823 857 OAPITO

317 898 446 964 (Labeonis
461 898 575 961 aequalis,
590 899 630 960 qni
645 905 724 946 tamen
739 900 761 946 ei
775 896 925 961 supervixit).
1024 956 1030 963 .

458 1021 783 1079 Coniectaneorum.

199 1140 220 1199 l.
244 1141 312 1195 Cum
334 1138 433 1195 librum
447 1139 511 1195 Vlll.
528 1141 599 1195 Ateii
612 1140 752 1211 Capitonis
776 1139 1012 1194 coniectaneorum
1028 1138 1102 1212 lege·

137 1242 236 1297 remus,
260 1226 308 1297 qui
323 1225 469 1296 inscriptus
484 1232 528 1278 est
543 1223 575 1278 de
590 1222 697 1278 indiciis
712 1221 837 1295 publicis,
860 1222 1000 1277 decretum
1016 1222 1101 1278 tribu·

137 1326 234 1365 norum
256 1311 349 1362 uisum
371 1314 414 1362 est
436 1308 579 1380 grauitatis
601 1308 727 1379 antiquae
748 1306 868 1380 plenum.
905 1305 1052 1379 Propterea
1075 1306 1102 1362 id

137 1394 317 1448 meminimus.
356 1390 439 1463 ldque
467 1389 502 1445 ob
530 1390 599 1446 banc
620 1406 728 1446 causam
750 1392 828 1445 etin
850 1390 918 1447 banc
939 1393 1101 1447 sententiam

139 1478 268 1549 scriptum
290 1482 350 1530 cst:
378 1473 476 1529 ‘Aulus
491 1472 623 1529 Hostilius
640 1474 776 1530 Mancinus
799 1473 889 1529 aedilis
912 1474 1014 1530 cunulis
1039 1474 1099 1529 init.

138 1559 298 1615 lullaniliae
318 1558 456 1613 meretrici
477 1558 547 1612 diem
563 1556 596 1611 ad
611 1557 741 1631 populum
757 1557 824 1612 dixit
838 1573 882 1627 eo,
906 1558 979 1631 quod
994 1573 1009 1613 e
1026 1556 1101 1613 tabu·

139 1643 193 1700 lato
208 1646 268 1699 eius
280 1649 367 1697 noctu
378 1640 465 1714 lapide
475 1643 546 1697 ictus
556 1651 639 1715 essct,
655 1641 809 1714 uulnusquc
822 1656 897 1697 exeo
909 1641 997 1715 lapide
1010 1649 1101 1697 osten·

138 1726 225 1783 debat.
260 1725 366 1780 llanilia
388 1724 421 1779 ad
435 1724 560 1780 tribunos
575 1723 647 1797 plebi
662 1727 834 1797 prouocauit.
867 1725 945 1799 Apud
959 1740 1008 1781 eos
1024 1725 1101 1796 dixit,

139 1818 377 1867 commessatorem
399 1808 548 1863 Mancinum
577 1808 609 1863 ad
631 1808 712 1864 aedes
734 1824 796 1864 suas
819 1811 940 1878 uenisse3
967 1826 1028 1865 eum
1051 1809 1101 1865 sibi

138 1897 257 1969 tempere
272 1909 329 1949 non
344 1892 429 1947 nnsse
444 1908 459 1947 a
474 1907 504 1947 ce
520 1909 583 1960 sua;
599 1892 647 1947 sed
663 1908 724 1949 cnm
740 1894 767 1948 ui
778 1894 950 1966 inrumperet,
967 1893 1101 1966 lapidibus

139 1978 290 2053 depulsum.
326 1975 437 2031 Tilbnni
459 1975 650 2046 decreuerunt,
672 1976 784 2031 aedilem
807 1992 840 2051 en
856 1992 888 2032 eo
904 1977 965 2031 loco
980 1978 1039 2031 iure
1055 1975 1101 2032 dc·

137 2065 247 2134 iactum,
272 2076 327 2133 quo
350 2074 413 2114 eum
436 2063 528 2114 uenire
550 2076 611 2116 cum
626 2059 771 2115 corollario
787 2076 842 2115 non
857 2059 1002 2115 decuisset.
1034 2059 1100 2115 Pro-

138 2155 231 2219 pterea
244 2160 281 2201 ne
295 2160 358 2200 cum
373 2143 476 2217 populo
491 2141 584 2199 aedilis
600 2152 704 2217 ageret,
724 2145 961 2199 intercesserunt'.
979 2172 1015 2183 —
1033 2143 1099 2199 Gall.

138 2228 233 2300 4,14.
250 2228 299 2300 38.
318 2228 409 2284 1-6.

136 2370 139 2373 ,
201 2311 231 2369 2.
253 2313 324 2386 Appi
344 2326 461 2383 namque
481 2310 555 2365 illins
572 2308 653 2381 pdacci
677 2308 729 2367 iilia
750 2327 765 2365 a
787 2309 872 2373 ludis,
903 2325 972 2383 quos
995 2317 1099 2383 specta·

139 2404 225 2465 uerat,
246 2398 349 2464 exiens,
372 2394 452 2451 turba
467 2394 585 2467 undique
601 2393 764 2450 conlluentis
778 2392 992 2467 flnctnmtisque
1007 2394 1099 2469 populi

137 2482 234 2537 iactata
254 2488 307 2536 est.
339 2483 430 2552 Atque
443 2478 507 2533 inde
522 2494 633 2552 egressa
648 2494 708 2533 cnm
724 2494 753 2533 sc
769 2478 836 2534 male
852 2477 967 2534 habitam
984 2478 1098 2535 diceret:

139 2563 215 2638 ‘quid
236 2579 279 2618 me
299 2579 373 2619 nuno
388 2563 487 2618 luctum
502 2561 598 2633 esset,
621 2562 718 2633 inquit,
742 2562 909 2635 ‘quantoque
924 2565 1008 2619 artius
1023 2580 1098 2637 pnes·

139 2650 249 2721 sineque
271 2645 426 2702 conflictata
441 2661 540 2718 essem,
562 2648 585 2700 si
600 2645 627 2700 P.
644 2644 780 2716 Claudius,
803 2646 988 2719 interminus,
1011 2648 1099 2704 nauali

138 2732 242 2805 proelio
266 2730 378 2786 classem
399 2732 508 2785 nauium
531 2745 591 2785 cum
606 2730 710 2800 ingenti
725 2731 952 2785 ciuiumnumero
969 2728 1023 2788 non
1038 2748 1099 2806 per·

139 2815 269 2872 didisset?
295 2823 370 2870 certe
386 2812 494 2885 quidem
509 2814 611 2869 maiora
626 2829 699 2869 nnnc
712 2816 787 2886 copia
802 2813 896 2888 populi
913 2831 1042 2888 oppressa
1057 2819 1098 2871 in·

141 2899 318 2957 tercidissem.
341 2897 394 2953 Sed
416 2897 540 2968 utinam',
562 2899 661 2970 inquit,
685 2894 842 2955 ‘reuiuiscat
863 2898 947 2955 irater
969 2900 1098 2972 aliamque

139 2984 251 3041 clasmm
273 2984 301 3038 in
316 2981 432 3038 Siciliam
454 2981 535 3038 ducat
556 2990 638 3054 atque
652 2984 732 3037 istam
748 2981 947 3039 multitudinem
962 2984 1097 3058 perditum

138 3076 190 3140 eat,
213 3082 284 3142 quse
304 3081 348 3121 me
370 3066 438 3121 male
460 3081 532 3122 nnnc
546 3068 670 3122 miseram
686 3064 869 3124 conuenauit'.
905 3066 943 3123 Ob
960 3069 1025 3125 haec
1040 3084 1098 3124 mu·

137 3153 211 3208 lienis
232 3149 318 3207 uerba
340 3156 394 3205 tam
416 3149 537 3222 improba
553 3165 583 3206 ac
598 3159 652 3206 tam
668 3150 784 3207 inciuilia
799 3149 826 3205 C.
844 3149 996 3207 Fundanius
1013 3160 1039 3207 et
1055 3152 1098 3207 ii·

137 3234 227 3293 basius
249 3234 428 3306 Sempronius
456 3233 556 3289 aediles
583 3233 672 3308 plebei
700 3234 809 3289 multam
835 3234 960 3290 dixerunt
983 3237 1008 3290 ei
1030 3237 1098 3291 aeris

136 3322 228 3393 grauis
257 3319 358 3393 uiginti
383 3319 503 3392 quinque
529 3318 610 3374 milia.
648 3317 677 3374 ld
705 3317 803 3375 iactum
831 3334 890 3374 esse
919 3318 984 3375 dicit
1006 3318 1098 3391 Capito

209 3484 230 3552 ¹)
246 3485 370 3535 Furtoece
384 3482 460 3533 libris
468 3482 668 3547 posterioribus.
699 3483 737 3546 Of.
755 3482 818 3533 Geli.
833 3493 868 3541 tt,
883 3492 916 3532 10.
932 3482 955 3541 §-
965 3493 985 3531 u.
1004 3478 1024 3546 ²)
1034 3484 1099 3531 tates

137 3558 334 3612 consuetudines
347 3554 388 3603 ed.
402 3554 476 3604 Mill.

843 3635 880 3687 8*
