2542 3909
166 175 229 239 212
460 191 523 226 anu
542 190 641 226 rserrr.
661 171 681 229 I.
701 176 843 227 158-161.

165 334 252 410 pubes
269 333 381 389 fratrem
403 333 532 406 puberem
555 340 602 389 aut
623 342 752 407 patruum
772 330 853 389 babet
876 339 1012 401 tutorem3
1035 332 1133 390 semina

166 436 234 475 uero
258 418 338 474 talem
361 415 459 473 habere
483 425 601 473 tutorem
616 434 672 474 non
696 425 798 491 potest.
835 413 900 473 158.
918 415 967 472 Set
982 419 1135 491 agnationis

166 503 277 577 quidem
293 503 334 557 ius
353 503 447 575 capitis
463 501 641 558 diminutione
663 503 805 575 perimitur
820 502 992 575 cognationis
1008 518 1074 558 uero
1090 504 1134 558 ius

167 604 201 644 eo
214 587 294 643 modo
306 604 362 643 non
373 594 570 649 commutatur:
587 588 650 658 quia
668 586 756 643 ciuilis
770 589 840 643 ratio
852 586 940 643 oiuiiia
953 586 1062 659 quidem
1075 588 1135 643 iura

117 677 121 683 ’
166 687 342 745 corrumpere
360 679 461 744 potest,
481 672 611 727 naturalia
626 688 693 727 uero
705 688 760 727 non
778 679 879 745 potest.
908 666 971 728 tta.
985 671 1032 727 Est
1044 680 1134 727 autem

168 757 266 831 eapitis
274 756 417 812 diminutio
424 756 524 828 prioris
537 749 654 812 'stutus¹
665 756 845 829 permutatio:
860 754 1038 828 eaquetribus
1048 756 1134 812 modis

167 841 278 897 eccidit:
291 857 352 896 nam
365 849 412 896 aut
424 841 536 896 maxima
549 848 592 896 est
605 842 702 915 capitis
715 840 868 910 diminutio,
885 848 932 895 aut
944 841 1041 910 minor,
1055 856 1134 912 quam

168 924 277 999 quidam
289 924 402 981 mediam
413 932 522 998 uocant,
535 933 579 980 aut
592 926 709 981 minima.
731 920 800 981 160.
812 924 921 981 Maxima
934 932 976 980 est
988 926 1083 997 capitis
1096 925 1134 981 di-

168 1010 293 1080 minutio,
310 1026 372 1065 cum
391 1009 488 1081 aliquis
504 1008 585 1065 simul
604 1018 632 1066 et
649 1010 788 1066 ciuitatem
805 1020 833 1066 et
850 1007 1002 1065 libertatem
1018 1010 1135 1076 amittit3

109 1108 152 1155 44.
169 1094 251 1168 ’quae
265 1094 362 1150 accidit
376 1096 504 1165 incensis,
526 1096 573 1169 qui
589 1111 620 1151 es
638 1095 723 1150 iorma
739 1088 865 1171 censuaiii
883 1095 977 1149 uenire
990 1094 1133 1150 iubentur:
1150 1104 1205 1156 [ruet

105 1176 122 1212 ²·
136 1182 153 1212 ⁸·
169 1178 242 1253 quod
255 1180 296 1233 ius
310 1179 416 1251 pridem
428 1179 615 1235 desuetudine
627 1179 770 1245 abotlitum
783 1185 835 1235 est.
852 1182 971 1235 eundem
981 1183 1137 1250 patiuntur

168 1265 297 1320 dediticii
302 1278 332 1317 er
341 1261 499 1336 legeAelitu
507 1264 617 1333 Sentiu,
630 1263 936 1338 quicontraeamiegem
944 1264 972 1319 in
980 1262 1045 1318 urbe
1053 1264 1136 1319 Roma

169 1346 336 1403 domicilium
348 1345 505 1421 habuerint;
520 1350 584 1404 item
598 1348 724 1419 feminae,
737 1364 805 1421 quae
818 1365 848 1405 ex
860 1341 1118 1404 senatusconsulto²
1131 1357 1135 1411 t

169 1430 314 1486 Claudiano
326 1431 439 1487 anciliae
450 1430 519 1488 fiunt
531 1448 626 1487 eorum
639 1432 822 1503 dominorum,
835 1432 933 1505 quibus
946 1434 1038 1489 inuitis
1050 1442 1078 1488 et
1090 1432 1136 1488 de·

169 1515 357 1572 nuntiantibus
377 1514 475 1573 'nihilo
497 1510 601 1573 minus⁸
616 1533 678 1573 cnm
698 1518 785 1573 seruis
805 1533 899 1573 eorum
918 1518 1043 1573 coierint.
1074 1510 1136 1573 161.

170 1600 258 1655 iiinor
273 1602 332 1655 siue
348 1600 433 1655 media
449 1611 491 1657 est
509 1602 605 1674 capitis
621 1602 783 1673 diminutio,
805 1618 866 1657 oum
882 1601 977 1657 ciuitas
993 1602 1135 1670 amittitur,

171 1683 281 1740 libertas
296 1686 441 1749 retinetur;
458 1685 531 1759 quod
551 1686 649 1743 accidit
660 1687 693 1756 ei,
710 1687 753 1743 cui
767 1702 836 1759 aqua
855 1693 882 1743 at
894 1685 951 1758 igni
962 1683 1135 1740 interdictum

246 1814 265 1881 ¹)
279 1818 365 1882 capitis
386 1819 412 1869 0.
437 1819 554 1871 dubitari
564 1827 658 1884 potest,
673 1836 732 1869 num
742 1836 793 1883 per
808 1835 937 1875 errorem·
954 1819 1000 1867 sed
1013 1818 1048 1882 cf.
1064 1818 1137 1882 infru

170 1891 220 1939 loc.
231 1891 332 1952 parati.
385 1886 405 1953 ἵ)
420 1890 494 1941 Haec
509 1892 666 1955 omniafere
680 1890 805 1941 debentur
823 1886 875 1949 W,
891 1891 944 1939 nisi
957 1890 1025 1955 quod
1038 1888 1137 1939 oblitte-

170 1967 289 2010 raturum
303 1960 463 2024 probabilem
480 1978 582 2012 sensum
599 1964 783 2026 supplementis
805 1963 960 2027 sipnifieaui.
998 1976 1045 2011 uec
1064 1960 1138 2010 dubi·

103 2093 106 2099 Ι
171 2033 238 2089 tuni,
261 2033 372 2081 aiterum
394 2036 536 2097 exemplum
554 2036 675 2083 similiter
694 2050 726 2084 uc
749 2035 853 2082 tertium
876 2034 912 2083 ud
934 2035 976 2081 ius
994 2034 1087 2083 lectori
1105 2048 1138 2081 ex

169 2101 351 2166 superioribus
364 2105 416 2153 iam
430 2106 560 2170 cognitum
575 2106 682 2169 ideoque
697 2106 782 2154 minus
790 2111 915 2154 accurate
928 2104 972 2153 bia
981 2104 1139 2165 descriptum

169 2181 298 2237 spectare,
307 2181 374 2237 puta
389 2176 426 2225 ad
438 2177 577 2226 dediticios
586 2192 621 2225 en·
635 2178 691 2241 depe
701 2175 778 2225 Aetia
788 2175 879 2224 Sentio
893 2175 1040 2225 vendendos
1050 2172 1082 2238 (1,
1092 2173 1138 2239 11),

171 2260 235 2309 quos
252 2261 404 2310 quamquam
422 2248 492 2296 ciues
510 2249 608 2296 nullius
626 2248 741 2297 ciuitatis
759 2247 811 2295 sint
826 2245 897 2311 (Uip.
916 2258 955 2308 1ο,
975 2244 1139 2311 15),uerum-

171 2324 254 2366 tamen
269 2317 324 2365 iuri
342 2318 415 2367 ciuili
432 2318 504 2368 Rom.
518 2318 628 2368 subiecti
643 2317 675 2380 (t,
691 2315 734 2381 tt),
754 2317 891 2367 maximam
910 2318 1005 2379 cupitis
1024 2317 1139 2365 deminu-

171 2388 265 2437 tionem
275 2389 335 2450 pati
348 2391 442 2453 uepari
456 2404 507 2438 uon
518 2395 611 2452 potest.
642 2388 707 2438 Nom
721 2389 753 2438 de
767 2390 822 2453 depe
833 2386 911 2435 [unia
924 2390 964 2436 uei
975 2387 1061 2450 Papia
1072 2386 1137 2449 (Cic.

172 2458 204 2506 de
217 2458 263 2519 off.
278 2469 299 2519 s,
313 2456 351 2522 ta)
366 2460 405 2507 uei
425 2460 456 2507 de
475 2461 591 2509 aerariis
605 2462 646 2509 uel
664 2460 696 2509 de
709 2459 762 2518 dis,
783 2459 828 2523 qui
846 2459 873 2507 in
890 2458 1019 2507 Caeritum
1038 2456 1140 2507 tubulas

172 2527 362 2590 referebantur,
382 2531 497 2594 capitoni
511 2545 561 2580 uon
576 2546 667 2594 posse,
687 2545 738 2580 non
758 2536 796 2579 est
814 2530 883 2593 quod
900 2529 1064 2592 disputemus.
1095 2528 1139 2576 Ce-

172 2606 255 2647 terum
273 2606 395 2661 apparet,
417 2599 508 2648 Guium
523 2609 633 2663 praeter
655 2604 696 2651 ius
719 2602 852 2665 antiquum
874 2601 924 2649 iam
944 2600 1077 2656 abolitum,
1097 2600 1140 2647 eui

173 2685 251 2718 unum
264 2672 407 2733 exemptum
421 2670 569 2734 sufficiebat
582 2671 730 2738 (cs.1,131).
744 2687 779 2721 em
789 2686 819 2722 eo
833 2673 899 2729 iure,
915 2671 985 2735 quod
997 2672 1025 2719 in
1036 2684 1083 2717 usu
1094 2676 1140 2726 est,

172 2742 224 2790 duo
238 2742 357 2804 exempta
370 2742 473 2804 referre
488 2744 612 2805 uoluisse,
626 2760 711 2802 uuum,
727 2758 785 2808 quo,
805 2750 834 2791 ut
847 2749 932 2799 untes,
947 2739 1057 2804 publici,
1076 2740 1139 2787 ulte-

173 2827 239 2873 rum,
254 2827 303 2874 quo
318 2826 383 2861 nono
398 2814 456 2862 iure
465 2814 568 2877 privati
581 2815 708 2865 commodi
719 2830 799 2865 ceusu
809 2814 921 2862 munima
932 2827 989 2874 cup.
1000 2810 1140 2859 deminutio

173 2880 316 2931 accidebat.
339 2882 379 2931 De
389 2885 444 2949 lepe
454 2883 532 2933 Aelia
541 2883 631 2935 Sentis
640 2886 664 2935 it.
676 2888 692 2935 l.
704 2888 748 2951 api
758 2893 828 2935 recte
837 2884 913 2933 etiam
921 2881 1036 2931 Momms.
1048 2886 1140 2930 contra

173 2952 259 3018 Kriip.
274 2956 381 3012 censuit,
396 2970 541 3020 quanquam
556 2958 583 3005 in
597 2956 769 3007 resarcienda
783 2956 902 3006 oratione
921 2969 968 3003 nee
987 2959 1080 3002 cautus
1093 2966 1140 3001 nec

170 3025 249 3087 felix.
271 3024 309 3088 Cf.
325 3026 361 3074 ud
378 3037 399 3088 1,
414 3038 439 3077 rt
454 3034 551 3077 notata.
608 3024 629 3095 ¹)
646 3028 749 3077 dominis
766 3028 792 3077 0.
813 3034 841 3076 ut
852 3027 979 3093 plossemu
994 3024 1087 3075 omittit
1101 3022 1139 3071 ed.

172 3095 247 3145 Stud.
266 3097 313 3145 sed
325 3098 393 3162 sipia
405 3098 501 3161 fraudi
510 3098 572 3161 fuit.

245 3198 270 3271 ᾗ.
288 3204 346 3255 168.
363 3226 396 3247 =
411 3205 434 3266 ᾖ.
450 3216 470 3255 t.
490 3203 513 3252 Ι.
528 3206 561 3254 de
575 3209 623 3271 lep.
640 3222 700 3271 apn.
712 3211 758 3254 tui.
769 3202 801 3269 (1,
815 3202 860 3269 11).
882 3204 920 3267 Cf.
933 3203 1008 3266 infra
1022 3213 1043 3263 8,
1057 3210 1091 3253 tt.
1106 3210 1140 3253 51.

178 3273 234 3337 Uip.
250 3286 320 3334 11,tt.
335 3303 368 3311 —
383 3275 416 3324 L.
430 3287 451 3327 8.
476 3275 628 3340 D.deoup.
645 3278 704 3325 min.
720 3277 751 3340 (t,
766 3276 798 3339 b).
822 3275 854 3324 L.
870 3286 891 3325 a.
916 3274 948 3322 D.
964 3274 996 3322 de
1016 3288 1070 3337 rep.
1090 3272 1141 3319 iur.

174 3343 280 3410 (nult).
351 3342 377 3414 ξ.
395 3348 453 3397 lta.
470 3362 557 3409 =pm
573 3348 595 3396 I.
611 3348 643 3396 de
663 3362 719 3410 cap.
736 3346 824 3395 dimin.
840 3344 872 3411 (1,
887 3345 931 3408 16).
962 3344 1002 3407 Os.
1017 3343 1049 3391 L.
1065 3355 1085 3393 1.
1110 3342 1142 3390 D.

174 3417 230 3464 eod.
251 3414 287 3481 (t,
307 3416 338 3479 5).
361 3415 452 3466 Boetb.
467 3417 503 3465 ud
518 3417 570 3468 Cic.
595 3418 656 3480 Top.
676 3429 701 3479 1,
721 3428 755 3468 18.
770 3432 798 3479 p.
814 3428 861 3467 tou.
886 3414 954 3465 Bait.
975 3414 1142 3478 Ulp.11,16.

174 3482 201 3553 ξ.
219 3488 277 3536 160.
295 3486 333 3548 Cf.
349 3488 372 3548 ς.
388 3500 408 3538 1.
428 3486 450 3535 I.
466 3488 523 3536 eod.
542 3488 597 3552 tnp.
614 3501 648 3551 11,
665 3500 697 3539 11.
716 3503 798 3550 supra
816 3488 855 3549 §5-
866 3499 900 3538 nt.
911 3498 945 3537 st.
955 3498 989 3537 91.
1041 3481 1067 3553 ξ.
1084 3486 1143 3535 161.

175 3577 210 3597 =
225 3559 248 3617 ἓ.
264 3569 284 3607 2.
304 3556 326 3605 I.
341 3557 398 3607 eod.
419 3557 458 3620 Cf.
478 3557 534 3620 Utp.
549 3573 583 3621 11,
599 3571 631 3609 11.
652 3574 733 3622 supra
749 3560 771 3620 §-
788 3569 834 3610 ma.
