2542 3909
150 161 190 215 14
478 163 503 205 o.
522 162 618 197 nvcrva
638 158 781 195 scurrone.

148 288 254 359 uerbis,
277 303 356 359 quam
379 286 412 341 de
433 294 556 359 tempore
578 292 682 341 tautum
704 284 798 341 iutnro
820 284 907 356 legem
929 284 1024 358 loqnil
1056 283 1165 341 sedin]

150 372 181 439 Q.
203 369 333 426 Scaeuola
355 377 458 443 patrem
480 385 559 423 suurn
583 378 610 423 et
626 370 737 424 Brutum
759 376 788 424 et
801 368 947 439 Manilium,
971 370 1046 423 uiros
1066 367 1112 423 ad·

149 456 233 527 prime
256 452 367 520 doctos,
395 454 533 526 quaesisse
556 454 592 507 ait
614 452 823 524 dubitasseque,
851 460 977 508 utrumne
998 454 1026 507 in
1048 461 1113 526 post

149 537 219 593 lacta
234 537 315 592 modo
330 535 402 591 furta
417 536 460 591 lea
475 536 588 606 ualeret,
611 552 645 591 an
660 536 741 591 etiam
756 537 783 590 in
797 544 859 590 aute
875 534 961 591 lacta?
985 538 1111 608 quoniam
1163 598 1167 603 ,

149 618 322 692 ‘subruptum
338 621 402 677 erit'
424 629 569 693 utrumque
590 627 698 692 tempus
723 620 860 675 uideretur
880 620 1035 690 ostendere,
1059 628 1110 675 tam

149 704 323 776 praeteritum
340 720 417 777 quam
433 702 565 759 luturum.
580 734 622 743 -
638 702 705 759 Geli.
724 704 773 771 17,
791 703 817 759 7.
834 703 862 774 3.
882 702 909 758 l.

212 783 241 843 4.
262 785 386 843 llluseras
409 787 468 843 heri
489 780 556 848 eto.¹
571 818 614 828 —
629 786 683 842 Cio.
706 786 739 842 ad
761 786 823 841 lam.
848 786 876 852 7,
893 786 944 842 22.
972 784 1013 842 Gi.
1028 803 1112 860 supra

148 870 211 926 Sex.
230 871 319 925 delius
335 870 415 927 Catus
431 871 461 927 2.
623 932 632 949 ,

213 952 240 1013 6.
261 952 391 1011 Scaeuola
407 964 507 1025 autern,
526 954 557 1011 P.
573 954 608 1019 i.‚
631 956 751 1009 iunctum
767 969 828 1009 esso
842 961 919 1027 putat
935 952 1058 1023 uerbum,
1081 961 1113 1009 ut

149 1038 186 1093 sit
200 1038 229 1093 in
245 1054 277 1095 eo
293 1042 321 1094 et
336 1036 422 1112 ‘post'
439 1048 466 1095 et
481 1036 601 1096 ‘limen':
625 1047 670 1110 ut,
692 1054 760 1112 quae
780 1054 795 1091 a
814 1036 893 1093 nohis
909 1038 1022 1093 alienata
1036 1045 1111 1108 sunt,

149 1138 231 1193 quum
252 1121 285 1176 ad
306 1122 411 1178 hostem
430 1123 606 1195 perueneriut
625 1132 653 1178 et
674 1137 706 1176 ex
721 1138 772 1177 suo
786 1129 913 1193 tanquam
934 1120 1026 1176 limine
1041 1122 1112 1176 erie-

148 1208 219 1275 riut,
248 1204 310 1260 dein
333 1222 415 1277 quum
437 1206 567 1261 redierint
589 1212 653 1279 post
675 1205 707 1259 ad
729 1205 798 1260 idem
820 1205 918 1275 limen,
945 1204 1112 1278 postliminio

149 1288 294 1344 uideantur
309 1288 431 1345 rediisse.
450 1318 488 1329 -
504 1287 559 1344 Clo.
575 1289 643 1363 Top.
660 1288 689 1346 8.
706 1289 735 1360 3.
752 1288 803 1347 37.
821 1348 824 1354 ,

211 1369 239 1430 6.
262 1368 381 1447 (Nexum)
398 1372 513 1429 llucius:
536 1389 602 1444 quae
622 1389 673 1445 per
690 1390 735 1427 aes
750 1381 778 1427 et
791 1371 886 1428 libram
901 1370 983 1441 liant,
998 1380 1029 1427 ut
1044 1371 1113 1427 obli·

149 1464 249 1527 geritur
263 1464 372 1529 praeter
388 1472 457 1529 quae
472 1457 604 1530 mancipio
620 1455 728 1511 dentur.
744 1457 884 1511 —Varro
900 1456 933 1511 de
946 1454 977 1512 l..
992 1455 1021 1512 L.
1039 1456 1068 1528 7,
1081 1456 1110 1511 5.

210 1618 236 1679 7.
260 1618 314 1699 (Q.)
331 1639 440 1698 quoque
455 1623 570 1679 Mucium
585 1622 800 1679 iureconsultum
815 1622 904 1679 dicere
918 1622 1029 1678 solitum
1045 1623 1111 1695 legi,

147 1722 203 1762 uon
223 1723 283 1762 esse
304 1714 458 1780 usurpatam
485 1707 641 1782 mulierem,
664 1723 732 1778 quae
758 1722 818 1761 cum
839 1704 964 1762 Kalendis
984 1708 1112 1763 ianuariis

148 1790 219 1862 apud
241 1792 329 1846 uirum
351 1792 513 1846 matrimonii
534 1807 612 1847 causa
634 1807 695 1845 esse
715 1790 863 1863 coepisset,
891 1799 952 1846 ante
974 1791 1043 1847 diem
1058 1790 1112 1847 llll.

147 1873 279 1929 Kalendas
291 1874 425 1929 lanuarias
441 1884 586 1947 sequentes
602 1882 762 1947 usurpatum
777 1876 858 1929 isselt
872 1890 928 1930 non
944 1876 1013 1930 enim
1028 1890 1111 1948 posse

147 1957 253 2031 impleri
275 1958 447 2029 trinoctium,
477 1958 549 2031 quod
572 1958 666 2013 abesse
689 1974 703 2012 a
725 1958 792 2013 uiro
807 1958 954 2031 usurpandi
977 1975 1056 2014 causa
1078 1974 1112 2013 ex

148 2040 290 2097 duodecim
313 2041 411 2097 tabulis
434 2042 555 2112 deberet,
577 2042 705 2115 quoniam
728 2043 825 2097 tertiae
839 2044 927 2097 noctis
942 2044 1111 2115 posteriores

148 2141 194 2180 sen
210 2126 293 2181 horae
313 2124 423 2181 alterius
443 2127 505 2182 anui
526 2132 627 2197 essent,
652 2126 698 2199 qui
719 2127 856 2199 inciperet.
872 2142 906 2181 er
920 2125 1053 2181 Kalendis.
1069 2155 1111 2165 —

149 2208 215 2265 Geli.
233 2209 262 2281 3,
279 2208 308 2267 2.
325 2208 373 2281 33,
392 2208 441 2266 12.
459 2210 507 2266 13.

211 2291 239 2349 8.
261 2294 382 2365 itemque
405 2300 437 2349 ut
458 2293 539 2349 illud:
563 2293 682 2349 Gerriiles
705 2300 777 2363 sunt,
802 2293 849 2368 qui
871 2294 943 2349 iuter
963 2308 993 2348 se
1015 2294 1110 2348 eodem

147 2379 256 2432 nomine
271 2385 346 2431 sunt.
369 2376 428 2431 Non
444 2384 486 2431 est
500 2378 573 2432 satis.
598 2375 649 2443 Qui
664 2376 696 2432 ab
711 2378 837 2451 ingenuis
852 2375 960 2432 oriundi
975 2384 1049 2432 suut.
1071 2375 1110 2431 Ne

147 2459 174 2514 id
198 2459 304 2533 quidem
326 2460 391 2515 satis
413 2467 463 2514 est.
494 2459 612 2526 Quorum
633 2462 766 2516 maiorum
784 2477 863 2517 nemo
878 2461 1037 2537 seruitutem
1053 2476 1109 2516 ser·

147 2544 226 2599 uiuit.
256 2542 340 2598 Abest
355 2544 435 2599 etiam
450 2560 530 2600 nuuc.
560 2543 610 2612 Qui
632 2547 868 2619 capitenousunt
883 2544 1022 2601 deminuti.
1054 2544 1111 2600 lloo

147 2626 264 2683 iortasse
279 2628 343 2682 satis
359 2635 410 2683 est.
439 2627 510 2683 Nihil
534 2630 603 2685 enim
625 2629 707 2685 uideo
728 2628 883 2685 Scaeuolam
900 2629 1057 2702 pontificem
1077 2628 1111 2684 ad

147 2711 216 2767 hanc
230 2708 415 2766 definitionem
431 2711 574 2768 addidisse.
588 2742 631 2755 -
646 2712 700 2769 Cic.
717 2712 784 2786 Top.
801 2713 830 2769 o.
847 2712 876 2784 3.
892 2712 943 2771 29.

432 2828 595 2900 Aliunde,
618 2838 655 2886 ut
676 2830 823 2886 ridetur.

207 2926 239 2988 ’9.
260 2927 414 3002 Pontifices,
436 2938 468 2986 ut
483 2929 513 2999 Q.
531 2930 662 2988 Scaeuola
676 2931 799 3004 pontiier
814 2932 944 2986 maximus
959 2930 1075 3001 dicebat,
1094 2946 1110 2986 a

148 3029 229 3086 posse
244 3022 272 3069 et
287 3014 384 3071 lacere.
404 3044 441 3055 -
458 3014 541 3070 Varro
557 3014 590 3070 de
606 3014 636 3071 l..
651 3012 681 3069 t.
698 3012 727 3084 5,
745 3011 795 3070 15.
811 3014 840 3085 3.
856 3014 905 3071 83.

210 3095 260 3155 10.
284 3099 404 3171 Praetor,
421 3100 467 3172 qui
479 3107 535 3154 tum
549 3092 597 3173 (sc.
611 3096 705 3154 diebus
717 3098 793 3152 lastis
804 3098 857 3152 tria
869 3091 958 3169 uerba]
970 3095 1043 3150 latus
1054 3102 1109 3168 est,

146 3182 169 3236 si
189 3182 346 3256 imprudens
368 3182 441 3253 lecit,
464 3182 594 3255 piaculari
616 3182 704 3236 hostia
726 3180 796 3236 lacta
818 3181 920 3252 piatur;
944 3180 968 3234 si
989 3177 1109 3251 prudens

219 3328 238 3396 ¹)
254 3330 332 3380 Recte
342 3329 488 3379 Momsenus
498 3327 591 3392 (Symb.
601 3327 747 3391 Holiwepio
759 3325 808 3377 obl.
815 3342 843 3389 p.
855 3325 898 3392 93)
909 3327 1017 3387 iudicat,
1032 3334 1110 3391 caput

146 3401 228 3459 istud,
247 3403 274 3449 in
296 3416 345 3464 quo
366 3400 545 3449 controversia
562 3398 682 3460 exposita
702 3402 772 3455 eret,
793 3398 953 3461 exscriptum
970 3398 1055 3462 fuisse
1075 3412 1110 3447 ea·

147 3470 232 3521 Mucii
245 3470 321 3520 libris
334 3470 367 3519 de
380 3471 438 3534 iure
453 3469 525 3517 civili
537 3465 615 3531 (puta
631 3467 710 3530 XVI,
725 3469 752 3516 in
766 3484 816 3533 quo
830 3469 862 3520 de
873 3468 957 3534 surda
970 3469 1042 3537 epit).
