2542 3909
472 212 475 217 ·
486 200 522 235 DE
540 200 727 237 mxcvsA'rlortu.
789 218 793 221 ·
1019 182 1079 247 767

130 344 203 399 eum,
225 326 284 385 'cui
297 330 365 385 data
382 336 424 385 est
440 345 453 383 a
468 322 603 401 principe¹
620 330 792 403 negotiorum
806 333 950 402 fiscalium
966 331 1083 386 admini-

128 416 242 483 stratio,
258 414 393 485 quamdiu
404 413 594 483 administrat,
610 428 692 468 onera
704 415 848 469 tutelarum
864 418 1013 486 suscipere
1026 431 1085 470 non

129 498 207 569 copi,
229 511 266 552 ne
287 498 334 552 uei
354 499 504 567 priuatum
525 511 598 553 onus
615 497 733 568 publico
754 499 799 554 uel
820 502 943 556 inuicem
961 499 1085 554 iniuriam

129 579 242 636 adierat.
1063 602 1065 607 ·

193 659 273 721 18³⁸.
307 655 401 724 ²Item.
437 663 483 734 Is,
506 667 556 737 qui
577 667 752 736 temporario
773 666 871 721 morbo
891 666 1020 733 laborat,
1041 668 1084 721 in·

129 750 210 804 terim
231 766 249 803 a
271 750 355 805 tutela
371 747 558 815 excusabitur3
582 748 622 817 hi,
646 764 715 820 quos
727 750 856 805 ualetudo
874 755 1020 820 perpetua
1036 766 1085 820 op-

125 830 251 902 pressit,
273 835 314 887 ita
331 838 525 901 excusantur,
550 840 580 889 ut
596 847 648 888 eas
662 847 776 904 quoque
793 830 907 903 tutelas,
929 838 1086 904 accusante

129 921 332 987 susceperant,
346 916 499 987 deponant.

192 995 257 1055 tut.
288 992 381 1056 ³Item.
419 999 456 1056 ln
468 998 601 1071 furorem
616 1002 794 1073 quodnequi
807 1001 914 1068 incidit,
934 998 1086 1056 accusabi-

130 1091 175 1139 tur
187 1084 265 1139 etiam
278 1081 309 1139 ab
320 1099 359 1152 ea,
377 1098 456 1156 quam
466 1092 543 1139 antea
559 1090 738 1154 susceperat,
754 1086 844 1139 tutela
852 1107 861 1147 ‚·
876 1098 931 1139 nec
947 1089 1041 1138 tamen
1055 1086 1087 1138 in

130 1172 233 1242 mium,
259 1167 311 1224 sed
330 1172 363 1222 ut
383 1170 413 1223 in
435 1168 527 1223 locum
546 1166 654 1238 furiosi
675 1166 709 1223 ad
732 1175 838 1239 tempus
861 1174 970 1222 curator
991 1168 1086 1237 detur,

130 1252 220 1307 donec
236 1253 401 1321 resipuerit.

192 1330 257 1390 iss.
280 1328 374 1391 ⁴item.
399 1334 463 1391 Non
476 1333 649 1407 infrequens
661 1341 714 1403 est,
730 1339 815 1390 etiam
828 1350 900 1409 eum,
917 1335 967 1405 qui
977 1336 1086 1389 nimiam

129 1432 179 1491 per
201 1417 377 1473 rusticitatem
400 1432 430 1473 se
448 1416 544 1475 alienis
565 1422 686 1492 nepotiis
706 1419 840 1492 uerendis
860 1421 1001 1489 imparem
1023 1431 1088 1474 esse

126 1502 245 1573 probat,
268 1504 485 1559 excusationem
500 1504 606 1559 mereri.
644 1501 796 1574 Paupertas
811 1502 891 1575 plane
906 1507 1039 1565 excusat,
1061 1504 1090 1557 si

130 1588 226 1659 impar
242 1592 284 1643 est
299 1590 381 1642 oneri
392 1585 525 1658 serenda.
584 1588 585 1591 ’

194 1666 260 1727 186.
297 1663 393 1728 ⁶Item.
440 1672 509 1728 Tria
525 1686 614 1728 onera
636 1670 792 1727 tutelarum
806 1672 1025 1725 excusationem
1040 1670 1088 1725 tri·

131 1753 227 1811 buunt.
258 1753 317 1808 l'ria
329 1761 418 1810 autem
436 1770 526 1811 onera
542 1758 583 1811 sic
597 1762 665 1810 sunt
676 1755 858 1824 accipienda,
874 1759 905 1809 ut
920 1770 977 1809 non
991 1768 1087 1809 nume·

131 1852 184 1892 rus
200 1835 372 1908 pupillorum
388 1837 479 1910 piures
496 1836 593 1893 tutelas
610 1838 704 1908 iaciat,
726 1838 778 1894 sed
790 1839 1030 1909 patrimoniorum
1044 1850 1087 1891 se·

129 1923 256 1991 paratio.
301 1926 328 1975 ei
350 1922 412 1977 ideo
428 1925 478 1993 qui
498 1922 588 1979 tribus
610 1920 737 1976 iratribus
759 1927 835 1976 tutor
854 1919 933 1975 datus
949 1928 999 1989 est,
1019 1915 1022 1997 l
1039 1912 1192 1993 quiiteloab.

131 2002 276 2059 indiuisum
297 1994 487 2077 patrimonium
501 2003 610 2075 habent,
633 2004 677 2061 uei
693 2003 851 2077 quibusdam
868 2012 953 2074 tator,
976 2002 1087 2075 quihus-

131 2087 192 2143 dam
208 2095 327 2159 curator,
343 2102 423 2143 unam
440 2087 551 2144 tutelam
567 2089 720 2161 suscepisse
734 2088 867 2145 creditur:
907 2080 999 2163 [ist]
1023 2087 1088 2142 item

132 2165 200 2245 qui⁶
226 2187 317 2229 curum
344 2171 490 2228 kalendarii
514 2172 703 2228 Gaditanorum
731 2188 746 2227 a
772 2171 894 2245 principe
923 2162 1087 2227 ’iniustaml

132 2259 201 2313 etin
217 2256 338 2330 equestri
354 2254 447 2312 ordine
463 2264 617 2329 susceptam
633 2248 832 2312 ’administrat.⁸

132 2434 188 2467 cum
206 2416 315 2479 Thespii.
330 2416 362 2464 L.
377 2426 410 2465 22.
426 2416 448 2477 ξ.
465 2428 484 2466 1.
500 2415 531 2464 L.
546 2427 572 2466 41
584 2430 626 2478 pr.
643 2415 675 2463 D.
690 2414 713 2463 b.
730 2421 748 2463 t.
763 2413 795 2462 L.
807 2426 839 2465 10.
857 2414 883 2464 G.
898 2414 921 2462 b.
938 2420 955 2463 t.
1009 2408 1028 2478 ¹)
1043 2412 1089 2461 Ea·

137 2487 164 2536 V
165 2489 183 2536 δ.
206 2488 246 2537 ed.
268 2486 383 2535 Momms.
406 2492 449 2533 ..t
470 2500 483 2533 a
505 2486 622 2548 principio
650 2484 708 2533 Vnt.
783 2481 804 2548 ²)
826 2483 937 2533 destitui
958 2480 1088 2547 (similiter

133 2556 264 2623 Manna).
286 2556 324 2619 Cf.
340 2558 363 2617 ξ.
379 2565 424 2606 iss.
441 2554 472 2603 L.
488 2566 514 2606 ιο
525 2556 570 2618 fin.
585 2555 617 2603 L.
632 2567 666 2605 11.
683 2565 708 2605 11
718 2569 762 2617 pr.
782 2554 814 2603 D.
830 2554 853 2603 b.
870 2561 886 2603 t.
938 2550 960 2618 ⁸)
976 2552 1089 2603 liestitui

131 2629 257 2679 sententia
276 2626 308 2676 ab
328 2628 389 2677 aliis
407 2632 557 2675 monstrata.
594 2624 632 2687 Cf.
648 2624 680 2673 L.
696 2636 729 2675 to.
749 2626 774 2686 ξ.
788 2636 807 2676 8.
831 2624 862 2673 L.
878 2634 904 2674 12
917 2639 958 2688 pr.
982 2623 1014 2672 D.
1030 2625 1053 2672 n.
1070 2630 1087 2672 t.

132 2697 153 2765 ⁴)
168 2698 293 2749 Similiter
311 2698 422 2748 restitui.
453 2696 491 2759 Cf.
512 2698 534 2757 ξ.
549 2707 569 2745 s.
591 2694 686 2743 111.
709 2694 740 2744 L.
760 2706 780 2745 e.
802 2696 826 2757 §-
842 2706 875 2746 rs.
895 2694 926 2743 L.
942 2706 962 2745 t.
982 2694 1014 2742 D.
1029 2694 1054 2743 b.
1069 2702 1087 2744 t.

132 2772 205 2833 infru
220 2772 260 2833 §5-
275 2780 321 2821 2412.
337 2780 384 2821 244.
458 2763 479 2830 ⁵)
494 2764 587 2815 assu.
601 2779 621 2817 a.
647 2765 679 2813 D.
694 2765 718 2814 b.
734 2772 751 2813 t.
771 2780 806 2814 ea
828 2764 884 2829 Uip.
903 2763 946 2814 lib.
966 2765 1033 2829 sinp.
1056 2765 1089 2813 dc

132 2843 200 2904 offic.
212 2847 297 2904 praet.
312 2846 358 2889 tut.
388 2837 426 2900 Os.
441 2839 464 2899 ξ.
478 2847 525 2888 est.
595 2832 696 2911 ⁶)iiem
725 2836 769 2892 Qui
783 2836 840 2885 edd.
870 2834 1008 2896 0119422.

134 2908 154 2975 7)
169 2912 298 2959 iniunctam
312 2912 344 2971 ci.
360 2908 459 2957 Baebii.
484 2906 536 2957 Sed
550 2906 598 2957 boo
612 2908 651 2955 ait
665 2905 729 2969 Uip„
744 2920 801 2954 cum
814 2904 929 2955 Gadibus
943 2911 1014 2954 uetus
1023 2911 1090 2953 esset

132 2995 197 3030 cura
211 2980 368 3035 kalendarii,
379 2980 526 3040 principem
541 2976 668 3040 quondam
682 2977 783 3025 ciuitati
791 2976 931 3039 turpilione
941 2974 1089 3023 subvenisse

132 3053 178 3108 ita,
188 3056 216 3099 ut
224 3050 300 3099 simul
310 3048 444 3097 induceret
453 3063 469 3096 a
476 3048 598 3109 principe
605 3048 769 3097 constitutum
776 3045 925 3095 kalendarii
932 3051 1087 3094 curatorem.

134 3117 155 3183 ⁸)
170 3118 351 3169 administrabat
370 3116 428 3166 Vat.
439 3118 496 3166 edd.
521 3116 593 3165 Nibit
607 3117 710 3166 uidetur
720 3116 822 3172 deesse;
835 3115 882 3165 sed
891 3115 1088 3180 inteliependum

132 3197 169 3241 est
189 3204 224 3239 eoo
244 3191 267 3251 ξ.
288 3200 338 3240 186:
363 3203 419 3238 cum
437 3188 513 3237 ctiam
534 3202 599 3236 cura
619 3186 770 3235 kalendarii
787 3187 822 3235 sit
842 3188 911 3235 inter
933 3187 987 3234 tria
1008 3200 1089 3235 onera

133 3260 166 3327 (ξ.
177 3258 236 3325 its),
250 3276 314 3316 eum,
330 3260 374 3323 qui
386 3256 499 3307 Gadibus
508 3262 649 3321 equestrem
659 3272 748 3306 curam
758 3256 908 3305 kalendarii
917 3256 1088 3316 administret,

133 3334 192 3381 iicet
206 3346 236 3382 ea
250 3337 275 3380 et
292 3328 477 3379 Gaditanorum
487 3328 615 3391 pecunias
633 3334 660 3377 et
671 3342 688 3376 a
703 3328 827 3390 principe
845 3326 955 3377 donatas
974 3340 1089 3389 compre·

132 3402 235 3459 bendat,
246 3408 328 3450 tamen
340 3402 417 3449 unius
427 3405 523 3449 tantum
533 3413 613 3448 curae
623 3412 689 3448 onus
698 3399 842 3461 suscepisse
856 3398 937 3447 credi.
962 3396 1001 3461 Cf.
1011 3396 1043 3444 L.
1054 3407 1087 3446 su.

133 3475 155 3534 ξ.
166 3485 185 3523 1.
199 3471 231 3520 D.
246 3471 270 3521 b.
286 3477 304 3521 t.
319 3496 353 3507 -
367 3469 420 3520 Sed
433 3477 516 3519 tamen
530 3482 584 3519 rem
598 3468 723 3532 Ulpianus
737 3471 809 3518 clare
824 3468 1001 3519 demonstrare
1015 3465 1089 3516 debe-

133 3542 182 3592 bat.
207 3542 297 3607 Itaque
312 3542 363 3590 iam
374 3547 434 3605 post
448 3540 567 3589 induciam
582 3540 675 3590 addidi
688 3547 719 3599 et,
734 3540 804 3605 quod
813 3554 863 3590 non
873 3539 961 3589 dubito
972 3539 1089 3589 omissum
