2542 3909
176 140 237 191 m
550 128 756 176 ancarano.

175 284 298 351 eosdem
325 278 392 343 fere
419 278 589 361 scriptores
611 279 809 362 pertinentes
831 299 885 342 000
891 326 901 359 ,
933 299 1012 361 quas
1034 280 1135 345 debeo

174 361 365 431 doctissimis
387 362 480 443 viris,
510 362 564 445 qui
591 360 630 425 de
652 361 756 443 priore
779 360 917 426 editione
939 363 1065 446 publice
1086 385 1135 428 re·

172 448 314 513 tulerunt
328 448 361 508 et
374 445 603 524 iudicaverunt,
625 444 722 511 Mart.
738 444 870 511 Hertzio
883 447 921 511 in
936 446 1135 512 Fleckeiseni

173 528 288 594 Annal.
304 528 415 612 philol.
437 529 526 595 1862.
549 551 579 611 p.
602 529 737 594 40-56.
771 528 802 595 J.
819 528 894 595 Chr.
909 530 977 595 Fal.
995 530 1134 597 Baehrio

171 614 206 677 in
227 613 345 676 Annal.
361 611 508 679 Heidelb.
534 613 625 679 1862.
648 634 679 695 p.
706 613 767 678 130
787 615 903 680 -144
926 618 958 678 et
973 618 1012 679 A.
1029 615 1135 681 Ubbe-

172 696 279 761 lohdio
305 698 340 759 in
362 695 497 779 Ephem.
520 696 570 761 lit.
593 695 739 781 Gotting.
764 697 854 763 1863.
877 720 909 781 p.
937 699 1027 763 1128.
1052 700 1136 764 1142

172 780 307 844 -1160,
345 780 444 861 Alias,
469 801 548 864 quas
570 780 756 863 quotidiana
778 780 873 846 lectio
894 781 945 845 vel
966 782 1135 848 meditatio

172 864 303 947 obtulit,
333 884 443 929 omnes
471 865 576 947 operis
604 868 711 948 partes
733 865 853 947 passim
875 870 1025 947 expertae
1046 872 1133 931 sunt.

173 946 232 1012 Sed
257 951 290 1011 et
310 950 473 1032 integrum
495 969 596 1013 novae
618 948 813 1013 recensionis
834 948 977 1014 laborem
991 951 1134 1033 impendi

172 1032 211 1095 iis
234 1032 386 1115 partibus,
408 1052 487 1115 quae
508 1036 545 1097 01
565 1035 652 1097 10100
674 1035 933 1115 retractarentur,
957 1054 1042 1097 nova
1060 1034 1134 1098 sub·

173 1114 253 1179 sidia
275 1116 315 1179 ab
337 1116 408 1181 aliis
426 1117 555 1181 interim
571 1116 773 1201 suppeditata
787 1137 915 1181 monere
930 1116 1131 1183 videbantur.

173 1199 221 1263 De
248 1200 362 1283 quibus
390 1200 429 1263 ad
457 1201 601 1284 singulas
629 1204 752 1284 partes,
781 1220 858 1283 quas
879 1201 928 1264 ita
949 1202 1133 1283 retractavi,

173 1282 337 1348 Valerium
359 1283 516 1364 Probum,
545 1284 659 1348 Gaium
681 1288 714 1349 et
734 1285 951 1369 fragmentum
974 1287 1059 1369 quod
1080 1307 1133 1350 vo·

175 1370 265 1432 catur
288 1366 326 1431 de
349 1368 416 1432 iure
438 1367 518 1450 fisci,
542 1368 736 1451 praemonui.

237 1452 380 1517 Tandem
408 1451 482 1516 huic
504 1452 635 1515 editioni
658 1450 828 1533 accedunt,
859 1472 938 1535 quos
959 1453 995 1517 in
1016 1454 1134 1535 prioris

173 1536 372 1620 praefatione
388 1536 548 1619 pollicitus
564 1556 651 1599 eram
672 1555 814 1619 quosque
828 1536 957 1599 interim
973 1537 1032 1599 viri
1049 1537 1133 1600 docti

173 1622 289 1683 iterum
317 1620 493 1703 iterumque
522 1619 798 1702 desideraverunt,
832 1619 970 1699 indices,
1003 1623 1039 1683 ut
1064 1620 1134 1703 ipse

175 1704 322 1768 existimo
346 1707 378 1767 et
393 1704 472 1767 alios
489 1704 608 1786 peritos
623 1703 818 1767 iudicaturos
833 1722 901 1767 esse
916 1724 1018 1787 spero,
1036 1704 1134 1768 etiam

174 1788 271 1871 tales,
301 1788 409 1869 quales
431 1787 592 1869 pollicitus
616 1807 717 1869 eram,
747 1786 871 1851 ‘uberes
893 1790 926 1851 et
947 1791 1022 1870 apte
1043 1788 1134 1851 insti-

174 1872 259 1935 tuti’.
304 1870 366 1935 Sed
388 1870 462 1934 huic
485 1870 586 1953 operis
609 1870 714 1934 verius
736 1871 910 1935 accessioni
932 1892 1027 1955 quam
1049 1872 1134 1955 parti

174 1953 306 2019 aFerd.
330 1953 475 2018 Fabricio
501 1956 616 2038 rogatu
645 1956 677 2017 et
705 1954 822 2036 partim
851 1954 948 2019 etiam
976 1954 1133 2020 arbitratu

173 2058 245 2186 ppo
264 2040 429 2185 0000ορ1ἶο
445 2036 541 2186 011ῗο
559 2037 723 2184 abpolutae
739 2058 811 2101 cum
825 2039 1029 2136 peculiariter
1043 2061 1133 2137 prae-
1150 2041 1152 2044 ’

189 2143 259 2185 aus
291 2143 351 2185 sun
423 2142 459 2186 oc
504 2142 561 2186 oco
616 2142 633 2185 e
666 2143 704 2185 ea
737 2142 897 2187 monu1sse
925 2141 994 2188 earn
1017 2146 1056 2188 ue
1083 2146 1122 2188 ns

175 2227 307 2291 quorum
329 2170 472 2289 iriterest,
496 2205 733 2270 commendasse
755 2206 882 2271 sufficit.
996 2146 1017 2208 q
1123 2173 1133 2207 ⁷

260 2356 327 2421 Sor.
351 2354 561 2419 Vratislaviae
583 2376 624 2419 m.
649 2355 753 2439 Aprili
776 2362 1028 2421 CIOIOCCOLXVI.

244 2660 303 2725 AD
325 2659 521 2725 TERTIAM
543 2660 790 2755 salmoncai
812 2658 1079 2726 PRAEFATIO..
1101 2711 1105 2718 .

238 2794 329 2871 Quod
361 2794 445 2859 hanc
477 2795 604 2859 tertiam
638 2795 809 2859 editionem
839 2796 871 2857 in
903 2792 997 2857 titulo
1027 2794 1132 2875 operis

173 2900 282 2943 rursus
306 2882 432 2944 auctam
455 2882 487 2943 01
509 2881 617 2943 multis
633 2878 712 2941 locis
729 2877 928 2941 emendatam
941 2876 1131 2961 praedicavi,

172 2984 239 3027 non
268 2963 427 3027 immerito
456 2964 508 3044 id,
537 2964 602 3027 imo
626 2963 723 3025 etiam
744 2961 869 3106 potiore
891 2961 959 3025 iure
982 2980 1076 3045 quam
1097 2961 1132 3024 in

173 3046 312 3111 secunda
328 3048 466 3112 editione
481 3047 601 3111 factum
617 3066 695 3126 csse,
709 3044 743 3107 iu
765 3044 895 3108 icabunt
906 3065 998 3127 spero
1011 3066 1131 3128 omnes,

174 3132 353 3216 quicunque
376 3152 444 3195 eam
467 3152 538 3196 cum
553 3128 761 3192 antecedente
776 3129 980 3194 contulerint.
1019 3129 1132 3193 Acces-

174 3220 284 3279 serant
306 3216 390 3279 enim
413 3216 463 3299 (ut
485 3214 614 3297 singule
635 3211 791 3295 quaedam
813 3212 877 3277 iam
898 3212 959 3277 hoc
979 3214 1050 3277 loco
1065 3214 1133 3297 ipse

173 3298 429 3385 commemorem)
465 3295 622 3361 nonnulla
658 3317 697 3359 ex
731 3298 941 3362 vetustiorum
982 3296 1133 3364 IOtorum

173 3384 302 3467 scriptis
325 3381 427 3447 adhuc
443 3380 675 3465 praetermissa,
698 3379 768 3444 aliis
784 3382 902 3465 paucis,
926 3402 1004 3465 quae
1018 3382 1134 3447 iniuria
1151 3382 1154 3386 ’
