2542 3909
160 217 225 283 236
462 234 520 270 om
537 234 629 270 masma.
649 216 682 269 Π.
699 222 812 271 71-78.

159 368 195 421 ita
211 363 337 439 paulatim
352 364 453 422 llumen
469 381 536 439 agro
551 372 647 421 nostro
663 363 756 436 auida,
773 372 804 420 ut
819 366 959 438 aestimare
979 381 1034 421 non
1050 381 1113 439 pos·

158 450 253 525 simus,
268 457 398 521 quantum
410 466 519 523 quoque
530 456 667 504 momento
683 450 812 521 temporis
825 447 969 504 adiciatur:
988 444 1049 521 (07)ι
1061 450 1114 507 boc

159 541 211 605 est,
228 532 301 606 quod
317 532 402 607 uolgo
418 532 531 603 dicitur,
546 548 596 606 per
610 531 774 589 alluulonem
789 532 816 587 id
831 530 898 587 adici
914 532 1016 605 uideri,
1039 532 1183 606 quodiam]

158 618 195 672 ita
210 616 336 690 paulatim
351 617 480 689 adicitur,
504 624 534 672 ut
550 615 644 672 oculos
666 622 776 671 nostros
796 614 882 671 lallat.
919 612 961 674 71.
982 618 1074 689 ltaque
1089 618 1113 673 si

158 699 260 756 ilumen
274 708 378 774 partem
393 701 508 773 aliquam
524 715 556 756 er
571 706 620 755 tuo
634 699 746 773 praedio
762 692 919 756 resciderit²
935 708 962 756 et
977 700 1009 755 ad
1024 716 1113 757 meum

107 788 147 837 71.
157 782 296 859 praedium
311 785 463 858 pertulerit,
478 784 546 841 baec
559 800 622 858 pars
639 792 685 839 tna
697 776 797 861 ma2net
841 778 888 843 72.
904 786 938 841 At
949 786 971 840 si
986 785 1014 841 in
1026 784 1113 841 medio

158 867 269 924 ilumine
289 869 377 926 insula
396 877 458 925 nata
477 870 530 939 sit,
550 868 617 924 haec
636 882 731 925 eorum
754 868 873 925 omnium
897 872 1047 925 communis
1061 875 1113 940 est,
1190 908 1191 913 1

159 952 205 1025 qui
220 950 253 1008 ab
269 960 384 1027 utraque
398 960 475 1025 parte
489 950 607 1008 ssumlnis
622 966 708 1026 prope
730 953 814 1025 ripam
835 951 941 1025 praedia
956 951 1113 1025 possident;

158 1037 180 1091 si
192 1052 260 1093 uero
271 1052 326 1093 non
337 1038 372 1092 sit
381 1035 505 1093 inmedio
518 1036 638 1108 domine,
645 1034 678 1091 ad
690 1051 736 1092 cos
749 1036 932 1109 pertinet,qui
945 1034 976 1092 ab
985 1052 1016 1092 ea
1024 1045 1112 1110 parte,

159 1136 228 1193 quae
242 1124 365 1193 proxima
379 1129 431 1190 est,
445 1122 519 1176 iusta
533 1121 619 1193 ripam
633 1118 743 1193 praedia
756 1118 866 1176 liabent.
903 1114 950 1177 73.
970 1118 1112 1176 Praeterea

157 1204 193 1275 id,
210 1204 283 1277 quod
297 1206 325 1259 in
339 1204 400 1261 solo
415 1212 512 1260 nostro
522 1202 556 1260 ab
571 1203 661 1277 aliquo
677 1201 844 1260 aedificatum
856 1213 908 1276 est,
925 1204 1049 1277 quamuis
1064 1201 1111 1259 ille

157 1304 208 1343 suo
223 1288 333 1344 nomine
343 1285 536 1359 aedificaberit,
551 1290 610 1344 iure
620 1286 734 1363 naturali
746 1295 871 1344 nostrum
883 1285 924 1361 fit,
941 1289 1002 1361 quia
1016 1303 1112 1361 super·

157 1369 231 1428 ficies
245 1370 305 1428 solo
320 1371 400 1429 cedit.
442 1367 491 1428 74.
513 1371 653 1445 llultoqne
668 1372 753 1444 magis
769 1370 797 1427 iri
812 1371 907 1428 accidit
923 1381 951 1429 et
965 1373 992 1429 iu
1007 1370 1111 1447 planta,

158 1471 237 1529 quam
252 1455 313 1529 quis
326 1457 354 1511 in
368 1454 429 1511 solo
444 1463 539 1512 nostro
555 1455 694 1531 posuerit,
715 1455 739 1511 sl
760 1456 841 1513 modo
862 1454 996 1513 radicibus
1012 1464 1111 1512 terram

157 1537 297 1613 complexa
310 1539 402 1597 luerit.
438 1535 482 1599 75.
503 1538 574 1596 idem
590 1539 724 1615 contingit
740 1546 767 1594 et
782 1541 810 1595 in
821 1540 978 1613 frumento,
996 1538 1069 1613 quod
1083 1540 1112 1594 in

158 1622 218 1679 solo
234 1630 330 1679 nostro
344 1623 378 1681 ab
393 1623 484 1698 aliquo
500 1633 586 1680 satum
602 1622 693 1681 luerit.
731 1617 776 1681 76.
799 1622 851 1679 Sed
867 1625 889 1679 si
901 1621 933 1679 ab
944 1639 976 1680 eo
989 1630 1111 1696 petamus

157 1706 273 1765 fundum
287 1707 330 1763 uel
341 1706 535 1784 aedilicium,et
546 1709 673 1781 inpensas
683 1708 710 1763 in
723 1703 871 1763 aedificium
881 1705 925 1764 uel
935 1707 961 1762 in
972 1706 1111 1763 seminaria

158 1790 202 1848 uel
217 1792 245 1847 in
259 1800 406 1849 sementem
421 1792 504 1851 lactas
519 1793 545 1848 ei
558 1791 667 1848 soluere
682 1789 808 1861 nolimus,
823 1792 927 1865 poterit
940 1806 991 1847 nos
1006 1806 1056 1865 per
1067 1806 1112 1845 ex·

158 1876 308 1949 ceptionem
331 1875 388 1933 doli
407 1875 470 1933 mali
484 1875 627 1950 repellere,
648 1876 741 1949 utique
756 1876 780 1930 si
794 1873 880 1931 bonae
896 1872 956 1932 fidei
968 1890 1112 1948 possessor

158 1957 250 2017 luerit.
285 1954 330 2016 77.
353 1960 452 2018 Eadem
472 1961 578 2017 ratione
596 1958 740 2033 probatum
762 1966 818 2035 est,
840 1957 912 2033 quod
933 1960 961 2015 in
983 1957 1113 2017 chartulis

158 2045 217 2100 siue
235 2044 396 2101 membranis
417 2046 483 2102 meis
505 2044 602 2117 aliquis
623 2043 780 2117 scripserit,
804 2042 868 2101 licet
889 2044 978 2099 aureis
1004 2042 1111 2112 litteris,

157 2143 247 2184 meum
261 2143 332 2200 esse,
347 2130 409 2203 quia
419 2128 526 2186 litterae
538 2125 668 2185 chartulis
680 2128 739 2183 siue
750 2126 911 2184 membranis
924 2127 1038 2185 cedunt:
1053 2125 1111 2183 'ita-

158 2226 210 2285 que
232 2204 301 2287 (et)³
326 2214 349 2269 si
368 2229 421 2288 ego
448 2229 495 2270 eos
515 2210 598 2269 libros
624 2225 724 2285 easque
744 2210 911 2268 membranas
930 2220 1033 2285 petam,
1063 2226 1113 2267 nec

157 2297 297 2369 inpensam
317 2298 466 2371 scripturae
481 2295 599 2365 soluam,
620 2310 670 2368 per
690 2295 876 2368 exceptionem
892 2295 947 2352 doli
964 2294 1025 2353 mali
1039 2310 1112 2351 sum·

156 2381 261 2437 moueri
281 2389 388 2453 potero.
432 2375 479 2437 78.
502 2378 555 2435 Sed
581 2380 603 2434 si
624 2379 651 2434 in
672 2374 763 2435 tabula
787 2394 846 2435 mea
874 2378 970 2452 aliquis
996 2380 1112 2454 pinxerit

105 2462 244 2521 720010ῑὶ
259 2464 413 2537 imaginem,
429 2472 524 2520 contra
537 2464 684 2537 probatur:
704 2456 709 2538 Ι
728 2463 815 2536 magis
830 2464 900 2519 enim
912 2461 1019 2528 dicitur,
1036 2461 1112 2519 tabu·

157 2546 209 2603 lam
217 2547 339 2619 picturae
349 2546 461 2616 cedere;
471 2547 548 2603 cuius
559 2545 723 2603 diuersitatis
733 2546 777 2601 uin
787 2545 883 2603 idonea
893 2548 962 2603 ratio
975 2546 1111 2603 redditur:

157 2638 234 2687 certe
243 2629 390 2687 secundum
402 2631 472 2688 bano
482 2630 605 2706 regulam
616 2630 639 2685 si
650 2645 692 2686 me
704 2629 862 2704 possidente
872 2639 961 2705 petas,
970 2630 1112 2702 imaginem

230 2810 251 2880 ¹)
265 2814 373 2865 Addidi.
424 2812 446 2882 ²)
464 2812 521 2876 17⁸²,
535 2832 586 2867 non
601 2816 715 2866 reciderit
729 2816 780 2865 oid.
796 2831 887 2881 apogr.
902 2814 1014 2865 Studem.
1024 2828 1053 2876 p.
1064 2823 1112 2865 tet.

159 2882 239 2953 ³)St'c
252 2902 320 2936 nunc
334 2888 414 2936 malui
426 2887 542 2938 scribere
556 2902 631 2952 quam
645 2894 737 2937 anteo:
751 2895 777 2937 ot
791 2901 877 2951 aeque.

158 2994 370 3005 ——..——-

227 3060 252 3133 ξ.
268 3066 310 3115 71.
331 3064 369 3127 Os.
384 3064 417 3113 L.
431 3075 452 3114 a.
467 3066 490 3125 5.
505 3075 527 3115 a.
545 3062 580 3112 1).
593 3065 632 3112 nt.
648 3064 692 3113 cta.
707 3064 730 3125 e.
746 3074 780 3114 n.
797 3062 818 3112 1.
833 3064 872 3112 tit.
883 3062 926 3113 cit.
977 3057 1003 3131 ς.
1015 3063 1056 3113 72.
1074 3061 1113 3125 of.

156 3134 188 3184 L.
203 3146 223 3185 a.
239 3136 263 3197 §-
277 3146 298 3187 0,
317 3134 350 3183 Ι).
365 3136 403 3183 tit.
418 3137 462 3184 cit.
475 3136 501 3195 ξ.
515 3133 641 3184 saltet.
657 3134 700 3183 cit.
751 3128 777 3201 ξ.
793 3136 835 3185 73.
856 3132 894 3197 Of.
910 3132 941 3182 L.
957 3144 977 3184 a.
992 3134 1015 3195 ξ.
1031 3144 1065 3183 aa.
1080 3133 1113 3181 1).

155 3208 194 3256 eit.
210 3208 253 3255 cit.
278 3206 350 3267 §.an
365 3203 388 3253 1.
403 3206 441 3253 tit.
457 3206 500 3253 eo.
515 3202 585 3267 Epic
600 3216 621 3261 a,
637 3216 657 3253 1.
677 3205 699 3266 p.
714 3216 734 3254 i.
799 3200 824 3273 ἓ.
841 3206 881 3255 tt.
904 3203 942 3267 Os.
957 3203 989 3253 L.
1005 3214 1024 3255 r.
1040 3205 1064 3265 ξ.
1079 3212 1113 3255 rs.

156 3276 189 3325 Ι).
203 3278 242 3326 su.
257 3278 300 3325 cte.
316 3276 356 3337 ξς.
372 3285 404 3325 rs
418 3285 453 3325 s1.
473 3273 495 3323 1.
510 3276 549 3323 tit.
564 3276 608 3324 cit.
624 3273 694 3337 Epir.
709 3285 729 3333 s,
746 3286 765 3325 1.
781 3276 804 3337 e.
818 3287 839 3325 4.
895 3270 921 3343 fi.
937 3276 978 3325 tt.
1000 3273 1039 3337 Os.
1054 3272 1085 3322 L.
1100 3284 1114 3325 o

152 3362 196 3409 pr.
215 3346 248 3395 1).
263 3348 301 3395 tie.
317 3347 361 3394 cit.
379 3346 403 3407 a.
418 3355 451 3395 aa.
467 3342 489 3393 Ι.
505 3346 543 3393 tit.
559 3346 601 3394 cit.
616 3343 688 3408 Epa.
704 3347 720 3393 t.
736 3359 757 3394 c.
813 3340 838 3412 ξ.
855 3346 896 3397 tt.
918 3344 956 3408 Os.
971 3342 1041 3408 Epir.
1056 3354 1077 3407 a,
1091 3355 1112 3394 1.

155 3419 178 3478 ς.
198 3428 217 3468 a.
233 3417 265 3465 L.
280 3427 300 3466 a.
315 3416 339 3477 §-
355 3425 388 3465 m.
408 3414 468 3466 Lo
478 3430 522 3478 pr.
542 3415 574 3463 1).
588 3416 628 3464 ait.
644 3416 687 3465 eit.
708 3416 747 3477 ee.
758 3426 791 3467 so.
807 3426 840 3466 ss.
860 3415 936 3465 Leia.
953 3417 996 3464 cu.
1033 3410 1113 3483 §.tt

157 3486 351 3550 campitas.
370 3487 481 3547 §pcc
501 3484 805 3546 L.s.§.1.D.tit.ett.
823 3485 1046 3547 §.asloncia

155 3553 181 3628 ᾖ,
197 3558 239 3607 78.
258 3556 315 3606 iurti
330 3553 404 3624 actio]
420 3555 454 3618 ef.
469 3566 491 3618 a,
505 3566 553 3607 208.
