2542 3909
509 216 632 252 nonrrrvs
651 216 788 252 vnrmvvs.
1058 198 1123 265 565

166 340 298 396 Ueterum
317 338 431 391 illorum
448 336 537 405 probo
556 336 737 402 sententiam,
762 337 811 405 qui
834 337 918 391 variis
940 338 1049 391 casibus
1066 336 1124 391 iarn

164 422 224 461 non
242 405 418 465 definiendis,
438 404 514 458 haud
526 420 593 459 vero
607 405 685 457 certa
695 405 804 458 ratione
822 421 865 470 ea,
885 421 956 473 quae
968 406 998 458 in
1010 405 1124 474 Ulpiani

165 476 240 529 libro
259 472 463 536 desiderantur,
481 472 597 540 periisse
616 474 727 539 putant,
744 471 786 525 ita
797 474 893 525 tamen
905 475 939 526 ut
950 473 1027 527 casui
1039 473 1124 526 etiam

165 540 347 596 librariorum
369 539 482 593 fraudes
506 538 551 593 vel
568 538 651 591 unius
669 539 832 605 alteriusve,
856 540 905 606 qui
927 540 1031 593 librum
1049 542 1124 593 tran·

166 608 346 663 scribendum
365 606 459 668 daret,
483 605 684 673 parsimoniam
702 608 841 674 quaedam
858 608 951 661 minus
968 608 1125 661 necessaria

166 693 184 730 a
200 675 316 728 librario
340 690 396 727 non
420 674 580 741 exigentem
604 673 782 727 adnumerari
799 674 898 727 velim:
921 674 1027 728 similes
1050 676 1125 728 enlm

165 743 283 797 iniurias
307 742 392 795 etiam
416 740 478 794 Gaii
502 740 655 808 epitomem
678 743 708 794 et
729 741 821 793 Paulli
844 741 1004 795 Sententiae
1029 758 1126 809 passas

167 826 228 865 esse
247 810 365 862 constat.
400 806 461 862 Hoc
479 807 503 860 si
519 811 656 872 tenemus,
674 808 704 860 in
722 809 820 861 critica
837 808 993 862 exercenda
1009 825 1065 861 non
1082 810 1124 862 in-

167 876 238 931 certi
257 877 286 929 et
302 876 377 928 inter
394 874 511 942 Ulpiani
533 877 563 929 et
584 874 752 929 breviatoris
769 892 885 928 manum
903 876 983 944 quasi
999 876 1124 943 suspensi

166 942 362 1006 titubabimus,
373 942 422 995 sed
433 942 539 1009 ubique
549 941 670 1010 Ulpiano
681 942 748 1009 quid
762 942 887 1011 dignum,
899 942 967 1008 quid
976 942 1124 1012 indignum

167 1012 211 1077 sit,
232 1025 408 1075 quaeremus.

235 1078 320 1131 Initio
338 1078 438 1130 harum
455 1075 638 1144 reliquiarum
655 1092 747 1144 pauca
764 1078 794 1129 ct
810 1077 840 1129 in
858 1077 912 1131 fine
930 1076 1021 1131 multa
1034 1092 1123 1144 eaque

167 1146 244 1200 certe
268 1160 332 1198 casu
355 1144 484 1212 periisse,
508 1158 603 1196 omnes
626 1144 810 1201 consentiunt.
845 1143 887 1198 De
910 1144 1004 1209 initio,
1027 1144 1078 1196 ubi
1093 1145 1124 1196 in

168 1212 199 1270 U.
217 1210 282 1267 Vat.
305 1212 378 1265 hanc
401 1210 481 1264 velut
501 1210 713 1277 inscriptionem
734 1230 817 1265 rrrcrr.
842 1230 935 1265 rrrvrr
952 1230 987 1263 nx
1005 1228 1124 1263 corrosa

165 1296 281 1335 vnrrrru
300 1279 402 1331 ‘Mores
420 1280 485 1330 sunt
502 1276 603 1329 tacitus
622 1293 770 1331 consensus
787 1278 887 1347 populi
908 1279 994 1347 longa
1010 1294 1124 1331 consue-

167 1346 266 1401 tudine
285 1346 471 1399 inueteratus’,
492 1344 598 1412 excipit
614 1345 700 1399 index
717 1345 878 1411 titulorum,
898 1345 1000 1399 deinde
1018 1361 1123 1405 versus,

168 1415 192 1468 si
210 1413 261 1466 illa
279 1421 381 1467 ‘mores
394 1451 421 1467 ..
438 1454 444 1467 .
464 1412 649 1465 inueteratus’
668 1428 858 1477 connumeras,
877 1413 921 1466 bis
936 1414 1047 1481 septeni
1058 1412 1125 1465 deni

167 1482 280 1534 inverso
307 1480 405 1535 ordine
433 1479 530 1546 scripti
552 1481 628 1545 sunt,
655 1479 808 1533 bellissima
830 1482 873 1534 est
895 1481 925 1533 et
952 1481 1020 1534 satis
1047 1481 1125 1533 certa

166 1547 335 1603 Mommseni
353 1544 522 1610 coniectura,
541 1546 591 1600 hos
609 1546 639 1599 in
657 1546 753 1601 codice
765 1548 822 1601 iam
832 1548 942 1612 mutilo,
959 1547 1034 1601 unde
1046 1546 1124 1600 Vati-

168 1632 255 1669 canus
273 1613 412 1679 manavit,
431 1613 516 1681 primi
533 1612 594 1666 folii
611 1614 692 1666 binas
709 1615 827 1683 paginas
849 1615 1016 1683 complesse,
1038 1614 1124 1683 idque

166 1682 312 1736 librarium
332 1698 394 1735 cum
413 1681 536 1735 solutum
553 1680 714 1746 invenisset,
732 1681 840 1735 infelici
857 1698 924 1735 casu
936 1683 1083 1735 invertisse
1096 1683 1125 1734 et

168 1750 208 1803 sic
226 1748 442 1817 transcripsisse.
479 1746 534 1800 Sed
553 1748 607 1802 duo
626 1749 730 1801 addere
748 1749 827 1802 licet:
846 1750 977 1817 primum,
996 1749 1067 1802 illud
1083 1749 1125 1803 fo·

167 1817 239 1870 lium
251 1817 280 1868 in
290 1815 444 1869 vetustiore
457 1814 553 1867 codice
567 1816 690 1883 corporis
700 1815 816 1883 Ulpiani
827 1818 1001 1884 postremum
1013 1818 1125 1884 qnater·

167 1883 260 1937 nionis
281 1882 366 1936 fuisse
389 1881 494 1945 videri,
520 1881 550 1933 in
577 1898 632 1949 quo
655 1881 737 1936 solito
759 1899 837 1937 more
859 1884 966 1952 pariter
987 1885 1072 1950 atque
1094 1884 1125 1935 in

167 1950 258 2029 primo
272 1949 444 2017 adscriptum
457 1964 542 2016 supra
552 1950 581 2001 in
595 1950 733 2002 exteriore
750 1950 877 2019 margine
890 1952 965 2003 esset
976 1967 1052 2002 conr.
1062 1968 1125 2003 vnn.

168 2019 210 2071 rta
227 2018 260 2070 ut
277 2017 349 2070 hanc
371 2016 582 2083 inscriptionem
605 2016 701 2069 statim
724 2019 889 2083 sequeretur
908 2015 1025 2070 initialis
1042 2016 1125 2069 huius

168 2086 291 2153 paginae
309 2084 448 2150 scriptura
471 2088 575 2137 ‘mores
597 2088 672 2137 sunt’
695 2085 762 2147 etc.;
786 2084 838 2137 hoe
863 2084 938 2137 enirn
961 2084 1021 2135 sine
1039 2083 1125 2137 dubio

167 2152 259 2205 movit
275 2150 430 2216 librarium,
449 2152 508 2204 tarn
525 2152 558 2203 ut
574 2150 646 2203 hanc
664 2149 797 2219 paginam
815 2152 896 2215 quasi
914 2150 1124 2218 inscriptionem

169 2219 361 2273 continentem
387 2233 438 2286 pro
465 2218 603 2271 anteriore
635 2218 765 2282 haberet,
793 2234 878 2285 quam
904 2220 937 2271 ut
962 2217 1050 2270 verba
1075 2217 1126 2271 illa

169 2294 272 2339 ‘mores
286 2326 291 2337 .
304 2328 310 2341 .
322 2326 327 2337 .
341 2286 533 2349 inueteratus',
553 2286 584 2337 in
597 2285 666 2350 cod,
679 2302 742 2338 curn
754 2285 992 2338 introductionem
1003 2284 1124 2350 finirent,

169 2351 391 2420 asequentibus
414 2352 503 2420 spatio
532 2351 677 2417 distincta,
704 2352 852 2407 deficiente
876 2352 1019 2419 ceteroqui
1040 2352 1125 2406 titulo

169 2418 306 2487 opusculi,
315 2436 367 2487 pro
379 2419 511 2473 lemmate
525 2420 648 2486 quodam
660 2421 808 2487 acciperet,
819 2420 894 2487 quod
903 2422 968 2488 post
978 2419 1125 2473 titulorum

168 2486 255 2541 index
272 2489 338 2554 apte
357 2487 534 2539 scriberetur.
563 2487 693 2539 Alterum
710 2489 763 2551 est,
780 2486 852 2539 illud
869 2488 961 2556 ipsum
972 2485 1071 2540 folium
1089 2487 1125 2541 ab

99 2564 159 2611 [svo]
171 2553 305 2607 inferiore
334 2555 414 2620 parte
444 2552 596 2606 abscissum
622 2554 723 2617 fuisse3
754 2568 821 2606 nam
845 2570 898 2607 nee
923 2554 1125 2621 septemdecim

170 2636 266 2673 versus
293 2619 357 2673 Vat.
384 2618 488 2672 codicis
515 2620 643 2687 integrae
672 2620 794 2688 paginae
820 2621 976 2686 sufficiunt,
1007 2623 1040 2675 ut
1068 2622 1126 2674 iarn

168 2686 365 2741 Lachmannus
382 2688 459 2739 rectc
476 2686 623 2752 iudicavit,
642 2689 671 2740 et
688 2688 727 2739 sic
744 2688 913 2756 explicatur,
932 2704 1018 2757 quare
1036 2689 1126 2742 utros·

169 2860 288 2907 manasse,
302 2860 372 2908 quem
386 2846 499 2908 grandem
514 2853 538 2895 et
552 2845 661 2909 inprimis
675 2847 784 2895 versibus
794 2848 917 2910 satlongis
926 2850 1042 2913 scripturn
1052 2848 1126 2897 luisse

169 2916 268 2966 credere
288 2931 331 2978 par
351 2922 402 2991 est²
419 2917 470 2965 eius
489 2918 523 2964 rei
545 2916 621 2965 adhuc
641 2916 703 2965 aliud
722 2932 815 2980 quoquc
834 2919 959 2979 vestigium
972 2926 1083 2983 superest
1101 2920 1126 2968 iu

169 2986 272 3051 quodam
286 2987 397 3035 vitiorum
411 3001 506 3049 genere,
521 2987 544 3035 in
559 2986 670 3035 Vaticano
686 2988 748 3049 cod,
763 2988 826 3051 quod
841 2989 946 3037 editores
961 2990 1027 3050 sugit,
1043 2989 1126 3038 admo-

170 3058 225 3107 dum
244 3058 374 3120 frequenti,
395 3058 436 3106 scd
456 3064 479 3105 et
498 3072 526 3106 co
545 3058 617 3105 multo
640 3058 780 3121 antiquiore.
809 3058 869 3107 lllud
884 3058 951 3120 dico,
971 3060 1035 3122 quod
1053 3075 1125 3124 saepe

170 3128 282 3176 vocabula
298 3128 388 3189 singula
403 3128 438 3176 vel
453 3128 575 3191 complura
591 3128 737 3189 exciderunt,
751 3143 810 3191 quae
826 3129 902 3177 alieno
917 3130 970 3178 loco
980 3144 1042 3178 nnnc
1052 3131 1125 3180 inter·

170 3198 226 3247 dum
241 3198 321 3247 multis
336 3196 389 3263 (sed
404 3207 427 3247 et
442 3196 564 3264 brevibus)
580 3199 688 3247 versibus
703 3200 805 3247 distante
820 3200 909 3248 inserts
924 3206 987 3260 sunt,
1001 3200 1063 3249 velut
1073 3212 1094 3262 a,
1104 3213 1124 3251 8.

170 3272 1125 3334 s,c.5.s,a.e,e.s‚v⁸.11,s.1s,1.1e,e.ao,s.ar,rs.24⁸.ar,1e.rs.

169 3350 203 3401 rs,
218 3352 238 3390 r.
254 3350 274 3390 s.
290 3351 323 3390 ro.
339 3352 371 3390 rr.
388 3351 420 3390 rr.
441 3352 474 3398 ae,
485 3344 510 3391 r.
532 3352 566 3402 ss,
581 3352 613 3391 rs.
633 3351 668 3402 rs,
684 3353 703 3392 1.
733 3340 783 3389 llus
798 3342 873 3403 cuim,
889 3356 942 3389 cum
956 3356 1016 3404 quae
1031 3340 1125 3390 excide-

169 3417 235 3472 rant,
254 3410 322 3458 initio
342 3425 355 3458 e
374 3411 470 3473 regione
490 3411 520 3459 ad
539 3412 668 3473 marginem
687 3412 795 3475 suppleta
813 3426 867 3460 esse
886 3411 989 3475 putanda
1009 3412 1069 3472 sint,
1088 3412 1125 3459 vix

169 3480 222 3529 lreri
235 3480 320 3544 potuit,
335 3480 382 3529 nisi
396 3482 518 3544 antiquum
533 3482 598 3532 illum
613 3481 728 3544 codicem,
739 3482 762 3530 in
772 3497 818 3545 quo
829 3483 862 3531 ita
871 3482 1045 3547 inserebantur,
1055 3496 1124 3545 prae-

170 3550 251 3613 longos
266 3566 349 3601 versus
363 3552 475 3601 habuisse
490 3567 572 3615 ponas.
