2542 3909
161 172 222 237 862
386 188 519 224 crannus.
539 187 680 223 nounruvs.
700 184 895 223 nuuosrusuus.

161 310 220 372 dat,
239 326 295 377 quo
307 309 359 362 sub
371 308 455 361 titulo
468 308 503 385 de
515 307 605 385 partis
617 306 712 384 omnia
723 306 814 386 pecta
829 321 901 382 quae
914 306 1013 382 sonim
1023 305 1118 425 legem

149 377 272 439 ‘fierent
292 376 514 435 enumeraverim
532 374 668 441 additque
685 374 776 433 1bi1s,
794 388 844 440 qu1
855 371 1010 425 Petrinum
1021 388 1052 426 re
1064 376 1116 437 ert,

161 442 332 504 Theodorus,
351 443 385 494 ut
401 444 477 510 puto,
498 441 606 495 Codicis
623 443 653 494 et
664 439 698 492 Di
721 442 843 493 estonum
856 440 907 492 sub
920 438 1076 493 Iustiniano
1089 442 1119 493 ot

160 510 274 562 Tiberio
292 508 382 562 altero
393 510 541 576 interpres,
560 507 696 575 Cyrillum
734 521 766 559 ou
785 506 878 559 faeere
896 506 1032 574 potuisse,
1049 521 1117 560 non-

161 576 228 628 dum
241 574 365 644 Digestis
377 575 549 644 compositis,
566 575 595 627 iu
608 574 710 641 quibus
721 589 795 626 nune
812 572 882 625 haee
893 574 979 652 panta
991 572 1119 649 dispersa

161 642 224 695 sint.
255 641 387 696 Ceterum
405 658 439 696 ea
449 644 570 706 tantum,
581 656 655 709 quae
668 640 771 717 cyrillo
788 638 884 692 additu
896 640 1013 717 insigms
1024 639 1118 693 laudis

161 709 252 778 elogio
270 711 300 762 et
317 710 352 764 ab
370 709 573 777 interpretibus
590 707 738 774 posteriori
750 706 855 773 Cyrillo
867 721 978 760 ooaev1s
990 705 1117 759 tribuun-

159 777 220 840 tur,
240 775 367 829 adhunc
385 775 573 843 antiquiorem
590 773 725 841 Cyrillum
742 772 891 827 referende
908 776 981 830 sunt.
999 801 1032 813 ·-
1050 772 1118 827 Am·

164 842 296 907 bliehum,
312 842 549 911 quemadmodum
566 856 618 910 pro
631 840 784 894 Iamblicho
798 839 931 893 dicebaut
950 860 961 893 τ
978 840 1007 893 in
1025 838 1118 894 fronte

161 909 262 961 omissa
274 910 317 974 (ut
327 911 414 963 etiam
426 909 455 961 iu
468 905 532 963 αὔω
542 924 594 977 pro
607 904 703 973 ludu),
722 907 822 961 esteris
841 906 943 972 adieci,
963 907 1031 973 quia
1047 907 1118 961 item

160 972 186 1095 1.
198 970 273 1095 111
284 976 532 1109 1111111111
550 972 986 1111 uetustissimus
996 973 1118 1094 ..11111

161 1108 232 1170 loco,
246 1124 302 1176 quo
315 1112 557 1175 commemoratur,
571 1108 672 1162 ooniioi
683 1124 740 1161 non
751 1107 852 1174 potest.
887 1107 1014 1184 Denique
1027 1109 1118 1174 Κωβί-

161 1177 234 1238 ὃιος,
252 1175 330 1228 cuius
342 1171 492 1237 ποινάλιος
507 1176 555 1238 (de
566 1174 665 1253 poenis
678 1175 762 1237 liber)
776 1190 794 1227 a
807 1173 897 1227 Schol.
911 1174 1117 1239 Benl.11‚1,7.

160 1259 187 1310 p.
199 1247 249 1296 571
262 1242 409 1310 allegatur,
422 1242 526 1309 quinat
538 1258 616 1295 emus
629 1242 731 1295 aetatis
742 1240 835 1305 fuerit,
844 1241 952 1309 ignoro.
983 1240 1118 1296 Codicum

161 1309 351 1376 antiquiorum
363 1310 422 1362 inte
457 1312 532 1363 retes
545 1307 647 1362 latina
663 1309 761 1377 lingua
778 1324 842 1361 usos
859 1322 932 1372 esse,
949 1307 1020 1361 levis
1032 1323 1118 1374 quae·

142 1413 144 1417 v
162 1376 227 1428 dam
245 1376 365 1443 suspicio
378 1392 413 1429 ex
456 1383 516 1431 .19.
530 1375 594 1428 dnoi
611 1376 714 1443 potest.
746 1375 877 1429 Ceterum
896 1374 924 1427 in
937 1373 1118 1453 disponendis

161 1441 326 1511 fragmentis
348 1446 405 1496 tem
426 1443 483 1497 oris
505 1442 632 1496 ordinem
655 1444 767 1496 secutus
789 1458 858 1495 eum.
895 1440 994 1508 Cyrillr
1010 1442 1118 1495 mentio

162 1510 206 1561 eat
222 1510 253 1561 in
268 1508 301 1567 fr,
316 1516 337 1561 1.
351 1515 375 1562 2.
425 1509 531 1561 omnini
548 1512 578 1562 et
594 1508 791 1563 Demosthenis
808 1508 837 1561 in
853 1507 887 1561 fr.
900 1513 975 1562 3-6.
998 1508 1119 1561 Eudoxii

161 1575 190 1626 in
213 1575 246 1627 fr.
270 1582 292 1629 3.
317 1580 408 1631 6-11.
442 1575 557 1628 Patrioii
578 1576 608 1627 in
630 1575 664 1629 fr.
690 1582 713 1627 1.
730 1580 805 1627 3-6.
823 1580 847 1631 8.
867 1580 891 1627 9.
910 1580 1017 1629 11-18.
1051 1576 1118 1629 Am·

161 1639 248 1693 bliehi
265 1640 295 1691 in
312 1640 346 1692 fr.
358 1646 400 1693 29.
430 1640 485 1693 Gre
507 1641 635 1693 orianum
652 1640 699 1694 vel
715 1640 972 1711 Hermogenianum
985 1642 1118 1696 Codieem

161 1707 291 1775 spectant
307 1706 361 1759 hoe
381 1707 440 1760 fere
462 1708 485 1760 ti
519 1706 610 1760 lorum
632 1707 729 1761 ordine
746 1708 779 1765 fr.
801 1716 823 1761 1.
843 1714 882 1765 11.
900 1714 924 1763 6,
946 1715 984 1764 13.
1006 1714 1028 1761 7.
1048 1714 1072 1761 8.
1091 1714 1117 1766 9.

162 1780 187 1827 3.
206 1780 230 1827 5.
249 1780 290 1828 13.
309 1780 350 1828 14.
370 1779 410 1828 16.
429 1780 530 1829 10.11.
549 1781 590 1831 10.
608 1780 649 1829 18.
669 1781 708 1830 15.
727 1780 768 1831 11.
788 1780 829 1829 16.
843 1780 995 1829 111718.
1024 1774 1117 1829 Theo·

162 1841 307 1894 dosianum
325 1841 358 1894 fr.
380 1848 418 1895 14.
438 1846 478 1894 16.
500 1848 541 1897 19.
559 1848 600 1896 15.
619 1848 645 1898 4.

204 2122 228 2182 1.
247 2118 366 2199 Ταύτην
381 2119 437 2199 τὴν
448 2118 601 2195 διοὶτοιξινι
617 2117 692 2181 druo-
754 2126 842 2181 Hane
890 2129 1116 2185 constitrrlionem

161 2206 348 2282 μνηματίζων
375 2201 391 2265 ὁ
424 2203 505 2284 ἥρως
532 2204 693 2283 Πατρίκιος
711 2212 909 2280 interpretans
922 2211 1115 2281 inclytuePa·

163 2287 308 2366 τολμηρὸν
323 2287 379 2367 ἔφη
391 2282 468 2350 εἶναι
483 2286 516 2348 τὸ
531 2286 693 2366 ἐξοριθμή·
712 2293 829 2363 tritiora,
856 2296 957 2350 audax
980 2309 1043 2351 esse
1065 2298 1116 2365 ait,

162 2377 275 2431 σαοθαι
289 2371 339 2433 καὶ
353 2371 524 2448 καταλέξαι,
544 2371 616 2431 ποῖά
633 2369 694 2431 ἐστι
713 2390 884 2433 enumerare
925 2384 952 2433 et
988 2377 1115 2449 referre,

163 2454 198 2515 τὰ
227 2455 336 2534 κόντροι
364 2454 449 2535 λέγεμ
479 2454 544 2534 ἤτοι
574 2452 693 2515 ἐναντίοι
712 2475 786 2533 quoe
815 2463 871 2515 sint
899 2468 1001 2517 contra
1028 2464 1116 2535 leyem

163 2536 254 2616 νόμον
275 2536 419 2617 γενόμενοι
441 2539 552 2614 πάντα,
578 2534 619 2611 ὥς
642 2538 693 2599 τὸν
708 2544 901 2615 sarraponte,
915 2548 1116 2615 utinolytuset

161 2620 245 2700 ἥρων
260 2621 309 2681 καὶ
325 2621 426 2683 κοινὸν
445 2632 497 2699 τῆς
517 2620 692 2699 οἰκουμένης
712 2632 868 2685 communis
879 2629 957 2685 orbis
968 2635 1115 2685 terrorum

162 2703 343 2764 διδάσκαλον
355 2702 502 2783 Κύριλλον
518 2706 630 2776 τελείως
643 2706 693 2765 καὶ
711 2714 846 2783 muqisler
855 2710 980 2782 Cyrillus
989 2716 1077 2783 plene
1088 2718 1116 2767 el

162 2778 323 2861 ἆνελλιπώς
339 2786 373 2848 τοὶ
389 2788 456 2863 περὶ
471 2786 582 2848 τούτων
599 2804 691 2849 σννοτ-
711 2796 1114 2867 nulloomissohucpertinen·

161 2872 289 2953 γαγόντα
312 2870 345 2933 ἐν
365 2881 405 2955 τῷ
424 2868 613 2950 ὑπομνήματι
632 2882 693 2933 τοῖν
711 2881 752 2933 tio
764 2880 793 2934 in
805 2882 1006 2935 commentario
1018 2880 1115 2951 defini·

162 2956 323 3033 δεφινίτων
348 2953 449 3017 αὐτοῦ.
493 2954 546 3015 τὸν
573 2955 629 3035 γὰρ
659 2954 691 3017 δὲ
711 2966 816 3018 tionum
831 2966 1014 3036 conquereris.
1038 2964 1114 3019 Titu-

161 3038 268 3112 ττοὶκτις
281 3040 376 3100 τίτλον
387 3035 634 3118 ὖττομνημοιτίζων
646 3063 690 3101 τε·
709 3048 767 3101 lum
783 3048 856 3101 enim
876 3048 911 3102 de
927 3051 1027 3118 pactis
1041 3064 1113 3103 oom-

161 3124 245 3195 λείως
265 3123 314 3183 καὶ
332 3120 496 3196 duellionis
515 3123 565 3185 καὶ
579 3120 619 3197 ὥς
635 3120 690 3185 αὖ·
709 3135 841 3185 mentone
866 3132 953 3201 plene
981 3138 1008 3186 et
1038 3134 1189 3187 nullorum]

161 3216 202 3288 τῷ
215 3203 295 3287 μόνῳ
310 3206 440 3287 Ιδυνοττὸν
453 3201 503 3285 ἦν,
523 3208 691 3287 συνήγαγεν
710 3216 810 3269 omisso
821 3220 849 3269 et
861 3220 891 3269 ul
902 3216 964 3284 ipse
976 3216 1055 3271 solus
1067 3212 1115 3285 fu·

161 3289 196 3348 τὰ
212 3288 419 3367 περὶτούτων·
437 3300 495 3350 νῦν
506 3288 539 3350 δὲ
551 3289 690 3370 διέσπορ-
711 3310 778 3353 uere
791 3297 822 3353 id
832 3302 959 3367 poterut,
975 3298 1032 3353 huo
1043 3312 1114 3368 per·

235 3440 255 3506 ¹)
269 3442 300 3489 h.
315 3454 336 3492 6.
358 3442 383 3491 0.
398 3443 429 3491 de
439 3445 528 3506 puetis
541 3442 572 3509 (a,
587 3443 610 3509 ε)
625 3444 752 3494 Antonini
765 3460 799 3493 eur
814 3460 837 3493 a.
852 3456 909 3503 214„
924 3460 989 3508 qaae
1003 3462 1071 3495 nune
1085 3446 1113 3494 τ’ντ

165 3511 240 3575 Greq.
256 3514 294 3560 uel
308 3511 396 3560 Herm.
413 3512 438 3561 0.
454 3514 626 3562 desideratur.
