2542 3909
449 219 547 255 saron.
568 219 621 256 1va.
642 220 702 254 aon.
721 218 807 255 varic.
1042 207 1101 270 717

149 339 344 407 ubiquesatis
366 340 504 394 rationem
526 339 694 393 habuerunt.
730 338 788 392 Nos
810 338 874 392 huic
900 340 975 407 parti
996 342 1105 394 tantam

150 423 265 476 operam
282 408 455 467 navavimus,
474 407 548 459 utin
560 406 602 459 his
616 406 730 473 quidem
749 407 859 474 paginis
873 406 967 459 nullus
985 407 1105 474 amplius

149 475 242 528 hiatus
254 476 378 528 mentem
390 474 436 527 vel
449 474 542 526 oculos
555 471 686 531 offendat,
716 471 772 526 Sed
790 474 819 526 et
836 472 871 525 de
890 474 989 528 ceteris
1007 474 1105 542 despe-

149 541 270 594 randum
286 556 342 594 non
361 556 419 594 esse
437 541 579 604 arbitrati,
598 538 755 600 effecimus,
773 541 806 592 ut
823 556 886 592 cum
903 546 941 604 ἐξ.
960 541 1107 609 sexaginta

150 611 214 662 octo
227 609 320 661 essent
338 608 372 675 (si
389 609 465 660 recte
483 606 651 674 numeravi),
670 621 742 673 quae
754 607 862 659 bessem
878 609 1032 674 scripturae
1044 625 1106 676 per-

150 675 290 740 diderant,
309 677 419 728 tentum
432 674 561 728 undecim
574 688 690 726 mancae
704 673 817 726 relictae
832 673 896 738 sint,
915 691 989 750 quae
1001 674 1106 728 doctio-

150 742 187 794 ris
199 741 246 795 vel
257 742 451 808 ingeniosioris
469 756 551 808 opem
571 741 743 808 exspectent
774 739 905 792 Ceterum
917 758 946 793 sn
958 742 1108 795 aestiman-

149 808 193 861 dis
216 807 375 861 huiusmodi
401 807 603 876 supplementis
626 807 659 858 ut
681 822 726 868 ea,
753 821 825 872 quae
848 806 878 858 in
899 808 987 860 totius
1015 809 1108 876 operis

171 874 325 928 raefatione
347 874 418 938 dixi,
442 874 534 926 animo
558 872 677 936 recolas,
698 872 802 925 iterum
823 873 961 926 monitum
984 876 1013 928 te
1034 876 1106 929 volo.

149 892 395 1009 haregraphorum
412 955 543 994 numeros
560 955 616 992 non
633 939 750 1016 mutavi,
767 938 836 992 licet
852 941 991 1017 quaedam
1009 957 1026 994 a
1046 945 1107 996 erto

150 1024 244 1062 errore
270 1009 325 1074 ita,
354 1008 387 1061 ut
411 1022 484 1060 nunc
512 1006 641 1069 eduntur,
667 1004 816 1058 d1st1nctae
843 1008 906 1059 srnt.
949 959 1108 1075 Ampiiores

150 1077 245 1129 autem
264 1079 303 1139 ξς.
321 1075 354 1126 ut
370 1073 480 1127 facilius
498 1073 579 1126 citari
594 1074 722 1148 possent,
741 1072 771 1124 in
788 1074 883 1140 partes
901 1073 1031 1128 distribui
1049 1091 1107 1128 eas-

149 1138 1108 1274 llac⁰¹¹alia¹¹ilutlll¹³titillabit?rablai

151 1292 213 1328 cum
232 1225 306 1344 nolis
317 1273 366 1326 Th.
380 1247 546 1327 Mommseni
563 1246 649 1325 editio
668 1271 792 1335 affertur,
811 1272 857 1325 cui
874 1225 1038 1352 inscIrJiptum
1051 1251 1107 1329 est}

152 1340 271 1395 ‘Codicis
289 1340 419 1394 Vaticani
436 1357 463 1394 n.
482 1345 555 1394 5766.
573 1338 603 1391 in
621 1354 676 1406 quo
694 1340 790 1392 insunt
811 1339 879 1392 iuris
896 1342 1106 1396 anterustiniani

150 1409 309 1484 fragmenta
327 1423 399 1474 quae
423 1406 554 1459 dicuntur
571 1405 710 1459 Vaticana
733 1406 893 1474 exemplum
916 1407 1014 1461 addita
1032 1411 1107 1462 tran·

151 1475 302 1542 scriptione
324 1474 453 1550 notisque
476 1471 580 1526 criticis
599 1472 642 1526 ed.
661 1472 711 1525 Th.
730 1473 893 1531 Mommsen.
912 1473 1002 1529 Berol.
1023 1482 1106 1533 1860)

152 1542 213 1606 Qua
234 1541 357 1595 editione
381 1544 467 1594 etiam
489 1539 553 1608 plus
580 1555 665 1606 quam
687 1539 763 1592 docti
785 1539 839 1593 viri
864 1541 1023 1596 desiderare
1045 1544 1106 1606 ausi

152 1610 240 1676 erant,
259 1609 426 1676 praestitum
439 1610 489 1661 est.
519 1607 579 1660 lam
597 1607 673 1660 enim
690 1607 776 1660 habes
789 1605 920 1662 Vaticani
931 1609 1035 1662 codicis
1053 1627 1108 1664 non

152 1677 235 1731 modo
252 1677 385 1730 iteratam
397 1673 584 1738 collationem,
604 1689 688 1741 quam
701 1676 813 1742 vocant,
833 1674 883 1728 sed
895 1677 927 1728 ut
938 1676 1040 1730 titulus
1052 1693 1108 1730 non

152 1742 273 1797 mendax
295 1742 453 1811 praedicat,
478 1741 637 1808 exemplum
662 1742 691 1792 et
707 1756 797 1808 paene
821 1741 1000 1795 simulacrum
1023 1743 1108 1811 idque

152 1809 318 1864 Mommseni
331 1809 445 1862 consilio
459 1809 488 1860 et
499 1807 636 1860 arbitratu
649 1809 678 1859 et
690 1806 846 1860 Detlefseni
863 1809 1012 1862 scitissime
1023 1825 1109 1877 opera

153 1876 360 1930 accuratissime
378 1875 496 1929 facturn:
516 1874 561 1926 cui
573 1872 684 1926 accedit
699 1888 773 1926 nova
788 1875 883 1926 textus
901 1876 1025 1929 recensio
1037 1877 1108 1929 mul·

151 1946 188 1997 tis
207 1943 450 1998 emendationibus
468 1942 497 1995 et
514 1939 716 2008 supplementis
734 1940 892 2008 conspicua,
911 1942 994 1996 etde
1012 1943 1108 2000 codice

153 2013 266 2078 etipsa
288 2010 399 2078 sylloge
418 2006 553 2062 Vaticana
574 2007 684 2060 subtilis
708 2007 878 2074 disquisitio,
903 2009 981 2063 cuius
1003 2009 1033 2062 in
1055 2011 1108 2065 hac

152 2078 328 2146 praefatione
345 2077 402 2129 iam
421 2075 570 2143 aliquoties
587 2074 724 2128 rationem
745 2074 902 2128 habuimus.
938 2075 1038 2144 Itaque
1055 2076 1109 2131 hec

153 2145 276 2200 editione
295 2143 319 2196 si
336 2143 371 2196 ab
389 2143 470 2195 initio
488 2141 530 2194 uti
546 2141 683 2206 licuisset,
708 2140 744 2194 ed
768 2157 831 2194 eam
853 2143 886 2194 ut
903 2158 1012 2207 omnes,
1055 2161 1108 2198 nae

153 2212 288 2280 deinceps
305 2225 429 2277 unquam
448 2208 526 2268 fient,
544 2207 631 2260 etiam
648 2207 720 2261 hanc
732 2223 825 2261 meam
843 2210 1042 2263 accommodari

152 2280 246 2344 fuisse,
264 2292 321 2330 non
341 2276 476 2354 estquod
495 2275 594 2332 dicam.
624 2274 692 2328 Post
709 2278 833 2344 accepta,
851 2292 916 2330 cum
933 2279 1025 2331 totum
1038 2293 1108 2347 opus

154 2346 188 2398 de
206 2345 315 2411 integro
328 2343 483 2412 occipiendi
496 2341 582 2395 otium
595 2357 652 2394 non
664 2341 812 2407 sufficeret,
830 2347 925 2397 tamen
938 2345 1109 2398 retractandi

154 2413 213 2465 eius
230 2411 426 2464 necessitatem
444 2409 514 2462 mihi
531 2409 677 2477 imposuit:
695 2409 791 2476 inquo
804 2412 941 2477 quantum
960 2411 1029 2464 mihi
1045 2428 1108 2480 pro-

153 2479 240 2531 fuerit
256 2479 311 2530 iam
331 2477 428 2529 datum
447 2478 554 2529 certum
571 2475 785 2530 tundamentum
798 2480 828 2530 et
844 2478 930 2546 ipsius
942 2477 1109 2532 Mommseni

154 2545 189 2600 de
208 2545 301 2598 dubiis
320 2543 388 2596 locis
406 2542 548 2606 iudicium,
567 2558 737 2610 quanquam,
755 2546 788 2597 nt
799 2544 840 2609 fit,
858 2560 914 2598 non
926 2545 1032 2614 ubique
1044 2562 1108 2598 con-

153 2613 326 2676 venerimus,
353 2610 464 2678 etipse
486 2610 542 2663 scio
565 2626 615 2662 nec
642 2610 775 2664 lectorem
797 2611 906 2666 latebit.
941 2613 985 2665 nb
1009 2613 1108 2667 eodem

153 2696 220 2734 vero
243 2677 450 2733 excusationem
472 2692 517 2729 me
535 2675 696 2729 habiturum
719 2693 813 2745 spero,
836 2680 859 2731 si
877 2680 1109 2747 aequabilitatem

153 2764 247 2801 rerum
265 2744 452 2800 notandarum
470 2744 499 2795 in
513 2759 598 2811 opere
612 2743 692 2811 quasi
705 2744 748 2797 bis
765 2748 894 2815 suscepto
906 2747 1049 2800 interdum
1061 2747 1108 2800 de-

154 2814 327 2868 sideraverit.
363 2810 489 2878 Denique
513 2809 547 2863 de
569 2811 667 2878 signis,
692 2812 794 2878 quibus
812 2813 841 2865 in
860 2814 933 2866 notis
955 2830 1020 2866 usus
1037 2830 1107 2878 snm,

153 2897 262 2944 moneo,
286 2886 317 2933 V.
337 2879 483 2946 designare
503 2877 627 2930 codicem
645 2877 823 2942 Vaticanum,
847 2884 906 2932 Vat.
925 2881 1045 2932 eundern
1064 2895 1107 2933 co-

154 2947 245 3000 dicem
258 2946 361 3065 alldaio
375 2944 522 3000 etBlumio
534 2945 692 3013 inspectum
707 2947 738 2998 et
748 2945 878 3013 relatum,
896 2950 941 3000 Vi.
954 2945 1108 3000 Detlefseni

154 3029 278 3083 apograp
300 3029 354 3068 um.

523 3217 717 3226 ———
