2542 3909
406 281 472 318 rnen
490 282 586 320 ravum
603 282 674 318 erne.
693 262 726 317 V.
746 270 787 319 20.
808 271 850 319 21.
1042 265 1107 329 549

410 428 474 469 'rm
489 430 540 471 11.
569 428 612 470 Dm
626 427 849 471 monumentis.

217 515 261 580 ¹1.
284 519 416 578 'incendia
431 522 454 577 si
476 516 542 595 qui²
562 524 590 579 iu
610 522 711 597 oppido
732 520 875 597 praedandi
897 536 976 581 causa
996 523 1108 597 iaciunt,

153 598 308 683 ’(facile)³
323 607 412 679 capite
427 608 586 680 puniuntur.
629 602 659 663 2.
682 606 732 675 Qui
748 623 836 666 casam
851 616 898 663 aut
913 608 1006 664 uillam
1021 610 1108 665 inimi·

152 692 275 747 citiarum
298 692 384 764 gratia
405 691 599 763 incenderunt,
621 691 778 747 humiliores
800 692 827 747 iu
849 691 986 748 metallum
1012 702 1058 749 aut
1079 695 1108 750 in

154 791 222 849 opus
238 773 375 848 publicum
390 774 566 846 damnantur,
581 776 752 832 honestiores
767 777 795 831 in
809 775 924 832 insulam
939 775 1106 851 relegantur.

151 855 181 917 ³.
208 858 330 915 Fortuita
357 858 478 915 incendia
500 860 533 915 ’si
554 854 670 934 iniquo4
700 876 763 917 casu
785 860 859 917 uenti
891 858 993 916 ierente
1019 855 1107 917 ’sine⁵

152 944 256 999 incuria
277 945 369 1017 ignem
391 946 573 1021 supponentis
595 944 628 1004 ad
650 960 738 1018 usque
765 945 848 1000 uicini
874 958 955 1018 agros
978 944 1106 1017 euaduut,

84 1066 88 1072 ·
151 1020 232 1101 ’leh‘5
253 1028 277 1083 si
292 1042 324 1083 er
346 1019 414 1083 'eis⁷
436 1043 516 1101 seges
539 1028 583 1085 uel
605 1030 684 1085 uinea
707 1028 750 1084 uel
772 1028 860 1084 oliuae
882 1027 927 1085 uel
952 1027 1108 1085 fructiferae

153 1110 263 1167 arbores
279 1120 494 1179 concrementur,
510 1111 602 1167 datum
617 1111 742 1169 damnum
765 1112 950 1168 aestimatione
966 1114 1106 1173 sarciatur.

152 1191 183 1252 4.
206 1195 385 1251 Commissum
401 1212 467 1251 uero
483 1212 638 1268 seruorum,
652 1199 675 1252 si
690 1196 799 1253 dominc
812 1195 945 1261 uideatur,
959 1212 1044 1253 noxae
1060 1195 1106 1251 de·

153 1280 255 1335 ditione
270 1272 420 1336 ’sarcitur.⁸
447 1276 477 1337 5.
492 1280 617 1338 llessium
633 1293 696 1337 sene
707 1296 756 1355 per
766 1278 857 1337 dolum
869 1282 1026 1336 incensores
1040 1276 1106 1351 luel)

153 1363 293 1419 uinearum
309 1363 476 1420 oliuarumue
492 1374 539 1421 ant
554 1366 581 1421 in
595 1364 733 1422 metallum
756 1362 914 1421 humiliores
936 1364 1107 1437 damnantur,

153 1456 200 1502 ant
215 1448 386 1503 honestiores
401 1450 428 1503 in
443 1448 558 1505 insulam
573 1449 739 1523 relegantur.
779 1446 808 1512 θ.
828 1440 901 1516 lunt
915 1456 999 1506 noctu
1015 1448 1108 1505 lructi·

153 1530 224 1587 ieras
240 1529 350 1587 arbores
364 1548 445 1588 mauu
462 1532 530 1588 iacta
545 1534 707 1604 ceciderint,
728 1533 760 1589 ad
782 1542 889 1606 tempus
904 1533 1065 1607 plerumque
1080 1534 1108 1588 iu

153 1631 224 1689 opus
242 1615 380 1690 publicum
401 1616 577 1687 damnantur,
599 1624 647 1673 aut
665 1617 837 1673 honestiores
858 1616 983 1673 damnum
1009 1618 1108 1673 sarcire

74 1715 140 1765 [454]
154 1707 290 1773 coguntur
307 1699 352 1756 uel
366 1700 440 1756 curia
455 1699 653 1757 submouentur
667 1701 712 1757 uel
726 1700 891 1773 relegantur.

212 1870 276 1912 'PH'-
291 1871 356 1913 xxi.
384 1870 427 1911 DE
441 1869 727 1914 vur101na‘roltlmvs
742 1872 783 1913 ΕΤ
797 1869 1043 1914 nerflune'rrurs.

217 1961 243 2024 l.
267 1958 511 2036 ¹⁰Vaticiuatores,
527 1967 572 2038 qui
588 1981 617 2020 se
633 1964 684 2021 dec
704 1965 800 2039 plenos
816 1964 986 2033 assimulant,
1007 1965 1108 2022 idcireo

154 2051 265 2108 ciuitate
280 2049 378 2123 expelli
393 2049 509 2125 placuit,
529 2066 563 2105 ue
583 2049 700 2105 humana
715 2047 875 2105 credulitate
896 2048 996 2122 publici
1018 2065 1107 2106 mores

154 2133 187 2190 ad
204 2151 280 2209 spem
296 2134 408 2189 alicuius
423 2135 463 2189 rei
478 2142 734 2207 corrumperentur,
750 2132 795 2188 uel
810 2139 885 2189 certe
900 2148 931 2188 ex
946 2149 979 2190 eo
994 2133 1108 2206 popula·

154 2234 200 2275 res
215 2219 296 2275 animi
313 2217 495 2275 turbarentur.
531 2217 649 2290 ideoque
664 2219 749 2291 primo
770 2214 885 2277 iustibus
907 2218 977 2274 caesi
998 2218 1109 2273 ciuitate

154 2302 312 2376 pelluntur;
327 2309 532 2375 perseuerantes
548 2310 637 2358 autem
652 2303 680 2358 in
693 2301 797 2358 uincula
810 2298 916 2374 publica
928 2302 1110 2359 coniiciuntur

154 2395 201 2443 aut
222 2388 250 2442 in
271 2384 386 2442 insulam
409 2385 589 2459 deportantur
609 2384 654 2441 uei
677 2395 749 2442 certe
769 2384 936 2458 relegantur.
972 2380 1001 2441 2.
1027 2378 1109 2452 ¹¹Qur

81 2507 83 2510 -
153 2487 240 2527 nenas
260 2480 289 2526 et
310 2486 362 2525 usu
375 2470 420 2527 uel
441 2471 545 2527 ratione
567 2471 719 2543 incognitas
739 2467 886 2540 religiones
901 2468 1054 2539 inducunt,
1077 2485 1110 2525 ex

154 2553 252 2628 quibus
267 2554 346 2610 animi
368 2554 507 2609 homiuum
529 2562 706 2620 moueantur,
730 2552 901 2606 honestiores
921 2550 1109 2627 deportantur,

154 2638 310 2690 humiliores
325 2635 413 2707 capite
427 2636 587 2707 puniuntur.
622 2629 651 2691 8.
670 2626 755 2701 ¹²Qur
769 2633 803 2691 de
818 2634 905 2691 salute
920 2637 1050 2711 principis
1065 2634 1111 2693 uel

155 2717 188 2774 de
201 2734 306 2775 summa
321 2717 483 2791 reipublicae
498 2719 711 2789 mathematicos,
728 2718 837 2788 ariolos,
853 2721 1026 2793 haruspices,
1042 2721 1109 2776 uati·

154 2804 288 2861 cinatcres
310 2802 444 2872 consulit,
466 2819 526 2859 cum
542 2818 594 2875 eo,
614 2806 663 2878 qui
677 2802 864 2877 responderit,
887 2805 972 2877 capite
988 2806 1110 2878 punitur.

154 2884 183 2945 4.
209 2880 300 2943 ¹³Non
316 2895 420 2943 tantum
436 2887 600 2943 diuinatioue
623 2889 700 2961 quis,
722 2886 769 2943 sed
790 2889 849 2961 ipsa
870 2888 981 2943 scientia
996 2888 1110 2962 eiusque

231 3062 281 3111 itt.
303 3064 368 3114 XX.
407 3060 428 3130 ¹)
447 3066 485 3127 ἐξ.
505 3075 574 3116 1-5.
593 3078 628 3114 eac
649 3064 693 3114 σά.
717 3064 774 3113 Ves.
809 3062 952 3113 Praeterea
974 3069 1065 3115 extant
1083 3066 1111 3115 in

157 3133 245 3184 Goliat.
257 3145 291 3191 12,
301 3146 322 3185 4.
333 3144 353 3184 ².
364 3147 394 3194 a,
409 3135 453 3184 ubi
466 3135 518 3185 aid.
532 3142 629 3185 notata.
678 3132 699 3200 2)
714 3133 856 3184 incendiarii
870 3134 910 3197 qui
924 3134 981 3196 quid
997 3134 1040 3183 Od.
1052 3136 1109 3185 edd.

155 3200 178 3269 ⁸)
192 3203 238 3253 Ec
253 3204 344 3255 Collct.
394 3202 417 3271 ⁴)
431 3220 490 3269 quae
506 3206 550 3255 cd.
566 3206 624 3255 edd.
676 3204 697 3272 5)
711 3206 749 3255 nel
763 3205 875 3254 eccard.
927 3201 1110 3270 ⁰)EaeCollat.

156 3272 178 3341 ⁷)
193 3275 283 3325 Collat.
299 3290 327 3324 ec
344 3275 388 3326 Cd.
402 3276 461 3326 edd.
526 3274 653 3342 ⁸)Ocllat.
674 3278 790 3326 sarciatur
806 3275 849 3325 ud.
864 3275 922 3325 edd.
987 3271 1008 3341 θ)
1024 3274 1062 3339 Of.
1077 3276 1110 3327 L.

156 3344 226 3396 Rom.
242 3344 324 3411 Barp.
339 3358 366 3397 18
376 3348 421 3409 fin.

154 3410 157 3424 '
229 3415 277 3466 itt.
297 3416 376 3467 XXI.
418 3414 450 3484 ¹⁰)
462 3418 500 3481 Cf.
513 3418 602 3468 Collet.
614 3429 648 3477 1⁶,
658 3428 677 3468 r.
693 3419 732 3480 ἓξ.
743 3428 803 3469 3-6.
819 3443 853 3453 -
871 3416 987 3480 Gothofr.
1002 3418 1038 3467 ad
1046 3416 1077 3466 L.
1088 3430 1109 3467 4.

158 3486 202 3537 th.
220 3487 534 3554 C.demcle(icie(e‚1c).
602 3486 635 3555 ¹¹)
651 3490 689 3552 Os.
707 3489 795 3539 Callet.
811 3498 845 3547 15,
860 3499 879 3539 ³.
895 3489 918 3549 ξ.
933 3498 954 3538 a.
1021 3484 1055 3553 12)
1071 3488 1109 3551 Cf.

155 3557 246 3609 Coliat.
261 3569 296 3618 16,
310 3570 330 3609 2.
346 3561 368 3622 5.
379 3572 400 3613 a.
424 3558 530 3609 Tertull.
545 3561 612 3623 apol.
623 3570 657 3611 tc.
673 3558 723 3609 Iul.
735 3559 813 3608 ltrm.
825 3558 907 3611 Malla.
917 3568 938 3621 r,
953 3561 997 3608 nit.
1012 3556 1109 3609 Sozom.

153 3628 213 3679 hiat.
227 3632 290 3680 ecci.
306 3642 327 3689 c,
341 3640 376 3682 oc.
430 3626 463 3696 ¹⁸)
479 3630 517 3692 Of.
534 3630 623 3680 Coitae.
639 3641 673 3689 15,
688 3640 708 3680 e.
724 3631 746 3691 ς.
762 3640 782 3679 e.
