2542 3909
166 202 205 257 22
504 206 532 241 u.
551 204 661 241 runnrvs
680 202 781 237 cronno.

164 336 223 403 lari,
247 333 350 387 Attice:
373 346 454 403 quem
476 346 530 385 non
553 343 717 398 recusarem,
741 329 765 383 si
779 328 845 383 mihi
859 328 945 383 ullum
960 324 1128 385 tribueretur

165 431 278 473 uacuum
294 422 401 487 tempus
417 422 444 469 et
459 412 589 487 liberum;
607 428 696 485 neque
711 414 782 467 enirn
797 422 928 485 occupata
939 429 1023 486 opera
1036 429 1128 487 neque

163 498 283 573 inpedito
299 499 387 553 animo
403 514 447 552 res
465 505 539 552 tauta
553 498 655 570 suscipi
670 503 775 569 potest:
791 504 940 570 utrumque
953 514 1022 570 opus
1034 505 1088 569 est,
1098 508 1128 555 et

164 600 226 638 cura
243 598 338 639 uacare
353 590 380 635 et
396 582 517 653 negotio.

226 663 255 723 9.
277 668 310 721 Α.
335 663 421 731 Quid?
443 664 475 721 ad
497 672 598 736 cetera,
621 680 690 737 quae
712 665 844 737 scripsisti
865 664 1038 738 pluraquam
1054 667 1127 737 quis·

164 766 243 823 quarn
265 766 280 805 e
302 750 413 820 nostris,
437 748 510 822 quod
533 748 581 805 tibi
604 748 711 803 tandem
734 755 840 822 tempus
862 764 978 804 uacuum
993 748 1045 805 iuit
1060 765 1126 805 cou-

163 834 287 889 cessum?

226 917 267 975 M.
291 916 429 973 Subsicivo
443 916 575 991 quaedam
591 924 715 989 tempora
725 918 878 988 incurrunt,
894 932 963 989 quae
973 933 1027 989 eqo
1038 919 1128 990 perire

163 1018 218 1057 non
234 1003 337 1075 patior,
354 1008 395 1075 ut,
411 1006 434 1057 si
449 1004 495 1074 qui
510 1001 567 1058 dies
583 999 614 1055 ad
630 999 815 1056 rusticandum
830 1000 885 1056 dati
901 1002 966 1065 sint,
982 1000 1015 1055 ad
1031 1017 1127 1057 eorum

162 1104 305 1143 numerum
326 1085 566 1141 adcommodentur
588 1101 657 1157 quae
678 1082 836 1140 scribimus:
858 1084 972 1140 historia
994 1100 1061 1140 uero
1077 1101 1128 1141 nec

163 1172 267 1226 institui
282 1177 375 1243 potest
390 1170 441 1224 nisi
456 1176 614 1243 praeparato
630 1171 687 1224 otio
702 1184 752 1224 nec
764 1169 863 1242 exiguo
875 1176 997 1241 ternpore
1007 1168 1127 1238 absolui3

163 1262 190 1309 et
205 1271 257 1327 ego
273 1254 353 1310 animi
368 1253 486 1326 pendere
501 1252 588 1322 soleo,
605 1268 667 1309 curn
681 1252 764 1308 semel
780 1252 845 1324 quid
860 1268 940 1308 orsus
950 1269 1022 1323 sum,
1037 1254 1061 1308 si
1074 1262 1127 1309 tra·

163 1337 249 1394 ducor
261 1337 326 1407 alio,
343 1353 432 1410 neque
452 1344 506 1393 tarn
523 1335 599 1391 iacile
619 1336 770 1409 interrupta
785 1344 902 1392 contero
917 1353 997 1410 quam
1012 1336 1126 1394 absoluo

162 1424 295 1477 instituta.

225 1502 270 1563 10.
292 1506 326 1561 A.
349 1504 525 1577 Legationem
540 1503 657 1575 aliquam
672 1504 797 1558 nimirum
812 1504 874 1559 'ista
889 1499 989 1560 oratio¹
1005 1504 1128 1578 postulat

163 1599 209 1645 aut
224 1592 281 1645 eius
298 1588 370 1644 modi
385 1590 536 1662 quampiam
551 1588 730 1643 cessationem
745 1586 855 1642 liberam
871 1596 953 1660 atque
968 1590 1093 1644 otiosam.

226 1673 267 1729 M.
290 1672 347 1745 Ego
376 1688 443 1728 uero
466 1671 560 1727 aetatis
583 1673 675 1745 potius
698 1671 832 1726 uacationi
853 1670 1037 1742 confidebam,
1065 1689 1127 1730 cum

162 1758 319 1831 praesertim
340 1771 397 1811 non
418 1771 581 1826 recusarem,
605 1770 661 1827 quo
684 1756 773 1809 minus
793 1771 867 1811 more
882 1758 971 1828 patrio
986 1756 1083 1812 sedens
1099 1757 1128 1811 in

163 1841 232 1897 solio
260 1839 465 1896 consulentibus
500 1838 693 1911 responderem
718 1841 920 1913 senectutisque
948 1856 1004 1895 non
1032 1842 1127 1897 inertis

162 1933 240 1997 grato
261 1931 343 1997 atque
368 1923 484 1979 honesto
505 1922 635 1995 fungerer
654 1937 774 1981 munere.
803 1926 843 1978 sic
863 1923 933 1979 enim
954 1925 1019 1980 milri
1033 1924 1128 1981 liceret

162 2017 190 2063 et
204 2010 250 2063 isti
266 2009 320 2074 rei,
342 2023 420 2080 quam
436 2006 582 2079 desideras,
602 2014 630 2085 et
649 2006 741 2062 multis
763 2005 931 2063 uberioribus
947 2016 1029 2080 atque
1043 2011 1127 2065 maio·

161 2091 236 2148 ribus
252 2108 350 2165 operae
365 2100 495 2165 quantum
510 2091 608 2147 uellem
624 2090 696 2146 dare.

224 2176 266 2231 lV.
289 2173 328 2234 11.
349 2178 384 2234 Α.
408 2177 489 2249 Atqui
511 2191 623 2246 uereor,
646 2190 680 2229 ne
702 2176 780 2231 istam
801 2190 908 2231 causam
930 2193 1009 2232 nemo
1032 2185 1129 2233 noscat

161 2259 264 2333 tibique
284 2277 391 2333 semper
411 2260 553 2315 dicendum
574 2262 618 2330 sit,
639 2267 666 2315 et
686 2276 719 2314 eo
739 2260 835 2332 magis,
858 2259 931 2333 quod
953 2268 980 2315 te
993 2261 1053 2332 ipse
1067 2277 1128 2316 rnu-

161 2346 223 2400 tasti
244 2353 272 2399 et
294 2344 366 2399 aliud
388 2343 493 2399 dicendi
514 2344 654 2398 instituisti
676 2358 773 2416 genus,
796 2352 837 2415 ut,
859 2342 1127 2416 quemadmodum

161 2428 286 2496 Roscius,
309 2426 444 2482 familiaris
468 2435 539 2496 tuus,
562 2428 589 2481 in
611 2435 752 2483 senectute
766 2443 895 2483 numeros
910 2428 938 2482 in
952 2433 1033 2482 cantu
1047 2425 1126 2484 ’leni-

161 2504 253 2567 uerat²
274 2512 401 2583 ipsasque
425 2508 554 2565 tardiores
578 2510 678 2566 iecerat
700 2510 788 2587 tibias,
811 2514 850 2567 sic
870 2519 901 2567 tu
915 2509 929 2567 a
943 2512 1126 2569 contentioni·

162 2594 221 2665 bus,
239 2593 338 2667 quibus
353 2595 464 2649 summis
479 2595 519 2649 uti
534 2593 650 2664 solebas,
666 2594 777 2651 cottidie
788 2595 892 2651 relaxes
904 2595 1014 2669 aliquid,
1029 2598 1126 2653 utiam

162 2680 249 2735 oratio
265 2687 311 2734 tua
326 2694 382 2733 non
401 2672 516 2733 mult‘um
537 2694 551 2732 a
570 2678 795 2751 philosophorum
814 2679 925 2735 lenitate
946 2679 1028 2736 absit:
1052 2681 1126 2753 quod

161 2764 297 2819 sustinere
318 2778 399 2835 quom
419 2762 465 2817 uel
483 2777 586 2817 summa
607 2771 732 2819 senectus
758 2780 841 2837 posse
863 2763 1001 2835 uideatur,
1025 2765 1126 2821 nullam

161 2846 210 2901 tibi
226 2863 240 2900 1
256 2847 343 2901 causis
360 2847 525 2901 uacationem
540 2846 618 2902 uideo
634 2846 702 2904 dari.

206 2925 269 3004 412.
299 2931 332 2999 Q.
361 2931 395 2984 At
423 2945 465 2985 me
492 2929 602 2986 hercule
625 2947 678 3005 ego
701 2930 848 2987 arbitrabar
868 2947 952 3011 posse
972 2932 1000 2987 id
1021 2934 1125 3007 populo

160 3021 257 3070 nostro
273 3012 393 3088 probari,
414 3016 437 3069 si
452 3021 479 3069 te
494 3014 526 3069 ad
541 3017 583 3070 ius
598 3015 819 3089 respondendum
839 3014 974 3072 dedisses:
996 3033 1075 3089 quam
1091 3016 1126 3073 ob

160 3114 228 3168 reru,
245 3114 327 3172 quom
343 3096 470 3173 placebit,
487 3099 678 3172 experiendum
694 3099 741 3157 tibi
756 3115 855 3155 censeo
869 3100 907 3157 id.

224 3183 265 3239 M.
288 3181 316 3237 Si
340 3182 458 3255 quidem,
482 3181 592 3256 Quinte,
615 3181 721 3239 nullum
741 3192 815 3239 esset
829 3184 858 3240 in
872 3184 1038 3258 experiundo
1054 3179 1126 3259 peri·v

161 3266 266 3323 culum:
289 3266 336 3321 sed
353 3272 451 3322 uereor
466 3283 509 3337 ne,
533 3266 596 3323 dum
618 3269 746 3324 minuere
762 3267 841 3323 uelim
857 3267 986 3339 laborem,
1010 3285 1124 3343 augeam

160 3360 242 3423 atque
257 3350 288 3406 ad
304 3350 376 3406 illam
396 3367 537 3407 causarum
553 3367 677 3425 operam,
698 3351 731 3406 ad
747 3368 826 3424 quam
841 3368 894 3425 eqo
910 3369 1058 3425 numquam
1072 3354 1125 3409 nisi

233 3528 252 3597 1)
267 3532 309 3581 An
319 3533 431 3583 historiae
443 3531 521 3581 ratio?
546 3527 568 3595 ²)
581 3530 702 3579 cecinerat
711 3530 902 3581 ABremiesius
911 3533 1033 3582 cecinerat
1041 3534 1081 3583 ed.
1093 3535 1124 3583 V.
