2542 3909
138 209 202 273 254
432 222 603 258 un111usr1r.
621 203 656 258 Π.
676 207 817 269 145-141.

139 368 290 438 rumpitur3
307 381 358 420 nec
372 365 497 433 interest,
513 379 546 418 an
558 362 679 418 estiterit
694 361 791 436 aliquis
806 378 840 418 ex
851 377 884 419 eo
897 362 988 433 lieres,
1003 380 1038 419 au
1052 380 1109 422 non

140 450 273 506 extiterit:
290 449 343 504 hoc
354 448 426 504 enim
437 448 527 504 solum
537 453 686 520 spectatur,
702 463 736 502 an
751 447 867 503 existere
878 448 1017 522 potuerit:
1032 448 1108 505 ideo-

139 549 192 607 que
206 525 279 610 (ium
290 525 433 608 ᾳιιυᾳιιι)1
448 534 471 588 si
488 532 549 606 quis
567 547 599 587 er
611 532 766 604 posteriore
779 539 953 597 testamento,
964 532 1039 606 quod
1048 535 1109 589 iure

138 618 237 674 lactum
253 627 305 688 est,
322 625 368 673 aui
383 616 503 673 noluerit
514 616 593 673 heres
606 631 678 686 esse,
694 623 741 672 aut
750 617 815 672 uiuo
831 624 976 687 testatore,
987 625 1035 673 aut
1044 627 1110 692 post

138 709 253 759 moriem
270 703 340 773 eius,
355 708 499 775 antequam
514 699 691 757 hereditatem
707 700 805 771 adiret,
820 699 980 774 decesserit,
996 711 1044 760 aut
1059 719 1111 777 per

137 787 290 844 cretionem
312 786 438 844 exclusus
460 785 554 856 luerit,
576 794 624 841 aut
639 785 809 855 condicione,
829 783 880 841 sulr
896 801 949 861 qua
964 787 1045 844 heres
1067 789 1108 843 iu·

137 873 252 928 stitutus
267 880 319 942 est,
335 870 458 928 delectus
474 872 520 942 sit,
540 878 588 926 aut
602 877 717 944 propter
731 869 898 927 caelibatum
914 887 947 927 ex
962 871 1026 946 lege
1041 871 1109 928 lulio

137 964 290 1013 summotus
306 956 390 1012 luerit
402 954 435 1012 ab
448 953 612 1012 hereditate:
628 952 728 1028 quibus
740 953 846 1012 casibus
857 955 1054 1029 paterfamilias
1068 957 1109 1013 iu·

137 1048 254 1099 testatus
270 1043 400 1098 moritur:
415 1057 477 1096 nam
489 1049 517 1098 et
528 1041 604 1115 prius
619 1047 814 1096 testamentum
829 1056 885 1097 non
900 1039 984 1111 ualet,
996 1050 1109 1115 ruptum
1159 1038 1162 1044 ’

137 1127 330 1199 aposteriore‚
345 1134 373 1182 et
387 1127 527 1199 posterius
543 1139 630 1200 aeque
645 1123 734 1180 nullas
751 1126 825 1180 uires
842 1123 934 1195 habet,
951 1142 1012 1181 cum
1027 1141 1061 1182 ex
1074 1142 1108 1181 eo
1140 1122 1142 1125 ’

135 1227 218 1268 nemo
235 1211 315 1267 heres
333 1211 462 1268 extiterit.
483 1207 553 1268 145.
571 1209 632 1266 Alio
650 1209 855 1283 quoquomodo
876 1216 1038 1268 testamenta
1048 1212 1109 1266 iure

137 1295 208 1353 iacta
228 1293 415 1364 infirmantur,
439 1293 517 1351 uelut
535 1286 647 1370 '(oum)²
668 1295 707 1364 is,
731 1295 777 1367 qui
793 1294 889 1350 iecerit
905 1302 1108 1366 testamentum,

137 1382 226 1454 eapite
241 1379 390 1436 diminutus
406 1371 489 1449 'sit;³
505 1379 580 1453 quod
591 1377 689 1453 quibus
700 1378 789 1435 modis
801 1379 915 1452 accidat,
929 1381 1019 1455 primo
1035 1395 1111 1438 com·

84 1463 125 1512 91·
138 1465 272 1522 mortario
287 1464 403 1521 relatum
418 1472 470 1521 est.
502 1459 568 1521 146.
585 1463 644 1521 llos
659 1471 750 1520 autem
766 1480 829 1520 casu
844 1456 935 1544 iulrita
950 1462 1009 1522 lieri
1025 1473 1107 1522 testa·
1181 1456 1185 1462 ’

136 1559 225 1606 menta
240 1549 371 1620 dicemus,
387 1565 449 1605 cum
465 1547 585 1622 alioquin
601 1556 629 1604 et
647 1565 717 1620 quae
732 1558 908 1622 rumpuntur,
928 1551 1010 1607 inrita
1030 1549 1107 1621 liant,

137 1631 174 1710 (et
189 1649 266 1707 quae
281 1637 376 1690 statim
392 1635 429 1689 ab
443 1636 523 1690 initio
545 1651 602 1690 non
622 1637 688 1690 iure
701 1636 791 1706 fiunt,
811 1637 902 1690 inrita
922 1637 994 1699 sinu
1013 1635 1067 1690 sed
1079 1639 1108 1689 et

135 1735 180 1789 ea,
197 1733 274 1792 quae
287 1721 352 1774 iure
370 1718 541 1790 factasunt
561 1725 589 1774 et
605 1726 708 1790 postea
727 1725 852 1791 propter
865 1721 972 1790 cupitis
986 1720 1107 1776 diminu-

136 1807 239 1861 tionem
253 1807 343 1860 inrr'ta
357 1802 454 1875 fiunt)
474 1810 593 1877 possunt
607 1803 783 1860 nihilomiuus
799 1811 879 1877 rupta
895 1802 962 1860 dici:
979 1804 1027 1859 sed
1044 1805 1108 1878 quia

136 1903 199 1945 sane
215 1887 385 1944 commodius
401 1896 461 1944 erat
485 1887 606 1962 singulas
622 1903 718 1945 causas
738 1886 857 1962 siugulis
879 1887 1109 1962 appellationibus

136 1973 279 2046 distingui,
294 1971 356 2028 ideo
373 1972 506 2046 quaedam
521 1988 577 2029 nou
593 1973 652 2029 iure
668 1970 727 2030 lieri
739 1972 880 2045 dicuutur,
897 1973 1034 2048 quaedam
1049 1974 1109 2030 iure

135 2057 206 2115 iacta
221 2058 309 2131 rumpi
325 2055 369 2113 uel
385 2059 466 2114 inrita
482 2056 552 2114 lieri.

197 2138 260 2201 14⁷.
284 2141 343 2198 Non
367 2149 456 2200 tamen
478 2159 527 2217 per
550 2143 640 2199 omnia
660 2141 766 2198 inutilia
788 2150 853 2200 sunt
878 2159 909 2199 ea
933 2151 1105 2214 testamenta,
1122 2147 1176 2200 [iuti
1266 2148 1268 2170 ¹

135 2243 204 2301 quae
225 2227 270 2284 uel
291 2225 323 2284 ab
343 2229 421 2285 initio
442 2244 498 2284 non
517 2229 577 2284 iure
597 2226 763 2297 factasunt,
784 2226 830 2282 uel
847 2229 908 2283 iure
924 2228 997 2284 lacta
1008 2236 1106 2304 postea

134 2313 214 2368 inrita
230 2312 301 2369 iacta
316 2319 367 2368 aui
381 2320 463 2386 rupta
478 2320 553 2368 sunt:
579 2328 640 2368 nom
655 2313 680 2367 si
694 2319 800 2385 septem
823 2314 933 2370 testium
948 2314 1036 2388 signis
1050 2314 1107 2386 sig·

134 2405 196 2454 nata
211 2399 266 2453 sint
285 2403 458 2467 testamenta,
479 2403 574 2470 potest
589 2398 708 2470 scriptus
731 2397 812 2454 heres
835 2397 986 2454 secundum
1000 2397 1106 2456 tabulas

134 2481 269 2538 bonorum
285 2481 488 2554 possessionem
502 2488 612 2554 petere,
633 2483 656 2538 si
677 2482 758 2538 modo
779 2481 925 2539 defunctus
942 2490 1058 2540 testator
1079 2488 1107 2538 et

135 2566 203 2622 ciuis
217 2566 355 2622 Romanus
374 2572 402 2622 et
416 2580 485 2622 suae
500 2568 647 2639 potestatis
663 2568 760 2623 mortis
782 2575 906 2642 tempore
921 2567 1019 2624 inerit:
1044 2559 1106 2624 nam

135 2653 158 2706 si
173 2649 234 2706 ideo
251 2650 362 2705 inritum
378 2649 487 2706 'iactum
503 2644 560 2706 sit4
575 2659 781 2724 testamentum,
797 2652 871 2726 quod
887 2661 953 2726 puta
968 2653 1107 2720 ciuitatem

209 2835 229 2904 ¹)
244 2836 318 2887 Haec
339 2840 364 2886 si
384 2846 477 2888 contra
495 2836 560 2888 Insi.
574 2841 697 2903 supplere
715 2842 795 2900 nolis,
819 2856 876 2890 cum
894 2840 929 2888 iis
942 2845 1036 2902 postea
1053 2853 1106 2901 pro

135 2910 222 2974 quihus
237 2909 333 2958 casibus
347 2909 512 2960 scribendum
526 2913 578 2960 erit
592 2911 616 2960 iu
630 2911 669 2960 his
683 2912 788 2960 casibus.
857 2906 879 2976 ¹)
893 2909 942 2958 Eoi
952 2909 1018 2960 inst.
1034 2906 1104 2976 ‘(se)'

135 2982 174 3031 ed.
190 2979 238 3046 Bp.
295 2976 318 3046 ³)
328 2980 411 3043 fuerit
425 2982 464 3030 ed.
479 2980 527 3047 Bp.
557 2981 632 3042 Quod
640 2983 667 3031 in
680 2982 706 3032 0.
721 2991 799 3032 antea
809 2983 905 3048 lepitur
914 2989 928 3030 n
938 2982 1055 3046 fortasse
1068 2989 1107 3031 est

133 3057 147 3104 ὅ
163 3051 239 3118 (cum)
251 3052 400 3118 sopitivum,
415 3053 485 3116 quod
498 3061 557 3102 unte
577 3054 685 3103 caecidit.
755 3051 777 3120 ⁴)
791 3053 837 3103 Ex
853 3052 945 3104 Gdsch.
957 3055 990 3116 ej.
1005 3055 1032 3103 lit
1046 3053 1104 3103 edd.

137 3232 226 3282 Callai.
242 3244 276 3294 16,
291 3244 311 3283 s.
334 3233 357 3292 ξ.
373 3243 393 3280 1.
409 3245 451 3294 por
466 3229 609 3299 cretionem]
626 3232 661 3296 cf.
676 3243 697 3295 i,
713 3244 752 3285 iss
765 3248 817 3298 seq.
838 3233 932 3295 exlege
947 3228 1018 3300 lulis]
1033 3232 1069 3295 cs.
1083 3243 1105 3294 2,

135 3315 181 3354 111.
193 3315 239 3363 ιιι.
305 3298 331 3370 §.
344 3303 402 3352 145.
414 3323 448 3344 =
458 3303 481 3364 ξ.
492 3315 513 3354 4.
534 3303 607 3353 itit.
619 3305 663 3354 cit.
685 3303 724 3368 Os.
739 3303 795 3368 wp.
806 3317 840 3366 so,
854 3317 875 3356 ι.
895 3303 967 3368 Epis.
980 3316 1002 3366 r,
1012 3315 1033 3355 a.
1048 3304 1072 3364 ᾗ.
1083 3313 1104 3354 s.

137 3373 226 3426 Collai.
242 3377 258 3423 l.
274 3389 296 3422 c.
312 3373 389 3437 primo
405 3373 503 3440 comm]
518 3377 558 3437 ξς.
574 3386 614 3426 159
627 3390 680 3438 seq.
753 3371 1011 3443 §.146.=§.o(t).
1031 3373 1104 3427 itit.

135 3446 179 3494 cii.
201 3445 239 3508 Cf.
257 3443 346 3494 Cottas.
362 3457 396 3507 ιι,
411 3457 431 3496 e.
447 3447 470 3508 §-
485 3456 506 3495 ι.
575 3442 600 3514 §-
613 3447 672 3496 147.
688 3467 722 3488 ==
737 3448 761 3508 §-
776 3459 797 3498 ι.
818 3447 839 3496 I.
855 3449 895 3499 tit.
907 3449 950 3497 ott.
972 3447 1011 3510 Cf.
1022 3447 1046 3508 ὅ.
1056 3457 1104 3496 119.

140 3515 194 3578 inp.
206 3527 240 3574 ss,
254 3527 275 3567 ι.
290 3527 324 3577 es,
340 3527 360 3567 s.
382 3517 434 3566 Oto.
454 3516 514 3581 Top.
524 3529 546 3568 4.
566 3519 589 3579 ξ.
605 3528 640 3568 ιι.
659 3515 749 3567 Booti.
764 3518 800 3567 cd
811 3518 836 3570 ir.
847 3521 864 3567 i.
870 3534 899 3582 p.
910 3530 950 3569 eos
964 3517 1033 3568 Bait.
1051 3517 1104 3566 Cio.

141 3585 381 3648 Wmntcm
