2542 3909
511 974 632 1046 LEX
669 972 776 1044 DEI

614 1128 683 1170 slva

185 1225 427 1281 MOSAIOARVM
445 1225 493 1279 ΕΤ
512 1224 750 1279 ROMANARVM
768 1222 895 1278 LEGVM
914 1222 1103 1279 COLLATIO.

93 1366 156 1417 [511]
235 1357 336 1409 Tribus
359 1355 502 1410 codicibus
524 1354 721 1423 manuscriptis
742 1355 811 1408 haec
836 1354 909 1408 ‘Lex
926 1353 1005 1419 Deir,
1028 1355 1070 1407 uti
1091 1356 1122 1407 in
1221 1354 1224 1360 '

167 1425 223 1479 illis
240 1424 307 1493 ipsis
325 1422 479 1488 codicibus,
499 1422 556 1476 sive
575 1422 645 1476 Mos.
665 1425 694 1475 et
711 1422 790 1475 Rom.
814 1422 909 1491 legum
932 1421 1066 1487 Collatio,
1090 1424 1123 1475 ut

168 1508 242 1547 nunc
259 1490 426 1559 plerumque
444 1489 621 1555 inscribitur,
646 1490 683 1543 ad
699 1504 750 1542 nos
767 1491 909 1557 pervenit,
927 1489 1082 1543 Pithoeano
1100 1506 1120 1541 s.

169 1559 299 1623 Rosnioo,
312 1574 386 1611 nunc
399 1557 581 1621 Berolinensi,
595 1556 776 1621 Vercellensi‚
789 1558 820 1609 et
831 1556 1054 1627 Vindobonensi:
1074 1557 1123 1625 qui

169 1642 266 1681 omnes
284 1625 435 1679 admodum
454 1625 578 1692 corrupti
595 1627 668 1688 sunt,
686 1640 739 1677 nec
756 1625 831 1677 inter
849 1641 878 1678 se
890 1625 964 1678 ullus
977 1640 1073 1678 eorum
1086 1624 1122 1676 ab

169 1694 226 1749 alio
270 1693 366 1757 endet;
389 1692 598 1759 antiquissimus
619 1693 716 1744 tamen
738 1691 850 1744 videtur
867 1691 1066 1754 Berolinensis,
1089 1707 1123 1745 ex

169 1778 224 1829 quo
260 1760 371 1813 ithoeus
383 1775 408 1811 a.
421 1766 493 1813 1573.
504 1760 626 1826 primum
636 1758 820 1811 collationem
834 1759 935 1822 edidit,
947 1759 1124 1812 existimatur
1138 1762 1144 1785 ¹

170 1828 245 1881 enim
263 1843 322 1881 esse
340 1826 427 1880 seculi
446 1825 538 1879 octavi
555 1825 601 1879 vel
618 1827 694 1890 noni,
712 1826 800 1879 ceteri
817 1826 903 1879 seculi
921 1826 1075 1889 undecimi;
1094 1827 1124 1879 et

169 1896 218 1949 ille
236 1896 269 1948 ut
286 1894 360 1947 solus
378 1895 520 1961 integrum
539 1894 665 1945 continet
677 1908 746 1960 opus
758 1893 805 1946 vel
817 1894 893 1945 certe
906 1892 949 1949 tit.
962 1890 1036 1946 XVI.
1049 1909 1123 1945 nunc

168 1962 308 2021 ultimum¹
319 1962 472 2029 (integrum
491 1960 565 2013 enirn
578 1961 669 2027 ipsum
682 1975 697 2013 o
720 1976 752 2011 us
763 1960 800 2011 ad
811 1975 863 2012 nos
874 1959 1046 2027 pervenisse,
1057 1959 1125 2012 licet

170 2029 320 2083 verisimile
338 2029 383 2092 sit,
400 2030 496 2080 tamen
515 2026 577 2093 quis
593 2028 708 2095 praesta
727 2027 791 2091 ita),
809 2028 851 2079 ita
869 2028 898 2079 et
914 2025 1076 2090 titulorum,
1093 2026 1123 2078 in

170 2112 239 2163 quos
251 2097 311 2163 ipse
324 2097 422 2147 auctor
434 2110 503 2161 opus
515 2111 594 2147 suum
608 2094 796 2155 distribuerat,
808 2108 948 2156 numeros,
962 2108 1124 2159 quanquam

169 2179 222 2217 nec
239 2164 298 2231 ipse
316 2163 449 2229 integros,
468 2163 562 2214 tamen
581 2161 759 2229 aliquatenus
771 2161 908 2225 servavit,
922 2159 971 2226 qui
981 2160 1012 2211 in
1024 2160 1124 2213 ceteris

171 2226 1124 2363 barattarias?terreatreiterabat

669 2335 675 2361 1
774 2336 780 2361 i

170 2364 332 2433 inspexerit,
350 2362 499 2415 dubitabit

237 2432 343 2484 Auctor
361 2429 524 2484 collationis
541 2428 602 2497 quis
625 2430 674 2494 sit,
696 2431 850 2499 ignoratur.
885 2428 1016 2481 Rufinum
1039 2428 1125 2496 Aqui·

170 2498 303 2552 leiensem
321 2497 516 2573 presbyterum
528 2496 621 2560 fuisse,
641 2513 676 2549 ea
686 2497 808 2551 maxime
820 2497 856 2551 de
868 2511 952 2550 causa
969 2512 1016 2549 sus
1037 2497 1126 2549 icatus

171 2582 232 2617 sum
255 2581 286 2619 ar
325 2566 483 2631 mentisque
504 2564 623 2616 instruxi
641 2563 786 2630 (Zeitschr.
809 2564 827 2616 f.
866 2562 984 2617 esch.R
1023 2563 1124 2619 ,XIIL

172 2648 272 2690 comm.
305 2633 334 2701 .),
354 2631 429 2710 quod
446 2646 542 2683 rumor
559 2630 652 2684 seculo
670 2632 778 2685 decimo
796 2648 845 2685 sex
887 2629 1096 2700 percrebuerat,
1109 2648 1127 2685 a

171 2697 803 2821 creterra,attrabitur
826 2699 930 2819 bid?
950 2700 1126 2833 tiarati?

172 2832 281 2888 Cautius
308 2836 362 2901 est,
390 2841 532 2887 auctorem
559 2832 746 2886 Christianum
777 2833 863 2886 fuisse
890 2848 979 2897 eoque
1010 2833 1126 2887 consilio

172 2902 245 2954 hanc
264 2901 346 2969 ‘legis
363 2900 426 2953 Dei’
446 2901 476 2953 et
493 2899 588 2969 legum
602 2900 791 2952 Romanarum
810 2898 1041 2966 compositionem
1060 2901 1126 2952 scri-

171 2968 272 3034 psisse,
299 2969 345 3031 ut,
368 2967 521 3045 praemissa
544 2966 634 3034 (quod
656 2967 770 3019 credere
794 2982 847 3035 par
869 2966 924 3032 est)
950 2966 1125 3040 praefatione

172 3050 247 3086 nunc
264 3034 420 3101 deperdita,
459 3050 496 3087 ua
514 3034 565 3086 boc
583 3033 731 3087 consilium
743 3033 897 3101 aperiebat,
916 3047 946 3084 re
958 3046 1021 3107 ipsa
1033 3035 1126 3086 osten·

174 3099 262 3163 deret,
281 3101 430 3167 quodiam
473 3100 638 3154 ertullianus
655 3101 765 3169 apolog.
784 3106 826 3152 45.
855 3099 989 3152 Romanis
1007 3100 1127 3154 ethnicis

173 3167 347 3235 obgesserat:
367 3168 447 3221 ‘dum
458 3170 574 3229 tamen’,
592 3168 694 3235 inquit,
714 3167 849 3230 τ11111111
870 3182 913 3219 sas
926 3181 1037 3233 quoque
1050 3168 1127 3235 leges

173 3236 280 3287 vestras
298 3238 344 3300 (so.
364 3236 422 3301 ea),
440 3250 513 3302 quae
529 3235 662 3288 videntur
680 3234 716 3288 ad
732 3185 923 3287 innocentiam
940 3248 1072 3301 pergere,
1091 3234 1126 3287 de

172 3301 269 3355 divina
290 3300 354 3370 lege
376 3302 408 3354 ut
429 3302 587 3369 antiquiore
609 3302 701 3355 forma
721 3303 864 3354 mutuatas
887 3309 957 3354 esse’
982 3302 1012 3353 et
1027 3303 1128 3369 postea

171 3368 228 3423 Leo
250 3367 370 3437 Magnus
393 3368 422 3421 in
445 3384 528 3421 causa
553 3369 753 3423 matrimoniali
780 3368 955 3445 praedicavit
976 3368 1031 3436 (ep.
1056 3370 1126 3435 167),

173 3436 273 3490 ‘multo
292 3436 369 3505 prius
386 3435 439 3488 hoc
456 3435 549 3503 ipsum
561 3436 682 3489 Domino
700 3437 897 3499 constrtuente,
918 3452 1003 3504 quam
1015 3434 1127 3488 initium

171 3502 293 3558 Romani
314 3502 382 3555 iuris
405 3501 561 3555 existeret':
586 3518 676 3570 eoquo
698 3501 782 3556 modo
801 3501 929 3556 lCtorum
951 3504 1128 3572 potissimum

170 3570 277 3625 fastum
295 3569 470 3639 reprimeret,
488 3568 582 3637 legem
600 3570 786 3625 Christianam
803 3572 854 3622 aut
868 3573 1004 3638 tanquam
1016 3571 1129 3639 imperii
