2542 3909
412 241 525 277 unumve
543 240 658 276 rnaccvs
676 240 834 277 murnianus.
1042 232 1102 291 107

137 369 239 444 quibus
260 384 328 442 aper
348 369 498 425 retineatur
518 375 546 423 et
566 369 729 436 remittatur,
753 384 821 439 quae
840 366 872 423 ab
888 366 1049 423 offendendo
1066 367 1105 424 di·

136 462 246 510 cantur.
283 469 345 508 nam
366 468 449 525 quom
468 451 502 507 ad
524 460 645 507 mentum
659 460 822 524 peruentum
836 454 882 524 sit,
903 450 1017 507 ollendit
1031 468 1104 507 meu·

138 547 205 595 tum.
220 565 263 577 -
277 537 350 592 Vest.
366 553 393 592 v.
409 534 561 591 Offendicca
575 552 602 608 p.
619 534 692 593 205.

201 616 249 678 10.
273 619 381 677 Oletum
396 628 502 675 stercus
519 619 675 676 humanum.
706 619 851 676 Veranius:
872 617 1061 676 ‘Sacerdotula
1076 622 1103 675 in

137 706 256 762 sacrario
271 703 385 759 Martiali
399 704 465 758 iecit
480 702 604 759 oletum’.
620 732 662 743 -
678 702 751 759 Paul.
768 720 810 775 ep.
827 702 898 760 lest.
915 719 942 776 p.
959 702 1029 762 203.

201 785 241 844 11.
265 782 396 843 ‘lluries¹
428 785 494 857 est',
523 786 749 859 quemadmodum
771 786 901 843 Veranius
929 786 1024 859 docet,
1052 788 1104 849 ‘ea

138 889 209 946 quae
223 870 255 926 lit
266 888 300 927 ex
315 870 365 926 sali
380 869 501 934 sordido,
519 871 546 924 in
561 870 616 942 pila
630 872 718 943 pisato
734 877 761 925 et
775 871 804 926 in
820 869 900 925 ollam
916 868 1024 926 fictilem
1039 887 1104 926 oon·

137 958 211 1012 iecto
233 954 327 1029 ibique
349 961 447 1027 operto
468 962 640 1027 gypsatoque
655 961 683 1009 et
698 955 726 1010 iu
741 952 823 1009 iurno
838 960 978 1025 percocto,
993 955 1036 1009 eui
1051 957 1105 1011 vir·

138 1041 217 1113 gincs
231 1038 354 1096 Vestales
375 1053 449 1093 serra
469 1037 558 1093 terrea
579 1045 655 1093 secto
676 1044 704 1092 et
722 1038 751 1091 in
767 1038 864 1092 seriam
880 1039 1014 1106 coniecto,
1037 1055 1105 1111 quac

138 1130 183 1179 est
201 1125 276 1179 intus
296 1124 324 1177 in
348 1122 414 1178 aede
429 1122 528 1177 Vestae
547 1122 575 1176 iu
595 1136 668 1193 penu
683 1122 827 1191 exteriore,
844 1136 939 1193 aquam
955 1122 1047 1194 iugem
1064 1122 1107 1178 uel

85 1219 132 1268 tur]
141 1207 299 1281 quamlibet,
320 1215 509 1279 praeterquam
532 1221 601 1277 quae
615 1220 665 1277 per
680 1203 784 1260 listulas
799 1205 884 1273 uenit,
906 1203 1008 1259 addunt
1023 1212 1106 1278 atque

139 1308 172 1347 ea
186 1290 296 1347 demum
310 1292 339 1344 in
354 1287 493 1345 sacrificiis
508 1288 647 1345 utuntur'.
665 1317 702 1327 -
718 1286 791 1345 Vest.
808 1304 833 1342 v.
849 1287 948 1344 lluries
963 1305 989 1362 p.
1007 1288 1077 1345 158.

206 1372 254 1432 12.
275 1372 329 1429 Sed
349 1373 479 1428 Veranius
500 1370 698 1428 Pontifiealium
718 1388 751 1428 eo
772 1370 851 1442 libro,
879 1389 959 1446 quem
983 1372 1048 1429 fecit
1073 1373 1107 1429 de

140 1456 396 1531 supplicationibus,
410 1458 449 1512 ita
463 1458 517 1512 aits
534 1454 669 1526 ‘Pinariis
686 1457 733 1527 qui
747 1456 889 1511 nouissimi
904 1473 1014 1513 comeso
1027 1474 1106 1530 prau-

139 1541 187 1598 dio
203 1542 352 1613 uenissent,
368 1557 429 1598 cum
444 1542 498 1595 iam
513 1555 609 1595 manus
623 1555 769 1613 pransores
785 1539 916 1610 lunarem,
932 1541 1105 1614 praecepisse

139 1625 295 1689 Herculem,
316 1624 435 1697 nequid
455 1632 553 1696 postea
573 1625 625 1696 ipsi
645 1630 692 1679 aut
712 1624 860 1696 progenies
876 1626 998 1696 ipsorum
1013 1641 1046 1679 er
1061 1624 1107 1681 de·

138 1711 207 1765 cinna
232 1717 379 1783 gustarent
403 1707 533 1763 sacranda
558 1707 620 1777 sibi,
646 1707 694 1762 sed
720 1707 892 1764 ministrandi
918 1708 1106 1765 tantummodo

138 1810 228 1865 causa,
245 1810 303 1849 non
314 1792 348 1848 ad
359 1791 452 1865 epulas
463 1789 664 1848 conuenirent'.
678 1820 719 1829 -
730 1790 846 1847 llaorob.
860 1792 917 1849 Sat.
929 1791 958 1862 3,
972 1791 1001 1849 6.
1014 1788 1106 1867 314.

264 1938 487 2019 *cennius
509 1952 704 2019 ennecus
727 1952 985 2020 aleramnus

497 2059 615 2127 (eiusdem
630 2056 755 2126 aetatis).⁹

407 2168 453 2223 lte
481 2168 841 2240 indigitamentis.

202 2278 227 2336 1.
249 2277 374 2335 Eundem
394 2294 453 2333 csse
470 2276 581 2332 Genium
603 2284 631 2331 et
646 2275 749 2346 Larem,
772 2275 849 2332 multi
877 2282 983 2331 ueteres
1007 2292 1107 2332 memo·

142 2364 197 2419 riae
220 2363 417 2438 prodiderunt,
443 2362 470 2416 iu
494 2362 571 2433 queis
597 2362 679 2415 etiam
702 2360 815 2415 Granius
836 2358 948 2415 Flaccus
974 2360 1003 2417 in
1027 2359 1106 2432 libro,

214 2507 234 2570 1)
251 2510 290 2573 Os.
304 2524 388 2573 cupra
403 2506 477 2557 Num.
493 2505 600 2556 Fabium
611 2506 741 2557 lictorem
755 2517 775 2558 8.
812 2503 834 2572 ²)
851 2505 902 2567 Qui
914 2507 980 2557 duos
992 2515 1108 2558 statuunt

145 2580 265 2643 Granios,
277 2579 401 2629 Flaccum
408 2580 525 2640 alterum,
534 2580 644 2626 alteram
653 2577 830 2635 Licinianum,
840 2580 912 2627 nulla
922 2579 952 2627 id
960 2580 1053 2629 idonea
1063 2596 1108 2629 ra-

143 2652 213 2701 tione
220 2652 311 2713 facere
321 2650 450 2699 uidentur.
473 2646 640 2709 Quanoobrem
647 2664 716 2698 nunc
725 2655 750 2698 et
759 2662 849 2697 nomen
861 2648 956 2698 Granii
962 2652 1029 2699 auri
1038 2656 1063 2699 et
1068 2651 1106 2714 fr.

142 2733 163 2773 8.
177 2723 204 2771 ei
215 2722 357 2785 adscripsi.
379 2718 509 2779 Quaedam
519 2719 596 2768 etiam
609 2734 696 2768 eorum
710 2718 801 2768 eabae
818 2718 917 2769 Granio
935 2720 1055 2770 videntur
1061 2736 1106 2785 pe-

141 2794 197 2851 tita,
211 2808 278 2857 quae
287 2789 388 2841 Arnob.
399 2802 419 2852 8,
430 2802 449 2840 t.
460 2787 633 2853 compluribus
635 2796 744 2852 praeter
757 2788 881 2838 Granium
890 2790 1040 2841 auctoribus
1053 2794 1107 2841 lau·

142 2864 211 2913 datis
220 2864 253 2912 de
260 2861 304 2911 Oli
312 2861 424 2911 historia
433 2860 524 2922 refert,
534 2875 551 2909 a
559 2861 634 2909 cuius
644 2861 729 2923 capite
738 2861 840 2909 inuento
853 2859 1004 2923 Capitolium
1012 2863 1107 2911 dietum

141 2949 195 2984 esse
207 2931 407 2996 fabulabantur.
425 2958 457 2967 -
474 2930 590 2980 Ceterum
606 2932 632 2978 in
647 2930 695 2979 boc
705 2931 782 2993 finem
793 2931 885 2993 facere
895 2933 999 2994 placuit
1011 2948 1107 2994 eorum,

142 3007 186 3069 qui
196 3004 280 3053 libera
290 3000 425 3066 republica
434 3003 605 3065 ocripserant.
625 3000 671 3048 Ec
680 2999 772 3064 quibus
780 3002 805 3049 si
815 3001 937 3064 quosdam
952 3005 1034 3061 omisi,
1045 3018 1108 3068 quos

142 3076 200 3139 quis
213 3073 415 3129 desideraverit,
430 3072 459 3121 id
473 3087 505 3121 ea
519 3073 629 3120 maxime
643 3071 676 3119 de
690 3086 770 3120 causa
782 3072 882 3135 factum
900 3079 946 3130 est,
961 3075 1030 3137 quod
1043 3089 1107 3138 quae

141 3160 229 3195 eorum
238 3146 391 3207 reciperem,
402 3144 518 3191 incertus
526 3140 692 3191 haesitabam.
712 3140 744 3191 In
755 3141 796 3191 itis
801 3144 961 3206 praeprimis
971 3159 1107 3193 numeran-

141 3216 190 3265 dus
204 3222 244 3265 est
257 3213 295 3264 M.
315 3213 450 3263 Terentius
468 3212 564 3270 Varro,
584 3213 747 3262 doctissimus
761 3210 941 3271 Romanorum,
961 3215 1005 3277 qui
1023 3214 1107 3263 multis

142 3283 1107 3350 quidempartibusetiamiusdiuinumbumanumqueillustravit,sedtamen

141 3358 223 3421 anapia
228 3354 417 3419 palpitationem
427 3370 502 3418 quarn
512 3355 691 3416 iurisperitum
698 3368 786 3418 opens,
791 3354 823 3402 de
832 3368 882 3416 quo
891 3354 942 3403 oid.
953 3351 1108 3417 Bernhardy

143 3426 213 3475 Ro'm.
223 3426 278 3475 Lit.
290 3426 331 3475 ed.
345 3436 366 3475 4.
373 3441 402 3488 p.
412 3435 460 3475 888.
483 3423 554 3473 Idem
568 3424 641 3474 cadit
656 3426 684 3473 in
699 3423 730 3473 P.
748 3423 881 3488 Nipidium
897 3423 1024 3486 bipulum,
1034 3425 1108 3471 cuius

142 3497 174 3547 de
182 3498 278 3547 studiis
287 3502 314 3545 et
322 3494 444 3559 operibus
453 3496 557 3560 eprepie
569 3495 679 3558 scripsit
693 3493 730 3543 M.
741 3493 823 3543 Hertz
837 3491 925 3542 Berol.
936 3500 996 3541 1845.
1026 3490 1107 3541 Prae-

143 3568 204 3618 terii
217 3569 297 3618 etiam
311 3565 350 3616 M.
366 3564 483 3615 Fulvium
492 3564 649 3615 Nobiliorem
658 3572 683 3613 et
693 3565 738 3628 qui
747 3578 803 3613 eam
813 3562 924 3610 insecuti
932 3567 1000 3622 sunt,
1011 3567 1108 3611 tantum
