2542 3909
445 250 472 285 nr.
492 250 582 287 rvurvs
602 249 781 288 ouoouanvs.
1077 245 1096 302 9

130 370 217 431 sinio's
233 392 262 447 p.
278 374 344 429 Vllll
364 375 424 431 siue
446 375 502 431 ullo
518 375 640 449 peditum
656 376 809 434 adiumento
825 378 961 451 cepissent
975 378 1033 433 cius
1050 394 1097 433 uo·

131 458 234 525 cabuli;
250 457 333 531 idque
348 459 456 515 durauit
471 458 541 516 ultra
557 459 585 515 G.
603 460 760 517 Gracchum.
789 460 882 517 lunius
897 469 981 532 certe,
1001 462 1049 535 qul
1065 460 1097 517 ab

131 543 247 597 amicitia
262 544 321 597 eius
337 543 505 598 Gracchanus
521 543 671 617 appellatus
694 552 747 617 est,
770 546 901 618 scriptum
923 544 1035 618 reliquit
1055 547 1097 601 his

131 624 236 681 uerbis:
260 624 349 692 ‘Quod
371 627 403 681 ad
424 635 577 699 equestrem
600 626 719 683 ordinem
741 630 846 691 attinet,
869 636 947 684 antea
962 629 1097 685 trossulos

131 708 279 772 uocabant,
307 726 380 765 nuuc
407 712 513 783 equites
541 720 641 768 uocant
661 710 739 781 ideo,
770 714 831 785 quia
852 729 908 769 non
929 712 1097 786 intelligunt,

90 804 122 852 [9]
131 793 268 849 trossulos
289 810 389 849 nomen
410 794 474 867 quid
490 794 588 867 ualeat,
603 795 759 867 multosque
777 795 862 869 pudet
881 812 913 852 eo
928 798 1037 853 nomine
1052 814 1098 871 ap·

129 876 250 951 pellari,'
268 885 295 933 et
311 894 428 952 eausam,
446 894 515 952 quae
528 895 610 952 supra
624 879 741 935 indicata
753 888 804 948 est,
820 882 931 953 exponit
941 882 1098 954 inuitosque

131 963 277 1017 etiamnum
295 969 385 1017 tamen
400 962 534 1018 trossulos
551 964 652 1019 uocari.
668 990 710 1003 -
725 962 794 1019 Plin.
814 963 845 1018 N.
865 962 897 1017 H.
916 963 967 1033 33,
986 964 1014 1018 2.
1026 964 1054 1035 S.
1068 965 1097 1021 9.

193 1040 221 1102 2.
243 1047 391 1119 Antiquom
418 1046 547 1119 oppidum
574 1046 683 1102 inohoc
710 1044 794 1101 luisse
816 1046 940 1101 Saturnia
961 1048 1096 1103 scribitur.

131 1126 193 1185 liius
210 1131 326 1203 uestigia
341 1131 421 1185 etiam
442 1146 514 1185 nunc
536 1137 646 1185 manent
665 1131 731 1185 tria:
754 1129 827 1202 quod
842 1129 949 1204 Saturni
965 1131 1056 1187 lunum
1071 1133 1099 1187 in

131 1212 267 1277 saucibus;
290 1212 363 1287 quod
379 1214 504 1269 Saturnia
519 1221 614 1287 porta,
631 1230 710 1287 quarn
725 1213 817 1269 lunius
832 1213 926 1271 scribit
944 1213 996 1286 tbi,
1019 1231 1098 1289 quam

132 1313 206 1353 nunc
221 1305 321 1353 uocant
335 1296 501 1367 Pandanam3
524 1298 598 1370 quod
615 1306 677 1371 post
691 1299 783 1353 aedem
798 1298 907 1353 Saturni
921 1299 949 1354 iu
964 1297 1099 1355 aedilicio·

133 1396 194 1436 rum
212 1378 316 1454 legibus
328 1382 441 1453 priuatis
453 1382 570 1455 parietes
582 1382 680 1456 postici
691 1384 761 1437 muri
772 1390 835 1439 sunt
847 1383 948 1456 scripti.
964 1413 1000 1423 —
1015 1384 1098 1439 Varro

134 1464 168 1519 de
182 1462 214 1519 t.
231 1463 262 1523 L.
279 1463 307 1532 5,
324 1466 352 1522 7.
370 1466 397 1537 S.
414 1465 466 1523 42.

195 1544 227 1605 8.
251 1548 354 1605 Subura
376 1549 467 1605 lunius
489 1549 583 1605 scribit
604 1550 635 1605 ab
657 1566 701 1620 eo,
724 1549 798 1623 qnod
818 1549 903 1605 luerit
918 1548 969 1605 sub
990 1552 1098 1625 antiqua

132 1633 213 1688 urbe.
228 1662 269 1673 -
285 1632 369 1689 Varro
385 1634 418 1689 de
433 1630 463 1689 L.
479 1632 509 1687 L.
526 1632 555 1705 5,
573 1634 599 1690 t.
616 1634 645 1705 S.
661 1633 712 1691 48.

195 1714 225 1776 4.
248 1718 376 1790 Luceres,
396 1726 427 1774 ut
442 1717 544 1789 lunius,
565 1734 579 1772 a
593 1717 759 1774 Lucumone.
775 1747 817 1758 —
832 1716 914 1773 Varro
929 1717 963 1774 de
977 1716 1008 1775 L.
1023 1716 1054 1776 L.
1068 1717 1097 1785 5,

194 1882 222 1945 5.
244 1886 375 1941 llensium
390 1886 499 1941 nomina
514 1885 570 1941 lere
585 1894 678 1959 aperta
693 1894 774 1954 sunt,
788 1887 812 1941 si
829 1902 844 1940 a
859 1884 971 1955 Martio,
986 1893 1018 1942 ut
1031 1888 1098 1943 anti·

134 1971 180 2043 qui
195 1969 416 2041 constituerunt,
433 1986 568 2025 numeres.
598 1969 663 2024 Nam
683 1971 785 2042 primus
800 1985 815 2024 a
830 1968 922 2025 blarte.
948 1970 1098 2042 Secundus,

136 2062 166 2107 ut
180 2052 290 2110 l'uluius
306 2052 399 2109 scribit
414 2061 442 2109 ct
456 2053 560 2123 lunius,
583 2069 597 2108 a
612 2053 731 2127 Venere,
755 2054 828 2127 quod
843 2069 874 2108 ea
888 2053 924 2109 sit
939 2054 1098 2127 Aphrodite,

135 2138 232 2209 quoius
246 2152 344 2193 nomen
360 2153 412 2208 ego
429 2139 546 2211 antiquis
565 2137 651 2193 literis
668 2137 740 2209 quod
751 2153 883 2209 nusquam
895 2138 996 2207 inueni,
1013 2139 1098 2209 magis

134 2231 201 2293 puto
216 2221 328 2291 dictum,
346 2219 419 2294 quod
434 2238 483 2277 uer
498 2222 586 2277 omniu
602 2222 699 2293 aperit,
711 2219 841 2293 Aprilem.
870 2219 978 2275 Tertius
990 2236 1004 2274 a
1015 2222 1099 2276 maio·

136 2304 210 2360 ribus
225 2305 323 2376 liuius,
349 2312 461 2378 quartus
477 2322 491 2361 a
506 2303 658 2361 iunioribus
673 2302 761 2359 dictus
777 2302 878 2358 lunius.
907 2302 1008 2358 lichino
1023 2306 1099 2377 quin·

136 2398 179 2444 tus
194 2388 321 2457 Quintilis
337 2390 419 2445 etsie
440 2389 566 2461 deinceps
588 2404 677 2461 usque
698 2386 731 2443 ad
745 2386 916 2443 Decembrem
940 2404 954 2441 a
974 2403 1099 2445 numero.

136 2474 174 2527 Ad
190 2474 240 2529 hos
256 2475 304 2547 qui
324 2472 422 2543 additi,
449 2474 524 2545 prior
544 2489 559 2528 a
579 2473 700 2545 principe
716 2471 767 2527 deo
782 2470 918 2529 lanuarius
933 2471 1098 2545 appellatus;

135 2560 283 2631 posterior,
300 2565 330 2613 ut
344 2556 423 2612 iidem
439 2557 532 2612 dicunt
546 2556 704 2629 scriptores,
717 2554 753 2611 'ab
770 2555 820 2611 diis
832 2557 925 2613 inieris
938 2554 1100 2612 Februarius

135 2641 302 2714 appellatus,
325 2640 398 2715 quod
415 2648 471 2696 tum
486 2641 528 2699 bis
542 2649 712 2713 parentetur.
726 2669 768 2680 —
784 2640 866 2696 Varro
881 2641 915 2697 de
930 2639 960 2696 L.
976 2637 1006 2697 L.
1024 2641 1054 2713 6,
1069 2641 1098 2704 4.

199 2806 227 2865 6.
250 2808 364 2863 Nomina
379 2808 470 2863 decern
485 2807 621 2863 mensibus
637 2809 756 2881 antiquis
771 2807 914 2865 Romulum
926 2808 1023 2863 iecisse
1036 2806 1099 2865 rut-

134 2895 196 2949 uius
212 2900 240 2947 et
254 2892 348 2947 lunius
363 2898 488 2947 auctores
503 2901 581 2947 sunt:
604 2900 631 2946 et
653 2892 759 2965 quidem
775 2892 843 2947 duos
858 2894 961 2965 primos
976 2908 992 2947 a
1006 2908 1100 2965 paren·

134 2976 208 3033 tibus
225 2978 283 3031 suis
298 2977 450 3031 nominasse
462 2976 586 3030 Martium
601 2992 615 3029 a
627 2975 709 3031 blarte
723 2983 811 3048 patre,
824 2976 941 3050 Aprilem
954 2974 985 3030 ab
995 2976 1100 3049 Aphro·

134 3059 191 3116 dite
205 3059 234 3115 id
249 3066 293 3115 est
308 3060 422 3130 Venere,
436 3060 506 3115 unde
521 3060 635 3115 maiores
652 3060 710 3115 eius
728 3060 835 3115 oriundi
851 3058 1022 3117 di‘cebantur:
1037 3076 1101 3132 pro·

135 3146 222 3200 ximos
243 3142 315 3199 duos
330 3160 345 3199 u
360 3143 479 3217 populo,
500 3144 599 3199 biaium
613 3160 628 3198 a
644 3143 789 3199 maioribus
809 3151 892 3212 natu,
912 3143 1017 3199 lunium
1032 3160 1048 3199 a
1061 3144 1102 3198 iu·

135 3228 276 3297 nioribus3
292 3236 398 3283 ceteros
411 3228 443 3283 ab
456 3227 561 3297 ordine,
577 3244 631 3300 quo
643 3226 745 3299 singuli
755 3236 842 3299 erant,
857 3227 1003 3295 Quintilem
1015 3241 1102 3298 usque

136 3311 169 3367 ad
183 3311 357 3368 Decembrem
372 3312 483 3386 perinde
499 3328 514 3365 a
528 3327 652 3370 numero.
671 3341 708 3352 -
724 3309 864 3369 Censorin.
880 3310 931 3366 22.

198 3391 225 3455 7.
248 3398 356 3451 Annum
384 3402 535 3453 uertentem
563 3394 663 3452 Romae
690 3393 809 3453 Licinius
837 3393 946 3467 quidem
967 3392 1054 3450 blacer
1075 3397 1104 3445 et

137 3489 234 3552 posteo
256 3478 407 3537 Fenestella
430 3482 522 3536 statim
545 3477 576 3534 ab
598 3481 676 3537 initio
699 3477 841 3537 duodecim
864 3477 998 3533 mensium
1019 3477 1104 3533 inisse

137 3566 316 3638 scripserunt.
346 3565 393 3622 sed
416 3566 503 3638 magis
521 3563 597 3619 lunio
613 3563 767 3621 Gracchano
788 3574 817 3620 et
832 3559 928 3615 Fuluio
949 3569 978 3618 et
993 3556 1104 3617 Varroni
