2542 3909
425 235 603 301 rennuerunt
621 236 694 273 seur.
713 220 760 272 111.
781 226 804 274 6.
1033 221 1094 284 507

139 366 192 422 dae
213 366 298 438 gratia
322 373 411 437 parata
434 366 503 435 sint,
525 363 711 433 delebuntur3
734 366 782 422 sed
803 374 831 423 et
850 360 975 423 Ἰιιικίηειι
996 375 1025 423 et
1045 368 1097 423 cri·

142 448 249 505 stallina
271 456 298 503 et
313 456 440 522 argentea
455 456 483 503 et
499 450 584 504 nitrea
609 464 688 519 uasa,
713 458 765 505 tam
788 452 888 506 escaria
911 468 991 523 quam
1012 467 1096 524 pocu-

142 534 217 601 laria,
235 542 263 587 et
279 541 369 588 uestes
385 533 527 587 stratoriae
542 532 634 605 legato
646 532 756 593 cedunt.
792 530 842 591 68.
859 527 952 590 ²vtttis
968 535 1013 591 uel
1025 536 1097 608 agris

141 617 286 690 separatim
301 616 398 689 legatis
413 615 527 671 alterum
542 616 618 671 alteri
634 616 715 672 cedit.
759 613 807 674 69.
832 610 943 673 ⁸Seruls
959 618 1005 673 ‘do
1020 618 1096 692 lego'

143 694 274 771 legatis,⁴
288 699 401 755 ancillae
417 716 525 773 quoque
541 698 724 756 debellantur:
746 716 800 757 nou
816 702 880 756 item
895 704 984 771 serui,
1000 702 1097 775 legatis

141 784 255 839 ancillis.
293 782 340 839 sed
356 783 510 839 ancillarum
526 784 706 857 appellatione
722 791 774 839 um
790 785 927 857 uirgines,
945 801 1025 858 quam
1040 802 1096 841 ser-

144 860 264 923 uorum⁵
279 868 355 939 pueri
377 867 564 937 continentur:
581 869 613 922 iis
628 867 731 923 scilicet
747 869 880 939 enceptls',
898 884 967 941 quae
984 867 1095 925 fiduciae

144 943 236 1007 'data6
258 959 331 1006 suut.
368 945 416 1006 70.
439 950 531 1005 Seruis
553 949 759 1006 amanuensibus
781 951 894 1023 legatis,
917 967 1027 1021 omnes,
1051 954 1096 1024 qui

141 1051 176 1091 en
191 1035 396 1091 conuersatione
412 1026 531 1089 urbana⁷
549 1028 609 1089 'eo⁸
624 1035 651 1089 in
667 1035 814 1089 ministerio
830 1034 946 1103 luerint,
962 1033 1097 1090 debebun-

143 1126 201 1188 tur,
216 1118 267 1174 nisi
282 1133 314 1172 er
331 1118 370 1173 iris
382 1117 463 1190 aliqui
475 1126 608 1190 perpetuo
620 1116 653 1172 ad
666 1133 735 1190 opus
747 1119 878 1173 rusticum
888 1118 1096 1173 transferantur.

140 1198 188 1260 71.
211 1195 378 1257 ⁹Venatores
400 1202 473 1256 serui
495 1200 537 1256 uel
560 1216 679 1273 aucupes
701 1217 733 1255 an
748 1202 820 1257 inter
835 1201 935 1257 urbana
951 1202 1097 1257 ministeria

143 1286 343 1356 contineantur,
355 1284 464 1340 dubium
477 1286 615 1339 remansit:
632 1293 660 1339 et
675 1284 735 1340 ideo
748 1285 897 1340 uoluntatis
909 1292 952 1340 est
963 1287 1097 1358 quaestio.
1154 1316 1157 1320 <

144 1378 234 1424 tamen
255 1370 277 1423 sl
299 1368 518 1424 insinuandarum
539 1368 756 1441 quotidianarum
777 1369 916 1443 epularum
942 1370 1028 1441 gratia
1052 1368 1098 1423 ha·

144 1452 258 1523 beatur,
287 1451 428 1511 debentur.
478 1446 526 1509 tt.
562 1446 725 1508 ¹⁰lluliones
752 1460 780 1509 et
811 1446 993 1508 ’institores¹l
1026 1454 1098 1507 inter

70 1534 253 1592 [⁴1¹1urnana·
268 1536 415 1591 ministeria
437 1537 627 1603 continentur;
650 1536 715 1591 item
738 1545 918 1611 opsonatores
933 1545 961 1591 et
976 1538 1097 1592 uestiarii

143 1629 171 1677 et
192 1619 303 1677 ’cellarii
312 1612 337 1652 ¹²
363 1626 390 1675 et
412 1617 565 1675 cubicularii
594 1626 623 1675 et
645 1621 738 1675 arcarii
760 1627 789 1675 et
810 1621 907 1694 coqui,
930 1621 1097 1692 placentarii,

142 1712 280 1776 tonsores,
302 1703 431 1777 pistores,
454 1702 591 1775 lecticarii,
613 1697 803 1760 'stabularii.¹³
844 1699 892 1760 73.
917 1697 1096 1760 uPaeonibus

143 1788 241 1862 legatis
256 1787 445 1861 quadrupedes
457 1803 551 1843 omnes
562 1788 744 1857 continentur,
757 1802 826 1860 quae
837 1789 972 1860 gregatim
984 1803 1098 1862 pascun-

143 1880 200 1928 tur.
241 1866 289 1928 74.
320 1864 477 1927 ¹⁵lumentis
499 1870 596 1943 legatis
620 1870 705 1926 boues
726 1886 782 1925 uon
805 1873 994 1927 continentur:
1021 1872 1098 1944 equis

142 1972 209 2012 uero
231 1954 328 2028 legatis
351 1970 432 2028 equas
456 1970 564 2027 quoque
586 1954 688 2027 placuit
709 1954 857 2023 contineri,
886 1953 984 2009 ouibus
1009 1962 1098 2009 autem

141 2040 241 2113 legatis
256 2039 318 2112 agni
333 2052 387 2094 non
402 2039 585 2108 continentur,
601 2038 652 2093 uisi
667 2035 794 2092 annuales
809 2038 872 2091 siut.
908 2032 955 2093 75.
973 2029 1095 2109 ¹⁶Grege

218 2228 238 2299 ¹)
251 2232 297 2283 Sic
314 2248 383 2282 nunc
401 2239 509 2282 auctore
523 2230 662 2294 Rudorffio
680 2230 716 2279 ud
734 2231 782 2294 lep.
797 2229 866 2280 Acii.
881 2245 909 2293 p.
923 2239 970 2280 495.
988 2243 1040 2293 pro
1059 2244 1098 2287 eo,

141 2305 213 2371 quod
227 2304 349 2353 &siccius
361 2302 474 2354 uolebat:
488 2303 591 2365 murrina
601 2303 705 2365 scripsi.
729 2301 825 2362 byssina
837 2300 899 2350 cetu.
910 2300 968 2349 edd.
1020 2296 1041 2364 ¹)
1059 2298 1097 2362 Os.

143 2376 177 2425 1..
191 2384 224 2427 tt.
244 2374 277 2423 D.
291 2374 323 2425 dc
337 2388 385 2425 usu
399 2380 424 2423 ct
438 2374 522 2437 usufr.
537 2371 583 2437 (aa,
597 2371 629 2436 9).
648 2372 680 2421 1..
696 2382 721 2423 tt
732 2373 778 2434 flu.
798 2371 830 2420 D.
845 2372 877 2420 dc
892 2372 967 2420 iactr.
981 2386 1004 2419 a.
1021 2372 1096 2421 iactr.

141 2444 230 2512 (99.9).
277 2441 352 2511 ⁸)Gs.
363 2444 395 2494 L.
405 2456 431 2496 91
442 2460 485 2507 pr.
500 2443 532 2493 l..
546 2454 581 2495 99.
600 2444 633 2493 Ι).
643 2444 676 2492 dc
684 2444 734 2508 lep.
743 2453 764 2493 9.
811 2439 834 2507 4)
847 2440 893 2491 Sic
903 2440 1097 2506 pleriquchd.

144 2516 227 2567 Seruis
245 2515 328 2578 legatis
347 2514 404 2565 edd.
441 2513 530 2565 Seruis
546 2516 706 2579 peneruliter
719 2528 771 2576 per
793 2512 980 2563 hunctionem
1006 2513 1099 2577 tepetis

144 2602 195 2637 uon
209 2586 285 2635 etium
299 2588 412 2636 cucillae
425 2585 488 2635 dari
502 2591 618 2647 possunt.
684 2581 706 2649 ὅ)
721 2582 854 2648 Inteltipe:
871 2584 1052 2647 appellatione.

143 2654 167 2724 ⁶)
181 2656 300 2721 Iutellipe
314 2657 399 2705 omnia
412 2657 542 2719 mancipia
556 2656 675 2705 testatori
685 2655 800 2717 fiduciae
814 2655 884 2711 data,
898 2654 952 2703 siae
966 2655 1035 2702 serui
1043 2653 1098 2702 ciue

140 2729 256 2779 ancillae
270 2728 349 2792 tepuit
361 2728 421 2775 sint.
446 2726 514 2774 datae
527 2726 588 2775 oda.
598 2725 657 2774 edd.
681 2724 757 2773 Licet
770 2726 837 2773 euim
850 2732 875 2773 et
889 2724 952 2774 leaeo
966 2725 1098 2786 mancipio

145 2798 278 2849 testatoris
295 2812 330 2846 esc
347 2798 406 2847 iure
427 2795 565 2856 Quiritium
582 2798 635 2845 stat
653 2796 760 2858 ideoque
777 2794 812 2844 do
826 2797 882 2859 lopo
897 2797 982 2860 lepori
996 2796 1099 2857 possint

142 2867 216 2935 (9.19.
227 2866 288 2933 69),
295 2868 415 2933 peperoli
423 2874 505 2916 tamea
515 2868 599 2931 lepato
608 2881 645 2915 ex
655 2866 782 2915 cententio
793 2866 849 2913 eius
862 2879 912 2915 non
925 2867 1097 2914 contineatur.

147 2940 185 3003 Cf.
200 2938 233 2987 J..
247 2950 268 2990 9.
283 2940 306 3000 ἕ.
321 2950 342 2989 9.
366 2932 731 3002 D.dcsupell.lep.(st‚10).
783 2932 895 2999 ¹)Licet
908 2937 969 2983 ruri
982 2950 1038 2984 cum
1053 2936 1098 2984 olo·

144 3012 212 3059 mino
227 3015 339 3073 speeies.
391 3004 412 3074 8)
427 3014 451 3056 et
466 3007 527 3057 oud.
542 3007 599 3056 cdd.
614 3006 750 3070 Intellipe:
763 3006 790 3054 iu
804 3006 947 3054 ministerio
956 3004 1097 3063 scribendi,

141 3096 210 3145 quae
228 3080 346 3129 domiuus
364 3077 440 3128 iubet.
473 3077 603 3142 Visipotlti
620 3078 680 3125 dum
698 3089 866 3124 amanuenses
884 3077 1098 3137 interpretantur,

143 3152 189 3215 qui
202 3150 238 3199 ad
251 3164 351 3199 manum
364 3150 488 3205 servium,
503 3162 531 3196 eo
547 3148 573 3197 iu
588 3154 612 3195 et
625 3152 794 3196 mutaverunt.
845 3141 867 3210 ⁹)
884 3145 922 3207 Os.
938 3145 969 3193 J..
984 3156 1018 3195 99.
1038 3145 1062 3205 ὅ.
1078 3158 1097 3194 t.

144 3221 176 3269 Ι).
192 3221 223 3269 dc
238 3222 285 3285 lep.
296 3231 316 3271 a
371 3215 403 3283 ¹⁰)
419 3219 458 3281 Cf.
469 3218 500 3267 L.
511 3229 544 3269 99.
559 3219 582 3279 5.
593 3229 613 3268 9.
633 3217 666 3265 D.
678 3218 711 3266 de
721 3218 768 3280 lep.
779 3227 800 3266 9.
823 3214 876 3264 Sed
885 3222 997 3278 praeter
1010 3229 1099 3264 servos

141 3298 169 3341 et
182 3292 287 3340 aucillis
301 3288 408 3339 wlanis
426 3289 519 3353 tepolis
537 3290 615 3338 aliter
633 3288 698 3337 hace
716 3301 768 3336 νοω
780 3286 919 3348 accipitur.
939 3285 971 3334 Ι..
985 3296 1020 3335 ar.
1039 3286 1062 3346 ἓ.
1079 3297 1098 3335 1.

143 3362 176 3410 D.
191 3361 247 3411 eod.
310 3356 343 3426 ιι)
359 3360 508 3409 institutores
517 3360 639 3423 plerique
654 3358 716 3407 cad.
738 3356 808 3422 Lupe
822 3363 946 3404 stratores.
1006 3350 1039 3419 ¹¹)
1054 3353 1099 3404 Sic

141 3433 227 3495 aliqui
241 3431 303 3481 cau.
319 3430 437 3480 cellararii
451 3431 511 3490 atii,
526 3429 583 3479 edd.
651 3424 684 3492 ι7)
701 3427 763 3477 cdd.
775 3442 859 3491 paene
872 3440 958 3476 omnes
971 3426 1097 3475 omittunt.

146 3498 180 3567 u)
196 3501 234 3566 Cf.
249 3501 281 3550 J..
296 3511 330 3553 es.
345 3502 368 3563 ἕ.
382 3512 403 3550 e.
423 3500 455 3549 D.
470 3500 502 3549 de
516 3502 565 3564 lep.
579 3511 600 3550 a.
654 3495 686 3563 ιὓ)
701 3498 740 3561 Cf.
755 3498 788 3545 L.
802 3509 836 3548 se.
851 3498 874 3558 i·
885 3508 905 3547 s.
926 3496 957 3544 D.
973 3496 1004 3544 dc
1019 3495 1097 3543 aedit.

141 3573 183 3623 ed.
194 3570 240 3639 (tr,
250 3571 281 3637 1).
295 3572 364 3624 Leo
374 3585 418 3634 pr.
434 3570 465 3619 L.
475 3580 510 3622 99.
525 3570 659 3634 lidelep.
668 3581 689 3620 9.
738 3563 770 3631 ¹⁶)
786 3568 824 3629 Cf.
835 3567 867 3616 L.
877 3578 910 3616 91.
926 3568 950 3629 5.
960 3576 980 3617 t.
997 3566 1028 3614 D.
1039 3566 1096 3615 eod.
