2542 3909
388 176 583 218 r.rn1sro.-
603 152 720 213 nnmnrvn
740 178 826 214 rnnrx.
1031 164 1092 229 145

479 330 515 395 T.
538 329 726 396 ARISTO

463 436 520 502 (suo
539 437 596 501 unp.
616 434 752 503 nuno).1

184 545 211 605 1.
235 546 264 601 ld
280 546 362 602 etiarn
377 546 486 601 memini
508 546 601 619 legere
616 562 659 602 me
681 547 709 601 in
733 546 801 603 libro
818 548 952 603 Aristonis
968 549 1093 604 iurecon-

120 633 199 705 sulti,
215 632 424 705 haudquaquam
440 630 543 686 indocti
559 632 622 703 uiri,
638 631 709 705 apud
725 640 834 688 ueteres
844 634 1005 707 Aegyptios,
1021 634 1094 706 quod

120 736 212 793 genus
228 718 369 773 horminum
384 724 494 772 constat
509 724 537 771 et
551 716 579 771 in
594 715 698 771 artibus
713 718 898 790 repperiendis
911 718 1037 774 sollertes
1049 734 1094 774 ex·

118 804 212 859 titisse
236 806 265 857 e't
291 802 319 856 iu
342 802 499 876 cognitione
521 817 613 857 rernm
636 800 847 875 indagandarom
869 819 994 875 sagaces,
1022 803 1094 860 lurta
1194 868 1195 872 Ἰ

120 890 215 945 omnia
235 886 321 942 luisse
340 879 413 942 lieita
434 895 462 942 et
481 887 629 958 inpoenita.
646 916 687 925 -
703 886 770 942 Gell.
790 886 839 957 11,
860 886 1021 958 18.§.16.
1053 888 1092 945 Gl.

120 972 235 1029 biodor.
253 971 307 1027 Sic.
326 970 361 1043 1,
376 971 427 1029 80.

9 1147 10 1218 l
76 1162 119 1215 ue]
406 1132 626 1199 tumultu
656 1132 807 1199 FELIX

459 1238 515 1306 (sub
534 1241 591 1303 imp.
611 1236 767 1305 Hadriano).²

471 1348 516 1403 nd
539 1347 569 1416 Q.
594 1348 749 1405 Mucium.

186 1466 212 1528 l.
234 1469 264 1523 ln
279 1466 348 1523 libro
360 1466 445 1523 Laelii
456 1465 553 1523 Felicis
570 1468 602 1523 ad
614 1466 646 1536 Q.
659 1466 776 1525 lineium
791 1468 879 1542 prirno
896 1468 1026 1541 scripturn
1043 1478 1095 1534 est,

121 1552 279 1610 Labeonem
288 1552 406 1610 scribere
418 1560 472 1609 eto.
480 1550 657 1625 (eisuprall.
666 1552 974 1609 AntistiomLabeonem
982 1569 1010 1609 n.
1018 1544 1095 1633 22).

122 1632 243 1695 ³lisdem
264 1638 391 1721 comitiis,
412 1653 481 1711 quae
503 1638 587 1693 calata
607 1638 738 1712 appellari
759 1638 884 1710 diximus,
907 1646 935 1693 et
957 1654 1096 1694 sacrorum

123 1724 273 1780 detestatio
289 1730 316 1778 et
331 1728 493 1777 testamenta
508 1720 567 1777 fieri
582 1722 717 1779 solebant.
742 1722 803 1777 Tria
814 1724 884 1779 enim
897 1739 997 1797 genera
1013 1728 1096 1779 testa·

124 1814 281 1865 mentorum
296 1808 380 1863 luisse
392 1808 559 1880 accepimus:
575 1824 671 1878 unum,
688 1807 862 1881 quodcalatis
873 1808 990 1865 comitiis
1006 1810 1033 1863 in
1048 1825 1097 1881 po·

125 1892 188 1967 puli
198 1893 324 1948 contione
340 1890 429 1962 fieret,
444 1890 558 1947 alterurn
571 1893 598 1947 im
610 1893 765 1965 procincto,
781 1909 842 1948 oum
853 1894 903 1947 oiri
918 1892 950 1947 ad
961 1893 1097 1965 proelium

128 1976 278 2032 laciendum
288 1979 316 2033 in
326 1978 411 2033 aciem
423 1975 601 2048 uocabantur,
618 1978 728 2032 tertium
741 1993 792 2049 per
800 1976 915 2033 familiae
924 1978 1097 2051 mancipatio·

130 2077 204 2131 nem,
222 2062 264 2119 coi
278 2080 323 2118 aes
339 2070 367 2118 et
382 2061 450 2117 libra
465 2061 649 2117 adhiberetur.
665 2091 707 2101 —
721 2060 789 2116 Gell.
809 2061 858 2133 15,
875 2062 926 2118 27.
941 2061 989 2133 38.
1005 2062 1097 2120 1-3.

195 2144 224 2205 2.
244 2146 274 2202 ln
289 2146 385 2203 eodem
400 2144 482 2202 baelil
498 2144 593 2201 Felicis
609 2144 679 2201 libro
695 2144 761 2200 haec
775 2146 877 2219 scripta
889 2154 966 2201 suut:
989 2144 1036 2217 ‘ls,
1052 2150 1098 2219 qui

130 2248 188 2287 non
210 2225 396 2287 'uniuersum⁴
419 2231 560 2306 populum,
583 2229 630 2285 sed
648 2238 751 2303 partem
770 2229 886 2303 aliquam
903 2231 997 2286 adesse
1012 2229 1098 2305 iubet,

130 2333 187 2372 non
201 2317 320 2388 comitia,
330 2317 378 2372 sed
390 2316 533 2373 concilium
545 2315 652 2373 edicere
665 2313 755 2370 debet.
784 2314 896 2371 Tribuni
907 2322 997 2371 autern
1009 2330 1097 2387 neque

131 2400 269 2457 aduocant
284 2404 422 2475 patricios,
443 2417 533 2474 neque
548 2401 581 2456 ad
597 2418 645 2457 eos
660 2392 794 2456 ’referre⁵
808 2400 863 2455 ulla
878 2400 912 2458 de
927 2418 957 2456 re
972 2410 1097 2474 possunt.

128 2486 170 2541 lta
185 2502 220 2541 ne
235 2486 312 2560 leges
328 2486 435 2559 quidem
450 2486 571 2561 proprie,
593 2486 640 2542 sed
657 2484 810 2559 plebisscita
826 2486 1007 2559 appellantur,
1030 2504 1100 2560 quae

131 2569 249 2627 tribunis
270 2570 358 2645 plebis
381 2570 530 2628 serentibus
553 2580 664 2645 accepta
687 2576 763 2626 sont:
787 2570 884 2644 quibus
909 2571 1098 2646 rogationibus

129 2663 195 2712 ante
216 2658 324 2730 patricii
345 2673 401 2712 non
425 2654 601 2728 tenebantur,
629 2656 718 2711 donee
741 2652 771 2722 Ο.
795 2654 958 2713 Hortensius
981 2656 1099 2715 dictator

128 2740 220 2813 legem
235 2741 308 2813 tulit,
329 2749 359 2797 ut
376 2758 409 2797 eo
425 2743 495 2812 iure,
516 2741 589 2814 qnod
608 2740 686 2815 plebs
702 2742 852 2815 statuisset,
870 2759 963 2799 omnes
979 2740 1098 2809 Quirites

128 2825 317 2883 tenerentur’.
333 2856 374 2867 -
389 2825 457 2882 Gell.
476 2825 526 2898 15,
542 2826 592 2883 27.
608 2826 635 2897 S.
652 2826 682 2881 4.

207 2975 227 3045 ¹)
250 2979 311 3029 Vid.
330 2986 369 3029 esi
386 2980 418 3029 de
436 2979 486 3029 boe
500 2979 558 3029 Ian.
573 2979 638 3031 Just.
653 2980 790 3031 Ensebede
806 2982 838 3031 de
856 2980 883 3031 T.
898 2982 1023 3032 Aristone
1040 2982 1099 3033 [Oto

130 3049 204 3101 Rom.
219 3050 252 3099 J..
267 3050 298 3099 B.
314 3062 373 3102 1829.
387 3063 407 3102 4.
466 3046 487 3116 ²)
500 3049 602 3115 Sequor
616 3067 770 3102 communem
783 3055 929 3116 opinionem
943 3068 1039 3113 eornm,
1055 3056 1100 3118 qni

127 3122 200 3172 Itone
210 3122 318 3173 eundern
326 3121 448 3172 Laelium
457 3137 512 3172 eree
521 3129 646 3182 statuunt,
662 3126 737 3173 euius
747 3124 774 3173 in
786 3124 815 3175 l..
825 3136 844 3176 t.
863 3125 895 3177 D.
901 3126 926 3174 si
935 3139 1004 3187 pore
1013 3124 1099 3174 bereti.

128 3191 163 3259 (⁵,
172 3192 204 3259 n)
214 3194 307 3243 mentio
318 3195 364 3257 fit:
382 3210 526 3259 quanquam
542 3195 569 3243 in
583 3194 632 3245 boe
642 3197 772 3259 scriptore
786 3198 872 3245 omnia
884 3197 986 3245 incerta
1000 3202 1061 3245 euni
1075 3201 1100 3243 et

129 3266 215 3329 praem
229 3280 328 3325 nomen,
344 3267 444 3329 quoties
457 3274 678 3325 commemorator,
698 3268 725 3315 in
740 3265 816 3316 libris
830 3282 887 3317 nese.
902 3267 1029 3317 variatur.
1059 3265 1098 3326 Os.

129 3336 259 3385 Zimrnern
268 3336 328 3388 bist.
339 3338 389 3387 iur.
401 3336 474 3388 Rom.
486 3337 503 3385 l.
514 3338 537 3398 5.
548 3348 581 3387 89.
595 3344 621 3386 et
634 3340 745 3402 interpr.
754 3337 790 3386 od
802 3338 863 3389 Geli.
874 3348 907 3396 15,
918 3348 951 3388 at.
990 3334 1010 3405 fl)
1025 3336 1101 3385 Haeo

129 3422 230 3472 quoqne
245 3422 280 3457 err
293 3409 382 3458 eodem
395 3409 462 3459 libro
473 3410 557 3471 petita
571 3423 635 3470 eoae,
650 3412 696 3461 oin
710 3407 846 3472 dubitabit,
861 3410 906 3474 qui
914 3410 1103 3458 sententiarum

129 3494 227 3528 nemum
236 3480 369 3544 ipsumque
378 3482 427 3540 rei,
437 3481 470 3529 de
479 3495 530 3543 quo
539 3480 637 3543 opinor,
650 3486 828 3549 argumentum
838 3481 1006 3545 reputaverit.
1043 3474 1067 3543 ⁴)
1076 3479 1106 3522 ui

129 3550 270 3600 uniuersum
279 3552 318 3602 ed.
328 3551 417 3603 Hertz.
455 3548 476 3615 ὀ)
488 3549 596 3601 Retinui
604 3554 655 3603 iarn
667 3552 729 3605 odd.
737 3552 903 3615 scriptoram.
914 3550 978 3601 ierre
988 3552 1045 3603 edd.
1054 3560 1074 3597 1.
1085 3554 1109 3593 2.

180 3652 280 3687 meon.
293 3654 374 3688 mn.
387 3656 439 3688 m.
453 3654 492 3685 ιο.
505 3652 528 3684 r.
864 3637 896 3689 10
