2542 3909
148 182 192 239 50
490 188 517 221 u.
536 186 647 222 uvnmvs
665 186 766 222 crosno.

148 324 214 373 sunt
228 316 333 376 omnia;
355 327 405 367 nec
424 311 498 367 tollit
519 312 704 368 castimoniam
720 313 858 385 corporis,
873 311 921 369 sed
936 312 989 369 boc
1003 321 1115 387 oportet

147 397 280 471 intellegi,
299 412 381 469 quom
394 393 509 451 muitum
522 398 624 452 animus
636 397 744 469 corpori
755 403 876 469 praestet
888 395 1113 471 obserueturque,

148 490 180 539 nt
194 488 266 538 casta
282 496 398 553 corpora
413 478 606 552 adhibeantur,
628 479 715 535 multo
731 494 791 535 esse
805 481 834 536 in
849 482 945 537 animis
959 480 987 535 id
1001 496 1114 537 seruan-

148 567 212 623 dum
227 565 328 638 magis:
346 580 406 620 nam
421 561 488 619 iilud
504 563 548 619 uel
563 564 720 637 aspersione
731 580 816 638 aquae
827 564 872 621 uel
884 564 988 621 dierum
1000 581 1114 622 numero

148 643 310 724 repolitur¹3
334 648 412 703 animi
435 646 509 703 labes
530 664 576 703 reo
596 647 775 703 diuturnitate
789 664 952 705 euanescere
967 666 1017 706 nec
1031 652 1116 706 amni·

148 734 199 790 bus
228 734 290 787 ullis
319 733 373 799 elui
401 739 503 803 potest.
547 728 594 788 25.
624 732 699 805 quod
721 741 810 789 autem
831 734 959 807 pietatem
982 732 1114 804 adhiberi,

150 834 215 891 opes
244 818 365 873 amoueri
387 815 473 889 iubet,
496 814 631 889 significat
653 815 817 889 probitatem
840 824 943 890 gratam
965 834 1026 873 esse
1047 818 1112 890 deo,

150 907 289 975 sumptum
300 918 361 957 esse
373 900 582 956 remouendum:
599 901 645 974 qui
658 901 728 955 enim
737 909 925 975 paupertatem
937 918 997 958 cum
1010 902 1114 958 diuitiis

148 988 228 1043 etiam
243 988 315 1041 inter
336 986 458 1042 homines
480 1000 540 1040 esse
561 984 700 1057 aequalem
715 984 847 1057 uelimus,
867 1003 916 1042 cur
930 1002 986 1041 eam
1003 995 1115 1060 sumptu

148 1070 181 1125 ad
202 1086 277 1127 sacra
297 1069 388 1126 addito
410 1068 522 1125 deorum
544 1069 618 1124 aditu
639 1070 792 1125 arceamus?
812 1072 970 1142 praesertim
985 1086 1047 1126 curn
1061 1072 1116 1145 ipsi

149 1154 200 1211 deo
217 1154 284 1210 nihil
300 1155 388 1208 minus
404 1160 510 1225 gratum
526 1153 649 1209 futurum
663 1153 699 1209 sit
713 1170 793 1226 quam
812 1169 868 1209 non
880 1154 1005 1209 omnihus
1020 1164 1116 1227 patere
1155 1154 1160 1161 '

149 1239 181 1293 ad
204 1252 233 1293 se
253 1236 413 1311 placandum
435 1244 462 1292 et
483 1236 625 1292 colendum
648 1237 729 1293 uiam.
759 1238 833 1310 quod
848 1246 938 1293 autem
953 1254 1008 1294 non
1022 1238 1113 1310 iudex,

149 1320 196 1377 sed
212 1321 301 1377 deus
294 1337 353 1394 rpse
367 1319 464 1376 uindex
480 1323 666 1393 constituitur,
686 1323 838 1394 praesentis
849 1338 952 1395 poenae
966 1331 1042 1378 metu
1052 1322 1116 1379 reli·

151 1407 197 1479 gio
213 1403 366 1462 confirmari
382 1404 500 1460 uidetur.

214 1490 285 1546 Suos
307 1482 470 1563 (quos)que²
489 1487 556 1544 deos
572 1496 618 1543 aut
633 1505 722 1544 nouos
737 1497 783 1545 aut
798 1489 963 1563 alienigenas
977 1489 1031 1546 coli
1047 1507 1115 1547 con-

149 1573 284 1630 fusionem
300 1572 381 1628 habet
391 1572 553 1657 religionum
564 1580 592 1627 et
603 1573 711 1646 ignotas
723 1574 898 1629 caerimonias
909 1572 1116 1632 ’sacerdotibus

150 1652 197 1716 26.
220 1674 284 1714 suos
308 1672 375 1712 uero
397 1633 427 1711 a³
448 1656 570 1731 patribus
593 1665 719 1729 acceptos
740 1656 807 1713 deos
829 1659 867 1713 lta
888 1658 979 1731 placet
1000 1658 1069 1730 ooli,
1092 1661 1116 1715 si

149 1742 213 1799 huic
228 1742 282 1816 legi
298 1742 455 1816 paruerint
448 1743 500 1814 rpsi
515 1749 615 1814 potres.

214 1824 330 1882 Delubra
352 1840 411 1881 esse
432 1827 459 1881 in
475 1824 587 1881 urbibus
603 1842 711 1895 censeo,
730 1841 783 1881 nec
798 1842 901 1899 sequor
913 1826 1008 1899 blagos
1022 1826 1116 1883 Persa·

149 1929 227 1982 rum,
249 1909 347 1983 quibus
369 1908 526 1965 auctoribus
548 1909 648 1965 Xerxes
668 1908 847 1966 inflammasse
867 1910 967 1984 templa
989 1912 1116 1969 Graeciae

150 1996 257 2064 dicitur,
279 1992 352 2066 quod
367 1993 516 2065 parietibus
530 1993 701 2050 includerent
719 1994 797 2066 deos,
818 1994 916 2068 quibus
931 1996 1020 2051 omnia
1034 1995 1116 2052 debe·

150 2087 212 2137 rent
226 2094 286 2134 esse
301 2079 420 2151 patentia
435 2094 466 2135 ac
481 2078 564 2134 libera
579 2094 749 2153 quorumque
766 2078 937 2135 hiomundus
948 2081 1036 2135 omnis
1048 2087 1115 2136 tem·

150 2164 225 2238 plum
247 2170 319 2218 esset
340 2169 367 2219 et
388 2162 493 2219 domus.
524 2162 566 2217 Xl.
589 2162 683 2218 lfelius
705 2162 776 2218 Graii
795 2170 877 2236 atque
897 2161 995 2235 nostri,
1016 2164 1063 2237 qui
1084 2170 1116 2219 ut

151 2254 282 2323 augerent
303 2247 432 2321 pietatem
447 2249 475 2302 in
491 2247 567 2317 deos,
584 2246 691 2303 easdem
706 2247 767 2302 illos
783 2245 868 2319 urbis,
883 2264 950 2321 quas
965 2264 1026 2316 nos,
1041 2249 1116 2303 inco·

150 2332 207 2388 lere
223 2332 386 2398 uoluerunt;
403 2330 491 2387 adfert
505 2332 576 2407 enim
591 2331 659 2387 haec
667 2333 760 2403 opinio
772 2332 933 2404 religionem
943 2330 1037 2387 utilem
1049 2332 1116 2387 ciui·

151 2415 268 2471 tatibus:
284 2416 308 2469 si
323 2412 431 2487 quidem
449 2423 476 2469 et
488 2413 555 2469 illud
567 2413 635 2469 bene
647 2413 747 2469 dictum
757 2424 824 2471 esta
835 2415 998 2489 Pythagora,
1014 2413 1117 2471 doetis-

150 2501 218 2555 simo
241 2500 312 2569 uiro,
335 2506 393 2553 tum
414 2512 536 2553 maxume
558 2506 584 2552 et
604 2498 732 2569 pietatem
754 2506 781 2555 et
796 2499 955 2573 religionem
969 2500 1074 2555 uersari
1087 2500 1115 2555 in

151 2583 256 2656 animis,
279 2597 339 2637 cum
364 2582 445 2637 rebus
463 2581 560 2636 diuinis
582 2598 690 2654 operam
712 2581 847 2651 daremus,
869 2591 897 2640 et
919 2582 992 2657 quod
1007 2582 1115 2655 Thales,

152 2669 197 2741 qui
208 2666 423 2740 sapientissimus
433 2666 459 2720 in
472 2674 575 2739 septem
593 2659 670 2736 fuit,4
683 2666 806 2723 homines
823 2669 975 2724 existimare
987 2676 1116 2740 oportere

151 2754 250 2822 omnia,
268 2746 362 2823 (quoe)
380 2758 532 2817 cernerent,
547 2749 660 2807 deorum
676 2767 735 2807 esse
750 2751 844 2825 plena3
866 2752 926 2808 fore
941 2753 1012 2806 enim
1027 2753 1115 2807 omnis

150 2838 280 2894 castiores
308 2834 446 2908 uelutique
474 2836 502 2890 in
523 2834 591 2890 fanis
612 2844 719 2906 essent,
741 2838 853 2891 maxime
871 2829 1051 2910 religiosos35
1073 2843 1117 2891 est

150 2922 221 2977 enirn
243 2918 373 2992 quaedam
395 2920 522 2992 opinione
536 2921 641 2993 species
656 2919 768 2976 deorum
789 2922 817 2975 in
838 2920 935 2992 oculis,
956 2936 1011 2976 non
1025 2920 1116 2975 solum

150 3006 178 3061 in
200 3002 343 3061 mentibus.
378 2999 426 3061 2⁷.
449 3004 613 3077 eandemque
635 3006 768 3061 rationem
788 3004 843 3060 luci
865 3004 963 3061 babent
983 3005 1011 3059 in
1027 3005 1116 3078 agris,

150 3106 239 3163 neque
259 3105 299 3161 ea,
321 3104 389 3162 quae
409 3089 588 3145 amatoribus
609 3088 715 3163 prodita
739 3096 782 3143 est
796 3104 857 3145 cum
873 3088 988 3145 dominis
1003 3097 1062 3144 turn
1078 3087 1116 3143 fa·

150 3175 241 3246 usulis,
266 3174 355 3247 posita
370 3175 397 3229 in
413 3173 489 3230 fundi
505 3174 640 3247 uillaeque
654 3180 803 3247 conspectu
814 3173 911 3247 religio
923 3172 1020 3227 barum
1035 3189 1117 3246 repu-

224 3302 243 3371 1)
258 3306 349 3355 tollitur
362 3304 414 3354 AB
426 3306 483 3355 edd.
519 3300 542 3371 ²)
556 3319 660 3369 suosque
675 3304 700 3352 Α
714 3320 794 3369 suosq.
810 3303 836 3352 B
847 3304 905 3354 edd.
939 3300 960 3370 ³)
975 3319 1019 3353 nos
1034 3319 1118 3354 sacer-

151 3378 246 3427 dotibus
264 3385 293 3425 na
315 3376 366 3425 AB
382 3392 426 3426 nos
446 3376 620 3425 sacerdotibus.
643 3390 697 3424 nam
716 3391 733 3424 a
752 3375 791 3425 ed.
803 3374 834 3425 V.
867 3373 889 3440 ⁴)
903 3374 979 3425 Adde
995 3372 1056 3424 ‘uit’
1077 3378 1118 3425 vel

152 3445 245 3498 ‘dimit'
277 3445 298 3515 ⁶)
308 3448 354 3497 En
367 3446 479 3497 fbrnebi
488 3449 521 3510 ct.
532 3446 606 3495 ueluti
620 3461 693 3510 quom
708 3448 731 3496 in
746 3447 807 3496 fanis
818 3453 898 3495 essent
908 3447 1009 3495 maxime
1019 3446 1117 3509 religio-

151 3519 184 3569 sis
199 3519 238 3569 ed.
259 3519 289 3569 V.
373 3544 376 3551 ·
