2542 3909
389 226 446 262 om
463 227 555 265 marm.
574 209 620 263 IV·
641 216 789 266 111-114.
999 210 1066 276 383

111 353 166 418 111.
189 355 341 429 Aliquando
369 364 457 414 tamen
479 366 507 415 et
531 363 665 431 perpetuo
687 373 738 415 eas
756 359 823 428 dat,
844 362 922 418 uelut
943 352 1064 432 quidus¹

112 442 231 498 imitatur
246 441 288 496 ius
303 440 469 515 legitimum:
493 441 586 515 quales
607 450 743 512 sunteas,
759 436 843 516 quas²
862 445 1065 502 daldianorum

107 524 318 596 possessoribus
333 527 493 599 ceterisque,
510 527 556 598 qui
570 525 677 581 heredis
692 525 753 584 loco
769 533 833 582 sunt
848 542 916 584 eone
932 527 1064 600 efficiun-

113 602 186 665 turi.
211 606 296 679 soriti
313 625 423 683 quoque
437 609 570 665 manifesti
585 610 668 682 actio,
690 610 813 683 quamuis
829 625 862 666 er
882 611 966 684 ipsius
988 627 1064 685 prae·

113 694 178 748 toris
200 691 386 749 iurisdictione
407 691 611 767 proficiscatur,
631 700 765 768 perpetuo
791 693 886 762 datur;
908 701 937 750 et
956 696 1063 765 merito,

111 774 181 834 'oum
196 771 326 833 tantum⁴
340 794 390 850 pro
406 777 512 850 capitali
527 793 613 850 poena
627 777 783 850 pecuniaria
799 779 947 834 constituta
962 779 1007 834 sit.

39 861 101 911 [³0⁰]
171 856 231 918 ua
253 854 371 916 Contra⁵
389 877 445 917 mon
466 877 560 916 omues
584 862 718 931 actiones,
743 875 811 934 quae
832 862 860 916 in
881 861 995 934 aliquem
1018 869 1065 918 aut

109 946 168 1019 ipso
184 945 244 1000 iure
259 953 412 1016 conpetunt
432 951 480 1000 aut
499 960 514 999 a
528 953 654 1018 praetore
676 945 783 1014 dantur,
801 945 882 1000 etiam
896 945 924 999 ln
939 943 1066 1000 heredem

110 1045 200 1102 oeque
226 1036 376 1102 conpetunt
401 1035 448 1084 aut
466 1027 523 1083 dari
549 1027 653 1084 solent:
677 1036 718 1084 est
740 1028 811 1082 enim
831 1028 979 1084 sontissima
999 1027 1065 1083 iuris

110 1112 217 1187 regula,
232 1128 265 1169 ex
279 1111 411 1169 maleficio
425 1106 554 1186 poenales
569 1112 689 1167 actiones
711 1112 739 1166 iu
760 1110 885 1167 heredem
900 1127 951 1168 neo
965 1126 1065 1185 conpe-

110 1205 166 1254 tere
181 1212 231 1253 neo
246 1195 301 1251 dari
322 1196 424 1263 solere,
442 1195 517 1250 uelut
537 1195 613 1261 lorti,
628 1195 656 1249 ui
674 1194 805 1252 bonorum
826 1204 976 1268 raptorum,
992 1197 1063 1252 iuiu-

108 1281 221 1350 riarum,
236 1278 325 1334 damni
339 1280 464 1334 iniuriae:
480 1278 527 1334 sed
548 1277 641 1333 heredi
662 1278 792 1350 defuncti
798 1271 810 1312 ⁶
824 1279 950 1337 uidelicet
964 1281 1065 1338 actoris

108 1361 265 1420 huiusmodi
280 1362 399 1418 actiones
416 1369 572 1435 competunt
594 1378 644 1417 neo
665 1361 842 1437 denegantur,
863 1371 974 1438 excepta
994 1366 1063 1422 iniu-

107 1444 1063 1516 mmmmmmmmmfflmmmmoffl.

108 1527 260 1603 Aliquando
273 1535 362 1584 tamen
376 1524 479 1601 (eiiam)
492 1544 523 1584 er
534 1538 674 1588 contractu
686 1533 755 1588 actio
767 1549 855 1606 neque
867 1532 961 1590 heredi
974 1549 1064 1606 neque

108 1616 138 1671 lu
150 1612 277 1670 heredem
288 1613 424 1686 conpetit:
441 1629 501 1669 uam
513 1613 714 1689 adstipulatoris
729 1615 807 1673 heres
818 1633 873 1673 non
889 1618 970 1674 habet
981 1617 1062 1674 aetio·

108 1688 1061 1773 mmmMfflmmmmfflmmmmemmmn

170 1774 1062 1856 Udfflfflmssmffimmmdmmmmwmmm

182 1948 202 2016 ¹)
218 1949 262 1998 Ex
276 1963 330 1998 mea
340 1951 373 2011 ej.
389 1953 497 1999 reetitui.
518 1950 603 1999 Multa
612 1951 667 1998 otia
677 1951 711 2011 ej.
721 1947 768 2012 Bp.
779 1949 818 1996 ed.
829 1958 850 1999 1.
898 1944 919 2013 ²)
932 1945 1061 2011 ‘praetor'

109 2021 185 2070 addit
197 2021 237 2069 ed.
252 2018 309 2085 Bp„
323 2021 393 2083 quod
405 2036 452 2070 nee
465 2023 492 2068 in
507 2019 570 2068 lust.
585 2020 689 2082 lepidae.
741 2014 762 2081 θ)
777 2018 850 2067 Haeo
864 2019 940 2067 lectio
954 2016 1065 2067 Soluedis

111 2091 203 2141 Go'sed.
208 2092 267 2154 fere
275 2092 399 2139 convenit.
415 2106 444 2139 eo
451 2091 571 2153 inteilepe
581 2103 610 2136 eo
621 2088 686 2149 ipso,
697 2086 880 2150 quodpraetor
890 2087 937 2135 Itos
948 2090 1064 2137 actiones

109 2163 169 2218 dat,·
179 2162 289 2225 proprie
296 2163 362 2210 enim
371 2160 572 2224 praedixerim
582 2163 708 2220 praetore
720 2162 824 2204 vocatos
836 2170 886 2205 non
897 2163 994 2204 tantum
1004 2157 1026 2204 b.
1034 2171 1062 2219 p.

108 2231 188 2296 emis,
197 2231 233 2297 11)
248 2232 295 2280 sed
306 2233 382 2280 etiam
391 2233 507 2280 actiones
521 2242 555 2276 em
568 2243 600 2276 ea
609 2225 696 2276 dando
706 2225 827 2274 heredum
837 2227 893 2274 loco
903 2225 981 2287 efflei.
1008 2222 1064 2275 ‘ac-

109 2299 261 2353 commodat'
277 2301 340 2351 lost.
356 2308 458 2351 ceterae
471 2299 529 2348 edd.
580 2294 601 2362 ⁴)
617 2293 684 2360 o(==
694 2295 757 2360 oram)
770 2295 796 2345 (ἶ.
811 2296 868 2345 edd,
884 2297 953 2360 qood
963 2296 1063 2358 factum

104 2380 170 2437 puto
180 2388 214 2422 ex
222 2379 264 2430 ott,
274 2373 349 2436 qnasi
358 2378 424 2420 esset
430 2378 468 2419 ed.
506 2367 527 2435 ⁶)
535 2367 580 2417 Ex
588 2366 689 2416 Biullm.
697 2365 789 2417 Selled.
800 2381 945 2430 quanquam
955 2366 991 2416 toi
999 2367 1065 2418 leaeo

109 2450 171 2494 nota
180 2445 207 2492 in
218 2445 270 2506 fine
281 2442 463 2506 praecedentis
472 2439 544 2488 verbi
553 2446 578 2488 et
587 2452 676 2488 uersus
683 2439 772 2502 posita
781 2439 823 2487 sit.
850 2436 930 2488 Gaias
936 2452 1064 2502 persona·

109 2514 356 2564 rumsueeessionem
364 2512 469 2575 opponit
476 2511 596 2572 temporis
604 2510 710 2560 rationi.
726 2508 777 2559 Non
785 2516 864 2560 autem
871 2507 935 2560 Iasi.
946 2509 997 2560 Non
1005 2511 1062 2560 edd.

110 2581 132 2649 ⁰)
153 2583 189 2634 Ob
208 2585 366 2648 incopnitam
387 2582 439 2631 sibi
460 2582 552 2646 sipiani
568 2581 756 2644 [superposita
773 2596 800 2640 c,
819 2596 870 2644 qua
889 2581 916 2630 in
936 2580 980 2631 di.
1004 2581 1063 2632 Vat.

108 2654 209 2720 syllaba
223 2655 277 2703 lunc
291 2654 439 2716 saepissime
452 2658 565 2710 notatur,
580 2650 707 2700 librarius
717 2658 778 2715 post
791 2651 840 2701 h'di
851 2649 896 2716 (=
906 2652 1000 2716 heredi)
1010 2652 1065 2702 dem

104 2741 157 2790 pro
167 2725 225 2775 deiti
235 2724 274 2774 dis
286 2725 424 2786 scripsisse
435 2723 545 2780 uidetur,
559 2729 706 2786 tantumque
715 2723 832 2772 dubitari
838 2730 930 2786 potest,
941 2739 975 2772 aa
985 2723 1064 2773 uerba

109 2797 154 2845 del.
166 2796 212 2845 rid.
224 2802 269 2844 aot
280 2793 365 2845 Iastia.
380 2795 510 2859 ipporata,
526 2808 590 2856 qnae
604 2800 687 2843 tamen
701 2793 829 2843 heredibus
840 2808 892 2857 pro
902 2795 985 2844 heredi
999 2797 1064 2844 male

105 2865 239 2931 praebent,
250 2881 301 2930 pro
313 2868 464 2930 plassemate
474 2863 591 2913 labenda
604 2865 665 2913 sint.
713 2861 734 2929 τ)
751 2864 842 2915 Potius
852 2871 981 2930 seipsam,
996 2865 1065 2930 quod

108 2945 186 2987 antea
199 2938 347 3000 suspicatus
355 2951 433 2993 eram,
444 2941 504 2984 nota
514 2951 536 2983 o.
547 2940 629 2983 contra
641 2936 668 2983 in
680 2933 705 2984 0.
717 2936 802 2998 foisse
816 2936 926 2986 videtur.
948 2932 993 2984 ‘et’
1005 2935 1063 2984 edd.

110 3003 131 3073 ⁸)
144 3009 253 3066 scilieet,
268 3015 296 3056 ut
309 3009 391 3056 iocum
406 3006 438 3055 de
450 3005 596 3056 ardoribus
609 3004 777 3056 absolvamus.

107 3129 321 3142 ——.-—-

179 3195 203 3268 ξ.
221 3200 366 3260 11131.
382 3212 402 3250 1,
422 3199 443 3248 Ι.
463 3199 495 3248 ib.
516 3214 572 3248 eum
595 3197 704 3261 lireople.
731 3197 769 3262 Cf.
784 3197 815 3247 L.
832 3209 878 3249 111.
902 3199 925 3260 ἕ.
945 3210 964 3248 1.
985 3197 1017 3247 D.
1032 3198 1065 3248 de

108 3287 162 3336 rep.
178 3273 229 3318 iur.
245 3268 290 3334 (50,
305 3269 349 3336 11).
400 3266 426 3339 ξ.
442 3273 501 3320 113.
523 3269 561 3331 Cf.
576 3270 599 3330 ἕ.
615 3281 636 3319 1.
652 3269 673 3318 Ι,
689 3270 987 3331 eit.supraa,114.1to.

179 3337 205 3410 ξ.
222 3344 280 3390 tta.
306 3341 345 3404 Cf.
364 3342 388 3402 ἕ.
408 3353 427 3391 1.
447 3339 517 3389 Lib.
536 3350 713 3402 1111111180.
733 3340 756 3400 ἕ.
773 3351 807 3389 11.
827 3337 895 3388 nae
909 3345 959 3386 act.
975 3336 1011 3403 (t,
1030 3335 1063 3402 1).

108 3411 140 3460 L.
153 3423 178 3462 11
189 3413 235 3473 fin.
251 3411 282 3460 D.
297 3413 330 3461 de
340 3426 449 3474 procur.
464 3409 495 3475 (1,
509 3409 540 3476 1).
561 3410 592 3458 L.
607 3420 642 3460 25.
657 3409 688 3458 D.
705 3410 736 3460 de
750 3410 809 3458 dolo
824 3407 855 3473 (4,
870 3407 900 3473 1).
916 3407 947 3455 L.
958 3419 991 3458 11.
1008 3408 1031 3469 5.
1042 3419 1063 3456 1.

108 3482 140 3531 D.
155 3482 188 3531 de
201 3484 276 3532 solut.
292 3481 336 3546 (ro,
351 3480 382 3545 1).
397 3481 429 3530 L.
443 3493 465 3533 t.
480 3481 511 3530 D.
528 3481 607 3529 tudio.
621 3481 688 3529 solui
701 3479 745 3542 (41,
761 3477 791 3542 a).
807 3505 839 3514 -
855 3478 886 3526 L.
902 3489 936 3527 11.
951 3478 974 3537 5.
990 3487 1009 3526 a.
1030 3475 1062 3524 Ι).

109 3554 140 3602 de
155 3567 225 3602 usur.
241 3551 285 3618 (11,
301 3552 331 3618 1).
349 3553 379 3600 L.
391 3563 420 3603 ao
429 3566 473 3614 pr.
493 3551 526 3599 D.
540 3552 572 3599 de
587 3550 661 3599 cond.
677 3549 760 3599 indeb.
776 3549 820 3612 (11,
835 3548 866 3611 a).
