2542 3909
145 189 209 255 364
434 206 492 242 om
509 206 607 244 iussin.
626 188 674 244 IV.
694 194 824 249 52¹-532,

147 350 258 405 missum
274 356 327 409 est.
350 357 378 404 nt
393 350 415 403 si
431 342 523 405 etium¹
541 353 655 407 toxotio
667 352 764 420 posito
777 367 835 405 uon
846 353 894 421 sit,
911 357 916 411 t
932 351 1034 423 quanti
1045 352 1114 407 uelit

147 435 342 491 condemnare
354 441 458 505 potest.
488 431 550 493 52⁸.
580 435 659 490 Unde
675 438 758 507 quia,
780 437 858 508 quod
873 438 957 506 petit,
973 443 979 497 1
995 435 1041 507 qni
1057 434 1114 491 ior·

147 518 246 578 mulum
268 518 382 590 accipit,
404 518 545 575 intendere
566 518 664 587 debet,
688 517 747 575 'nec
762 521 889 591 empitius
908 522 998 576 iudeo
1012 513 1113 592 quum²

148 610 221 660 certe
242 601 469 659 condemnatione
490 604 708 677 constringitur,
730 605 782 660 sed
795 618 850 660 nec
867 606 871 671 Ι
886 608 986 660 iterum
1002 604 1115 660 eandem

145 689 299 762 formulam
325 689 437 761 accipit,
464 692 514 760 qui
535 692 606 762 epit,
635 694 663 743 et
684 692 714 745 in
736 690 983 755 condeminutionc
1008 697 1114 745 centum

145 776 312 845 pecuniam,
327 790 414 845 quom
420 777 503 844 petit,
515 788 629 845 ponere
640 774 730 843 debet,
748 789 785 829 ne
800 780 1000 847 consequatur
1013 777 1114 837 minius

148 874 228 932 quant
245 851 337 913 uelit.³

211 936 259 999 53.
277 940 304 996 Si
321 942 382 1013 quis
397 941 550 999 intentione
565 942 627 1016 plus
643 941 793 1016 conplexus
805 942 899 1013 inerit,
915 958 1007 1000 causo
1019 944 1113 1009 coditi

147 1028 173 1083 id
190 1036 231 1083 est
247 1042 302 1081 nem
319 1025 418 1099 perdit,
440 1042 490 1082 nec
506 1044 520 1083 a
536 1034 664 1100 praetore
678 1028 706 1081 in
722 1027 861 1101 integrum
875 1028 1047 1099 restituitur,
1068 1044 1115 1083 cx·

148 1112 235 1186 ceptis
256 1109 417 1184 quibusdum
436 1110 559 1180 casibus,
581 1114 609 1168 in
629 1112 730 1184 quibus
750 1128 846 1168 omnes
866 1119 983 1169 actores
1002 1119 1115 1184 praetor

148 1214 203 1253 non
224 1188 342 1270 patitur⁴
363 1195 403 1255 oth
426 1210 552 1252 errorem
568 1212 651 1253 suum
674 1198 779 1253 damno
794 1196 895 1269 osrich
915 1214 984 1252 nam
998 1200 1114 1253 minori·

148 1284 201 1338 irus
221 1294 291 1338 XXV
306 1296 449 1335 annorum
470 1283 594 1353 semiper
613 1284 693 1338 utin
714 1284 780 1337 aliis
799 1285 898 1337 causis
922 1288 950 1337 et
974 1282 1022 1339 iiic
1047 1296 1115 1338 suc·

145 1369 253 1422 currit.
283 1358 360 1420 53”.ὅ
375 1364 448 1421 Plus
459 1371 554 1420 autem
569 1373 708 1437 quattuor
720 1373 725 1427 t
738 1365 826 1422 modis
839 1367 953 1439 petitur,
968 1360 1033 1437 Τοῦ,
1050 1376 1116 1422 tem·

149 1466 227 1525 pore,
247 1449 321 1519 loco,
342 1464 432 1504 cause.
461 1465 501 1517 re,
524 1449 600 1506 ueiut
615 1455 642 1505 si
661 1454 726 1523 quis
739 1468 799 1522 pro
814 1464 838 1507 Χ
851 1458 857 1512 Ι
872 1449 989 1520 milibus,
1007 1467 1075 1524 quae
1090 1452 1115 1506 ei

149 1534 297 1598 debentur,
320 1550 362 1588 xx
384 1533 455 1589 milia
478 1534 603 1606 petierit,
627 1542 679 1591 uui
702 1537 724 1590 si
741 1539 783 1607 is,
806 1539 890 1592 cuius
907 1550 912 1601 t
929 1551 961 1590 ex
976 1544 1055 1609 parte
1070 1552 1115 1590 res
1130 1550 1185 1602 [sm]

149 1627 238 1690 esset,
260 1626 345 1673 totum
362 1633 419 1672 eum
434 1627 480 1673 aut
496 1619 597 1674 maiore
612 1634 645 1674 ex
665 1629 746 1692 pente
760 1636 843 1676 suurn
859 1623 864 1686 i
881 1636 941 1675 esse
958 1620 1115 1677 intendent.

150 1710 288 1775 ternpore,
302 1704 380 1758 uelut
391 1705 417 1758 si
425 1706 454 1758 in
466 1704 539 1758 diem
551 1706 723 1774 stipulatus!
737 1713 800 1759 ante
810 1707 883 1762 diem
889 1708 1019 1777 petierit.
1040 1708 1115 1776 loco,

150 1791 230 1845 uelut
243 1791 269 1843 si
282 1788 319 1856 id,
335 1789 412 1859 quod
425 1793 505 1844 certo
519 1789 583 1844 loco
599 1781 604 1850 Ι
620 1788 680 1843 deri
695 1790 858 1862 promissum
873 1798 924 1853 est,
940 1789 969 1845 id
984 1792 1115 1846 atiotoco

224 1902 244 1970 1)
255 1904 300 1953 Ex
313 1901 365 1963 W,
376 1903 667 1969 undequaesequuntur
675 1906 729 1954 atio
738 1920 815 1955 sensu
824 1912 983 1969 quamonteo
990 1905 1115 1969 feceram,

149 1978 311 2026 restituenda
321 1982 404 2025 erant.
425 1973 495 2024 Idem
508 1977 575 2024 uolet
586 1976 618 2024 de
630 1982 684 2025 iota
696 1977 720 2037 §-
728 1978 777 2035 52¹,
788 1976 832 2025 ubi
839 1978 917 2026 rnuiio
925 1979 1007 2039 ptura
1017 1974 1114 2025 oStdo

150 2050 217 2097 lecta
230 2055 297 2096 sunt.
326 2046 359 2095 In
373 2046 415 2095 nis
429 2048 531 2096 litteras
545 2061 640 2106 ornnes,
655 2062 720 2111 quoe
735 2049 816 2096 tectae
830 2054 899 2106 sunt,
913 2049 998 2111 ipsus,
1012 2062 1059 2097 eae
1073 2046 1118 2096 ubi

150 2120 281 2182 deficiunt,
295 2119 406 2181 epatium
416 2125 541 2168 accurate
552 2119 664 2176 seruari,
676 2125 816 2181 praeterea
830 2119 862 2167 de
871 2133 949 2167 sensu
958 2120 1117 2169 tantumeot·

150 2192 245 2240 licitus.
267 2189 383 2239 Ceterum
397 2190 573 2253 conceptionem
582 2188 625 2237 die
635 2189 765 2238 dictorum
774 2190 826 2238 uid.
837 2191 865 2238 in
876 2191 900 2251 ξ.
909 2201 943 2241 oe.
995 2184 1017 2253 ¹)
1032 2190 1117 2249 idest,

150 2269 178 2311 ut
186 2276 272 2325 saepe,
287 2267 312 2309 et
324 2259 504 2309 tantummodo.
557 2255 578 2324 8)
588 2258 670 2309 Initio
680 2272 725 2310 ut
742 2275 786 2324 usq
800 2260 858 2309 uelit
873 2256 925 2308 W.
948 2260 1020 2309 Unde
1031 2267 1118 2324 potest

149 2334 226 2383 etiam
232 2333 332 2396 fuisse:
343 2327 383 2379 ‘ut
392 2336 566 2394 consequatur
575 2345 630 2379 eum
641 2325 777 2397 quoiusque
787 2327 866 2379 ueiit'.
887 2330 955 2381 Ante
965 2331 1058 2394 accipie
1073 2327 1119 2379 V¹²

148 2420 198 2468 pro
208 2404 305 2466 occipit.
324 2400 392 2452 Edd.
408 2402 484 2450 etiarn
494 2400 544 2449 Kr.
554 2412 575 2451 e.
591 2406 689 2449 tuntum
699 2400 777 2450 uerba
792 2404 859 2451 tecta
873 2409 898 2451 et
912 2403 939 2451 in
950 2403 1003 2465 fine
1021 2399 1024 2469 i
1041 2417 1116 2465 usque

150 2476 208 2523 uelit
226 2473 326 2523 hadent.
382 2467 405 2535 ⁴)
424 2470 494 2531 Quae
509 2472 575 2521 tecta
588 2478 657 2530 sunt,
671 2487 706 2521 ex
723 2468 768 2519 Vnt
778 2474 910 2536 praestiti,
925 2475 953 2522 in
968 2488 1017 2536 quo
1032 2480 1116 2521 iernen

150 2552 227 2595 antea
234 2544 384 2604 estintegr03
395 2541 419 2590 it.
426 2543 573 2605 tscrtptum
579 2542 665 2605 fuisse
674 2544 755 2593 statui
764 2543 804 2607 qb.
813 2558 896 2593 omnes
906 2546 973 2594 actui
982 2559 1018 2606 pr.
1028 2545 1044 2605 ᾗ
1053 2544 1117 2607 pati-

150 2623 196 2665 tur.
212 2613 356 2679 Exquibus
364 2629 420 2662 eum
428 2620 563 2677 appareat,
575 2612 740 2677 Heopditum
748 2616 775 2663 in
783 2614 848 2665 lust.
857 2614 941 2667 Instit.
948 2615 1015 2664 duas
1022 2630 1116 2664 causas

151 2688 178 2736 in
193 2688 321 2749 inteprum
330 2685 503 2733 restitutionis
513 2686 617 2735 inverso
627 2686 720 2735 ordine
730 2688 860 2744 retulisse,
874 2688 901 2735 in
914 2685 975 2735 Gaii
984 2685 1048 2734 Inst,
1054 2692 1117 2749 post

150 2758 215 2807 daec
229 2763 406 2807 v.11.eto.1n,
420 2756 535 2819 priorem
548 2757 636 2819 spatii,
652 2758 798 2805 litterarum
812 2759 973 2822 reliquarum
987 2764 1012 2805 et
1023 2769 1116 2804 sensus

150 2830 253 2878 ratione
271 2826 373 2884 dubita,
391 2828 430 2877 sic
448 2827 520 2890 fere,
540 2834 568 2876 ut
582 2843 651 2877 nunc
662 2827 730 2890 feci,
748 2829 853 2876 restitui
867 2843 945 2892 posse
959 2826 1115 2877 existimaui.

152 2897 174 2966 ⁶)
185 2898 271 2948 Etiam
281 2900 308 2947 in
318 2898 376 2958 itae,
387 2914 462 2963 quarn
468 2899 525 2961 feci
534 2900 567 2959 ἕ,
574 2900 656 2961 plura
663 2905 689 2947 et
695 2899 811 2947 certiora
822 2914 901 2964 usque
910 2900 947 2949 ud
952 2901 1029 2963 finem
1034 2912 1062 2961 p.
1070 2908 1118 2949 too.

150 2972 223 3021 dedit
236 2965 289 3031 Vnt,
303 2985 353 3034 quo
364 2969 520 3032 factumest,
535 2976 563 3018 ut
571 2971 755 3032 supplemento,
770 2985 836 3033 quae
848 2977 926 3020 anteo
934 2984 1026 3020 sensus
1035 2983 1117 3019 eausa

151 3044 262 3093 maxime
284 3041 348 3091 lust.
368 3040 561 3091 Institutionum
581 3055 629 3104 ope
653 3042 867 3107 informaverurm
886 3044 969 3106 paulo
993 3040 1117 3090 mutanda

150 3121 241 3166 essent.
263 3111 355 3173 Quoad
368 3111 445 3163 uerba
460 3112 570 3160 maxime
585 3112 682 3160 incerti
694 3119 755 3162 sunt
768 3128 789 3164 o.
804 3123 830 3163 19
844 3119 869 3162 et
882 3123 916 3163 se
968 3109 990 3178 ⁸)
1005 3127 1045 3161 res
1064 3105 1117 3161 W.

223 3217 247 3289 §-
262 3222 304 3272 53.
326 3219 364 3282 Cf.
379 3220 419 3281 §i-
434 3228 467 3268 so.
481 3228 516 3269 oe.
530 3229 577 3268 1³1.
596 3219 619 3279 ξ.
635 3229 668 3269 so.
693 3218 716 3270 Ι.
730 3220 763 3268 de
777 3224 827 3268 aet.
843 3216 879 3284 (t,
893 3216 925 3285 s).
951 3219 1027 3267 Pani.
1042 3230 1067 3280 1,
1082 3227 1116 3268 to.

150 3294 174 3355 §-
190 3305 209 3343 1.
232 3291 343 3341 Consult.
357 3300 408 3350 itt.
428 3289 460 3337 L.
471 3300 483 3338 1
494 3290 540 3352 fin.
559 3289 590 3339 D.
605 3290 709 3353 quondo
724 3291 780 3339 dies
794 3289 892 3353 ususfr.
904 3289 977 3354 (1,.9).
999 3289 1043 3338 di.
1059 3288 1117 3339 Vat.

150 3374 184 3416 ts.
200 3375 234 3415 59.
255 3362 341 3410 Ptaut.
358 3358 435 3410 Most.
450 3371 471 3421 9,
486 3373 505 3411 1.
522 3376 544 3408 u.
560 3371 607 3410 141.
629 3360 862 3423 diadumeno.
881 3362 905 3422 §-
916 3372 950 3413 tt.
970 3362 1002 3410 de
1016 3367 1084 3411 orat.
1096 3370 1117 3421 1,

151 3446 186 3486 99.
200 3435 239 3496 55.
251 3444 289 3483 too
299 3445 351 3495 seq.
366 3436 432 3480 orat.
442 3438 512 3493 part.
523 3442 557 3481 so.
568 3432 590 3492 5.
601 3442 635 3482 99.
650 3446 703 3495 pro
717 3430 793 3482 Boeo.
811 3430 876 3482 Corn.
887 3444 908 3483 t.
923 3434 946 3493 θ.
958 3443 991 3481 11.
1011 3430 1117 3481 Suetou.

155 3504 243 3554 Ctuud.
257 3514 291 3552 14.
315 3500 420 3560 Quintil.
435 3500 458 3550 Ι.
477 3500 504 3551 0.
519 3512 541 3563 s,
555 3513 576 3552 o.
596 3502 619 3563 ἓ.
634 3512 669 3553 99.
690 3500 780 3552 Senes.
794 3514 836 3562 ep.
850 3514 886 3554 99.
901 3504 924 3565 §-
940 3514 974 3553 1ο.
996 3501 1062 3553 Fest.
1077 3516 1118 3565 ep.

151 3591 174 3624 u.
190 3574 259 3623 Litis
269 3588 297 3636 p.
313 3583 360 3622 116.
